[
  {
    "date": "2025-06-30",
    "symbol": "PTC",
    "reportedCurrency": "USD",
    "cik": "0000857005",
    "fillingDate": "2025-07-31",
    "acceptedDate": "2025-07-31 16:03:30",
    "calendarYear": "2025",
    "period": "Q3",
    "revenue": 643937000,
    "costOfRevenue": 110025000,
    "grossProfit": 533912000,
    "grossProfitRatio": 0.8291370119,
    "researchAndDevelopmentExpenses": 116647000,
    "generalAndAdministrativeExpenses": 54145000,
    "sellingAndMarketingExpenses": 141756000,
    "sellingGeneralAndAdministrativeExpenses": 195901000,
    "otherExpenses": 11536000,
    "operatingExpenses": 324084000,
    "costAndExpenses": 434109000,
    "interestIncome": 0,
    "interestExpense": 18404000,
    "depreciationAndAmortization": 33834000,
    "ebitda": 245914000,
    "ebitdaratio": 0.3818913962,
    "operatingIncome": 209828000,
    "operatingIncomeRatio": 0.3258517526,
    "totalOtherIncomeExpensesNet": -16152000,
    "incomeBeforeTax": 193676000,
    "incomeBeforeTaxRatio": 0.3007685534,
    "incomeTaxExpense": 52348000,
    "netIncome": 141328000,
    "netIncomeRatio": 0.2194748865,
    "eps": 1.18,
    "epsdiluted": 1.17,
    "weightedAverageShsOut": 119913000,
    "weightedAverageShsOutDil": 120461000,
    "link": "https://www.sec.gov/Archives/edgar/data/857005/000095017025100879/0000950170-25-100879-index.htm",
    "finalLink": "https://www.sec.gov/Archives/edgar/data/857005/000095017025100879/ptc-20250630.htm"
  },
  {
    "date": "2025-03-31",
    "symbol": "PTC",
    "reportedCurrency": "USD",
    "cik": "0000857005",
    "fillingDate": "2025-05-01",
    "acceptedDate": "2025-05-01 16:01:50",
    "calendarYear": "2025",
    "period": "Q2",
    "revenue": 636366000,
    "costOfRevenue": 106262000,
    "grossProfit": 530104000,
    "grossProfitRatio": 0.8330174774,
    "researchAndDevelopmentExpenses": 111023000,
    "generalAndAdministrativeExpenses": 54993000,
    "sellingAndMarketingExpenses": 125031000,
    "sellingGeneralAndAdministrativeExpenses": 180024000,
    "otherExpenses": 15593000,
    "operatingExpenses": 306640000,
    "costAndExpenses": 412902000,
    "interestIncome": 800000,
    "interestExpense": 19606000,
    "depreciationAndAmortization": 33677000,
    "ebitda": 258532000,
    "ebitdaratio": 0.4062630625,
    "operatingIncome": 223464000,
    "operatingIncomeRatio": 0.35115641,
    "totalOtherIncomeExpensesNet": -18215000,
    "incomeBeforeTax": 205249000,
    "incomeBeforeTaxRatio": 0.3225329449,
    "incomeTaxExpense": 42605000,
    "netIncome": 162644000,
    "netIncomeRatio": 0.2555824793,
    "eps": 1.35,
    "epsdiluted": 1.35,
    "weightedAverageShsOut": 120177000,
    "weightedAverageShsOutDil": 120854000,
    "link": "https://www.sec.gov/Archives/edgar/data/857005/000095017025061801/0000950170-25-061801-index.htm",
    "finalLink": "https://www.sec.gov/Archives/edgar/data/857005/000095017025061801/ptc-20250331.htm"
  },
  {
    "date": "2024-12-31",
    "symbol": "PTC",
    "reportedCurrency": "USD",
    "cik": "0000857005",
    "fillingDate": "2025-02-06",
    "acceptedDate": "2025-02-06 17:18:17",
    "calendarYear": "2025",
    "period": "Q1",
    "revenue": 565128000,
    "costOfRevenue": 111797000,
    "grossProfit": 453331000,
    "grossProfitRatio": 0.8021740208,
    "researchAndDevelopmentExpenses": 115516000,
    "generalAndAdministrativeExpenses": 53319000,
    "sellingAndMarketingExpenses": 157532000,
    "sellingGeneralAndAdministrativeExpenses": 210851000,
    "otherExpenses": 11440000,
    "operatingExpenses": 326167000,
    "costAndExpenses": 449604000,
    "interestIncome": 900000,
    "interestExpense": 22048000,
    "depreciationAndAmortization": 33751000,
    "ebitda": 148953000,
    "ebitdaratio": 0.263573916,
    "operatingIncome": 115524000,
    "operatingIncomeRatio": 0.2044209453,
    "totalOtherIncomeExpensesNet": -22370000,
    "incomeBeforeTax": 93154000,
    "incomeBeforeTaxRatio": 0.1648369927,
    "incomeTaxExpense": 10922000,
    "netIncome": 82232000,
    "netIncomeRatio": 0.1455103976,
    "eps": 0.68,
    "epsdiluted": 0.68,
    "weightedAverageShsOut": 120243000,
    "weightedAverageShsOutDil": 121145000,
    "link": "https://www.sec.gov/Archives/edgar/data/857005/000095017025015530/0000950170-25-015530-index.htm",
    "finalLink": "https://www.sec.gov/Archives/edgar/data/857005/000095017025015530/ptc-20241231.htm"
  },
  {
    "date": "2024-09-30",
    "symbol": "PTC",
    "reportedCurrency": "USD",
    "cik": "0000857005",
    "fillingDate": "2024-11-14",
    "acceptedDate": "2024-11-14 17:27:14",
    "calendarYear": "2024",
    "period": "Q4",
    "revenue": 626547000,
    "costOfRevenue": 112825000,
    "grossProfit": 513722000,
    "grossProfitRatio": 0.8199257199,
    "researchAndDevelopmentExpenses": 110013000,
    "generalAndAdministrativeExpenses": 51986000,
    "sellingAndMarketingExpenses": 147191000,
    "sellingGeneralAndAdministrativeExpenses": 199177000,
    "otherExpenses": 10559000,
    "operatingExpenses": 319749000,
    "costAndExpenses": 432574000,
    "interestIncome": 4400000,
    "interestExpense": 24948000,
    "depreciationAndAmortization": 36992000,
    "ebitda": 207237000,
    "ebitdaratio": 0.3307605016,
    "operatingIncome": 193973000,
    "operatingIncomeRatio": 0.3095905016,
    "totalOtherIncomeExpensesNet": -23728000,
    "incomeBeforeTax": 170245000,
    "incomeBeforeTaxRatio": 0.27171944,
    "incomeTaxExpense": 43722000,
    "netIncome": 126523000,
    "netIncomeRatio": 0.2019369656,
    "eps": 1.06,
    "epsdiluted": 1.05,
    "weightedAverageShsOut": 119679000,
    "weightedAverageShsOutDil": 120742000,
    "link": "https://www.sec.gov/Archives/edgar/data/857005/000095017024127231/0000950170-24-127231-index.htm",
    "finalLink": "https://www.sec.gov/Archives/edgar/data/857005/000095017024127231/ptc-20240930.htm"
  },
  {
    "date": "2024-06-30",
    "symbol": "PTC",
    "reportedCurrency": "USD",
    "cik": "0000857005",
    "fillingDate": "2024-08-02",
    "acceptedDate": "2024-08-02 16:15:28",
    "calendarYear": "2024",
    "period": "Q3",
    "revenue": 518639000,
    "costOfRevenue": 122588000,
    "grossProfit": 396051000,
    "grossProfitRatio": 0.7636352068,
    "researchAndDevelopmentExpenses": 110253000,
    "generalAndAdministrativeExpenses": 49659000,
    "sellingAndMarketingExpenses": 140318000,
    "sellingGeneralAndAdministrativeExpenses": 189777000,
    "otherExpenses": -663000,
    "operatingExpenses": 300030000,
    "costAndExpenses": 422618000,
    "interestIncome": 0,
    "interestExpense": 27785000,
    "depreciationAndAmortization": 34812000,
    "ebitda": 130833000,
    "ebitdaratio": 0.2522621708,
    "operatingIncome": 96021000,
    "operatingIncomeRatio": 0.1851403385,
    "totalOtherIncomeExpensesNet": -28648000,
    "incomeBeforeTax": 67373000,
    "incomeBeforeTaxRatio": 0.1299034589,
    "incomeTaxExpense": -1605000,
    "netIncome": 68978000,
    "netIncomeRatio": 0.1329980969,
    "eps": 0.58,
    "epsdiluted": 0.57,
    "weightedAverageShsOut": 119893000,
    "weightedAverageShsOutDil": 120822000,
    "link": "https://www.sec.gov/Archives/edgar/data/857005/000095017024089978/0000950170-24-089978-index.htm",
    "finalLink": "https://www.sec.gov/Archives/edgar/data/857005/000095017024089978/ptc-20240630.htm"
  },
  {
    "date": "2024-03-31",
    "symbol": "PTC",
    "reportedCurrency": "USD",
    "cik": "0000857005",
    "fillingDate": "2024-05-03",
    "acceptedDate": "2024-05-03 16:01:46",
    "calendarYear": "2024",
    "period": "Q2",
    "revenue": 603072000,
    "costOfRevenue": 120479000,
    "grossProfit": 482593000,
    "grossProfitRatio": 0.8002245171,
    "researchAndDevelopmentExpenses": 106998000,
    "generalAndAdministrativeExpenses": 61526000,
    "sellingAndMarketingExpenses": 134521000,
    "sellingGeneralAndAdministrativeExpenses": 195747000,
    "otherExpenses": -2224000,
    "operatingExpenses": 302745000,
    "costAndExpenses": 423224000,
    "interestIncome": 0,
    "interestExpense": 31586000,
    "depreciationAndAmortization": 34657000,
    "ebitda": 214505000,
    "ebitdaratio": 0.3556872148,
    "operatingIncome": 179848000,
    "operatingIncomeRatio": 0.2982197814,
    "totalOtherIncomeExpensesNet": -33810000,
    "incomeBeforeTax": 145745000,
    "incomeBeforeTaxRatio": 0.2416709779,
    "incomeTaxExpense": 31300000,
    "netIncome": 114445000,
    "netIncomeRatio": 0.189770044,
    "eps": 0.96,
    "epsdiluted": 0.95,
    "weightedAverageShsOut": 119587000,
    "weightedAverageShsOutDil": 120712000,
    "link": "https://www.sec.gov/Archives/edgar/data/857005/000095017024052860/0000950170-24-052860-index.htm",
    "finalLink": "https://www.sec.gov/Archives/edgar/data/857005/000095017024052860/ptc-20240331.htm"
  },
  {
    "date": "2023-12-31",
    "symbol": "PTC",
    "reportedCurrency": "USD",
    "cik": "0000857005",
    "fillingDate": "2024-02-02",
    "acceptedDate": "2024-02-02 16:24:00",
    "calendarYear": "2024",
    "period": "Q1",
    "revenue": 550214000,
    "costOfRevenue": 110020000,
    "grossProfit": 440194000,
    "grossProfitRatio": 0.8000414384,
    "researchAndDevelopmentExpenses": 105783000,
    "generalAndAdministrativeExpenses": 69206000,
    "sellingAndMarketingExpenses": 136924000,
    "sellingGeneralAndAdministrativeExpenses": 206130000,
    "otherExpenses": 2220000,
    "operatingExpenses": 322276000,
    "costAndExpenses": 432296000,
    "interestIncome": 1300000,
    "interestExpense": 35334000,
    "depreciationAndAmortization": 34946000,
    "ebitda": 155879000,
    "ebitdaratio": 0.2833061318,
    "operatingIncome": 118713000,
    "operatingIncomeRatio": 0.2157578688,
    "totalOtherIncomeExpensesNet": -33114000,
    "incomeBeforeTax": 85599000,
    "incomeBeforeTaxRatio": 0.155574013,
    "incomeTaxExpense": 19212000,
    "netIncome": 66387000,
    "netIncomeRatio": 0.1206566899,
    "eps": 0.56,
    "epsdiluted": 0.55,
    "weightedAverageShsOut": 119124000,
    "weightedAverageShsOutDil": 120250000,
    "link": "https://www.sec.gov/Archives/edgar/data/857005/000095017024010527/0000950170-24-010527-index.htm",
    "finalLink": "https://www.sec.gov/Archives/edgar/data/857005/000095017024010527/ptc-20231231.htm"
  },
  {
    "date": "2023-09-30",
    "symbol": "PTC",
    "reportedCurrency": "USD",
    "cik": "0000857005",
    "fillingDate": "2023-11-20",
    "acceptedDate": "2023-11-17 18:09:10",
    "calendarYear": "2023",
    "period": "Q4",
    "revenue": 546620000,
    "costOfRevenue": 115856000,
    "grossProfit": 430764000,
    "grossProfitRatio": 0.7880501994,
    "researchAndDevelopmentExpenses": 102025000,
    "generalAndAdministrativeExpenses": 59567000,
    "sellingAndMarketingExpenses": 137452000,
    "sellingGeneralAndAdministrativeExpenses": 197019000,
    "otherExpenses": -32587000,
    "operatingExpenses": 309714000,
    "costAndExpenses": 425570000,
    "interestIncome": 1500000,
    "interestExpense": 35698000,
    "depreciationAndAmortization": 35514000,
    "ebitda": 159759000,
    "ebitdaratio": 0.2922670228,
    "operatingIncome": 121134000,
    "operatingIncomeRatio": 0.2216055029,
    "totalOtherIncomeExpensesNet": -32587000,
    "incomeBeforeTax": 88547000,
    "incomeBeforeTaxRatio": 0.1619900479,
    "incomeTaxExpense": 42944000,
    "netIncome": 45603000,
    "netIncomeRatio": 0.0834272438,
    "eps": 0.38,
    "epsdiluted": 0.38,
    "weightedAverageShsOut": 118803000,
    "weightedAverageShsOutDil": 120112000,
    "link": "https://www.sec.gov/Archives/edgar/data/857005/000095012323011049/0000950123-23-011049-index.htm",
    "finalLink": "https://www.sec.gov/Archives/edgar/data/857005/000095012323011049/ptc-20230930.htm"
  },
  {
    "date": "2023-06-30",
    "symbol": "PTC",
    "reportedCurrency": "USD",
    "cik": "0000857005",
    "fillingDate": "2023-08-04",
    "acceptedDate": "2023-08-04 16:00:58",
    "calendarYear": "2023",
    "period": "Q3",
    "revenue": 542342000,
    "costOfRevenue": 115854000,
    "grossProfit": 426488000,
    "grossProfitRatio": 0.7863820246,
    "researchAndDevelopmentExpenses": 103819000,
    "generalAndAdministrativeExpenses": 57055000,
    "sellingAndMarketingExpenses": 145083000,
    "sellingGeneralAndAdministrativeExpenses": 202138000,
    "otherExpenses": -33374000,
    "operatingExpenses": 316627000,
    "costAndExpenses": 432481000,
    "interestIncome": 0,
    "interestExpense": 35836000,
    "depreciationAndAmortization": 36047000,
    "ebitda": 148409000,
    "ebitdaratio": 0.2736446744,
    "operatingIncome": 109900000,
    "operatingIncomeRatio": 0.2026396628,
    "totalOtherIncomeExpensesNet": -33374000,
    "incomeBeforeTax": 76526000,
    "incomeBeforeTaxRatio": 0.1411028465,
    "incomeTaxExpense": 15128000,
    "netIncome": 61398000,
    "netIncomeRatio": 0.1132090083,
    "eps": 0.52,
    "epsdiluted": 0.51,
    "weightedAverageShsOut": 118483000,
    "weightedAverageShsOutDil": 119392000,
    "link": "https://www.sec.gov/Archives/edgar/data/857005/000095017023038543/0000950170-23-038543-index.htm",
    "finalLink": "https://www.sec.gov/Archives/edgar/data/857005/000095017023038543/ptc-20230630.htm"
  },
  {
    "date": "2023-03-31",
    "symbol": "PTC",
    "reportedCurrency": "USD",
    "cik": "0000857005",
    "fillingDate": "2023-05-03",
    "acceptedDate": "2023-05-03 16:10:24",
    "calendarYear": "2023",
    "period": "Q2",
    "revenue": 542181000,
    "costOfRevenue": 113506000,
    "grossProfit": 428675000,
    "grossProfitRatio": 0.7906492481,
    "researchAndDevelopmentExpenses": 100349000,
    "generalAndAdministrativeExpenses": 65923000,
    "sellingAndMarketingExpenses": 129207000,
    "sellingGeneralAndAdministrativeExpenses": 195130000,
    "otherExpenses": 10656000,
    "operatingExpenses": 306135000,
    "costAndExpenses": 419641000,
    "interestIncome": 0,
    "interestExpense": 41525000,
    "depreciationAndAmortization": 36219000,
    "ebitda": 158813000,
    "ebitdaratio": 0.2929150966,
    "operatingIncome": 122539000,
    "operatingIncomeRatio": 0.2260112398,
    "totalOtherIncomeExpensesNet": -41470000,
    "incomeBeforeTax": 81069000,
    "incomeBeforeTaxRatio": 0.1495238675,
    "incomeTaxExpense": 17565000,
    "netIncome": 63504000,
    "netIncomeRatio": 0.1171269373,
    "eps": 0.54,
    "epsdiluted": 0.53,
    "weightedAverageShsOut": 118260000,
    "weightedAverageShsOutDil": 119041000,
    "link": "https://www.sec.gov/Archives/edgar/data/857005/000095017023017177/0000950170-23-017177-index.htm",
    "finalLink": "https://www.sec.gov/Archives/edgar/data/857005/000095017023017177/ptc-20230331.htm"
  },
  {
    "date": "2022-12-31",
    "symbol": "PTC",
    "reportedCurrency": "USD",
    "cik": "0000857005",
    "fillingDate": "2023-02-09",
    "acceptedDate": "2023-02-09 16:10:46",
    "calendarYear": "2023",
    "period": "Q1",
    "revenue": 465910000,
    "costOfRevenue": 95790000,
    "grossProfit": 370120000,
    "grossProfitRatio": 0.7944023524,
    "researchAndDevelopmentExpenses": 88177000,
    "generalAndAdministrativeExpenses": 50971000,
    "sellingAndMarketingExpenses": 118383000,
    "sellingGeneralAndAdministrativeExpenses": 169354000,
    "otherExpenses": 8026000,
    "operatingExpenses": 265557000,
    "costAndExpenses": 361347000,
    "interestIncome": 0,
    "interestExpense": 16358000,
    "depreciationAndAmortization": 29382000,
    "ebitda": 132164000,
    "ebitdaratio": 0.2836685197,
    "operatingIncome": 104901000,
    "operatingIncomeRatio": 0.2251529265,
    "totalOtherIncomeExpensesNet": -18477000,
    "incomeBeforeTax": 86424000,
    "incomeBeforeTaxRatio": 0.1854950527,
    "incomeTaxExpense": 11389000,
    "netIncome": 75035000,
    "netIncomeRatio": 0.1610504175,
    "eps": 0.64,
    "epsdiluted": 0.63,
    "weightedAverageShsOut": 117819000,
    "weightedAverageShsOutDil": 118788000,
    "link": "https://www.sec.gov/Archives/edgar/data/857005/000095017023002335/0000950170-23-002335-index.htm",
    "finalLink": "https://www.sec.gov/Archives/edgar/data/857005/000095017023002335/ptc-20221231.htm"
  },
  {
    "date": "2022-09-30",
    "symbol": "PTC",
    "reportedCurrency": "USD",
    "cik": "0000857005",
    "fillingDate": "2022-11-15",
    "acceptedDate": "2022-11-15 17:30:05",
    "calendarYear": "2022",
    "period": "Q4",
    "revenue": 507925000,
    "costOfRevenue": 95530000,
    "grossProfit": 412395000,
    "grossProfitRatio": 0.8119210513,
    "researchAndDevelopmentExpenses": 88183000,
    "generalAndAdministrativeExpenses": 50705000,
    "sellingAndMarketingExpenses": 119038000,
    "sellingGeneralAndAdministrativeExpenses": 169743000,
    "otherExpenses": 9105000,
    "operatingExpenses": 267031000,
    "costAndExpenses": 362561000,
    "interestIncome": 900000,
    "interestExpense": 15285000,
    "depreciationAndAmortization": 30436000,
    "ebitda": 183099000,
    "ebitdaratio": 0.3604843235,
    "operatingIncome": 146017000,
    "operatingIncomeRatio": 0.2874774819,
    "totalOtherIncomeExpensesNet": -8639000,
    "incomeBeforeTax": 137378000,
    "incomeBeforeTaxRatio": 0.2704690653,
    "incomeTaxExpense": 30541000,
    "netIncome": 106837000,
    "netIncomeRatio": 0.2103401093,
    "eps": 0.91,
    "epsdiluted": 0.9,
    "weightedAverageShsOut": 117431000,
    "weightedAverageShsOutDil": 118634000,
    "link": "https://www.sec.gov/Archives/edgar/data/857005/000095017022025211/0000950170-22-025211-index.htm",
    "finalLink": "https://www.sec.gov/Archives/edgar/data/857005/000095017022025211/ptc-20220930.htm"
  },
  {
    "date": "2022-06-30",
    "symbol": "PTC",
    "reportedCurrency": "USD",
    "cik": "0000857005",
    "fillingDate": "2022-08-05",
    "acceptedDate": "2022-08-05 16:14:42",
    "calendarYear": "2022",
    "period": "Q3",
    "revenue": 462474000,
    "costOfRevenue": 101995000,
    "grossProfit": 360479000,
    "grossProfitRatio": 0.7794578722,
    "researchAndDevelopmentExpenses": 88170000,
    "generalAndAdministrativeExpenses": 54618000,
    "sellingAndMarketingExpenses": 124325000,
    "sellingGeneralAndAdministrativeExpenses": 178943000,
    "otherExpenses": 8931000,
    "operatingExpenses": 276044000,
    "costAndExpenses": 378039000,
    "interestIncome": 0,
    "interestExpense": 13758000,
    "depreciationAndAmortization": 30601000,
    "ebitda": 145137000,
    "ebitdaratio": 0.3138273719,
    "operatingIncome": 79977000,
    "operatingIncomeRatio": 0.1729329649,
    "totalOtherIncomeExpensesNet": 20801000,
    "incomeBeforeTax": 100778000,
    "incomeBeforeTaxRatio": 0.2179106285,
    "incomeTaxExpense": 30302000,
    "netIncome": 70476000,
    "netIncomeRatio": 0.1523891073,
    "eps": 0.6,
    "epsdiluted": 0.6,
    "weightedAverageShsOut": 117073000,
    "weightedAverageShsOutDil": 117968000,
    "link": "https://www.sec.gov/Archives/edgar/data/857005/000095017022015127/0000950170-22-015127-index.htm",
    "finalLink": "https://www.sec.gov/Archives/edgar/data/857005/000095017022015127/ptc-20220630.htm"
  },
  {
    "date": "2022-03-31",
    "symbol": "PTC",
    "reportedCurrency": "USD",
    "cik": "0000857005",
    "fillingDate": "2022-05-05",
    "acceptedDate": "2022-05-05 16:43:47",
    "calendarYear": "2022",
    "period": "Q2",
    "revenue": 505227000,
    "costOfRevenue": 93337000,
    "grossProfit": 411890000,
    "grossProfitRatio": 0.8152573002,
    "researchAndDevelopmentExpenses": 81935000,
    "generalAndAdministrativeExpenses": 47469000,
    "sellingAndMarketingExpenses": 116408000,
    "sellingGeneralAndAdministrativeExpenses": 163877000,
    "otherExpenses": 8450000,
    "operatingExpenses": 254262000,
    "costAndExpenses": 347599000,
    "interestIncome": 0,
    "interestExpense": 12239000,
    "depreciationAndAmortization": 30056000,
    "ebitda": 145861000,
    "ebitdaratio": 0.2887038895,
    "operatingIncome": 159190000,
    "operatingIncomeRatio": 0.31508609,
    "totalOtherIncomeExpensesNet": -55624000,
    "incomeBeforeTax": 103566000,
    "incomeBeforeTaxRatio": 0.2049890445,
    "incomeTaxExpense": 13887000,
    "netIncome": 89679000,
    "netIncomeRatio": 0.17750239,
    "eps": 0.77,
    "epsdiluted": 0.76,
    "weightedAverageShsOut": 117008000,
    "weightedAverageShsOutDil": 117811000,
    "link": "https://www.sec.gov/Archives/edgar/data/857005/000156459022018300/0001564590-22-018300-index.htm",
    "finalLink": "https://www.sec.gov/Archives/edgar/data/857005/000156459022018300/ptc-10q_20220331.htm"
  },
  {
    "date": "2021-12-31",
    "symbol": "PTC",
    "reportedCurrency": "USD",
    "cik": "0000857005",
    "fillingDate": "2022-02-07",
    "acceptedDate": "2022-02-04 18:10:44",
    "calendarYear": "2022",
    "period": "Q1",
    "revenue": 457721000,
    "costOfRevenue": 95118000,
    "grossProfit": 362603000,
    "grossProfitRatio": 0.7921921869,
    "researchAndDevelopmentExpenses": 80534000,
    "generalAndAdministrativeExpenses": 51940000,
    "sellingAndMarketingExpenses": 125476000,
    "sellingGeneralAndAdministrativeExpenses": 177416000,
    "otherExpenses": -6802000,
    "operatingExpenses": 266434000,
    "costAndExpenses": 361552000,
    "interestIncome": 0,
    "interestExpense": 12986000,
    "depreciationAndAmortization": 30948000,
    "ebitda": 99310000,
    "ebitdaratio": 0.2169662305,
    "operatingIncome": 62178000,
    "operatingIncomeRatio": 0.1358425766,
    "totalOtherIncomeExpensesNet": -6802000,
    "incomeBeforeTax": 55376000,
    "incomeBeforeTaxRatio": 0.1209819956,
    "incomeTaxExpense": 9287000,
    "netIncome": 46089000,
    "netIncomeRatio": 0.1006923432,
    "eps": 0.39,
    "epsdiluted": 0.39,
    "weightedAverageShsOut": 117347000,
    "weightedAverageShsOutDil": 118598000,
    "link": "https://www.sec.gov/Archives/edgar/data/857005/000156459022003975/0001564590-22-003975-index.htm",
    "finalLink": "https://www.sec.gov/Archives/edgar/data/857005/000156459022003975/ptc-10q_20211231.htm"
  },
  {
    "date": "2021-09-30",
    "symbol": "PTC",
    "reportedCurrency": "USD",
    "cik": "0000857005",
    "fillingDate": "2021-11-22",
    "acceptedDate": "2021-11-19 20:10:15",
    "calendarYear": "2021",
    "period": "Q4",
    "revenue": 480656000,
    "costOfRevenue": 99748000,
    "grossProfit": 380908000,
    "grossProfitRatio": 0.7924752838,
    "researchAndDevelopmentExpenses": 78403000,
    "generalAndAdministrativeExpenses": 48589000,
    "sellingAndMarketingExpenses": 129464000,
    "sellingGeneralAndAdministrativeExpenses": 178053000,
    "otherExpenses": 54385000,
    "operatingExpenses": 264144000,
    "costAndExpenses": 363892000,
    "interestIncome": 1800000,
    "interestExpense": 12856000,
    "depreciationAndAmortization": 31833000,
    "ebitda": 214211000,
    "ebitdaratio": 0.4456638427,
    "operatingIncome": 115137000,
    "operatingIncomeRatio": 0.2395413768,
    "totalOtherIncomeExpensesNet": 54385000,
    "incomeBeforeTax": 169522000,
    "incomeBeforeTaxRatio": 0.3526888253,
    "incomeTaxExpense": -123421000,
    "netIncome": 292943000,
    "netIncomeRatio": 0.6094649812,
    "eps": 2.5,
    "epsdiluted": 2.46,
    "weightedAverageShsOut": 117230000,
    "weightedAverageShsOutDil": 118921000,
    "link": "https://www.sec.gov/Archives/edgar/data/857005/000156459021057806/0001564590-21-057806-index.htm",
    "finalLink": "https://www.sec.gov/Archives/edgar/data/857005/000156459021057806/ptc-10k_20210930.htm"
  },
  {
    "date": "2021-06-30",
    "symbol": "PTC",
    "reportedCurrency": "USD",
    "cik": "0000857005",
    "fillingDate": "2021-08-03",
    "acceptedDate": "2021-08-03 16:02:34",
    "calendarYear": "2021",
    "period": "Q3",
    "revenue": 435668000,
    "costOfRevenue": 95077000,
    "grossProfit": 340591000,
    "grossProfitRatio": 0.7817673091,
    "researchAndDevelopmentExpenses": 78134000,
    "generalAndAdministrativeExpenses": 47084000,
    "sellingAndMarketingExpenses": 134412000,
    "sellingGeneralAndAdministrativeExpenses": 181496000,
    "otherExpenses": -15113000,
    "operatingExpenses": 267141000,
    "costAndExpenses": 362218000,
    "interestIncome": 0,
    "interestExpense": 13178000,
    "depreciationAndAmortization": 31576000,
    "ebitda": 103223000,
    "ebitdaratio": 0.2369304149,
    "operatingIncome": 73582000,
    "operatingIncomeRatio": 0.1688946629,
    "totalOtherIncomeExpensesNet": -15113000,
    "incomeBeforeTax": 58469000,
    "incomeBeforeTaxRatio": 0.1342054041,
    "incomeTaxExpense": 7266000,
    "netIncome": 51203000,
    "netIncomeRatio": 0.1175275669,
    "eps": 0.44,
    "epsdiluted": 0.43,
    "weightedAverageShsOut": 116934000,
    "weightedAverageShsOutDil": 118611000,
    "link": "https://www.sec.gov/Archives/edgar/data/857005/000156459021040209/0001564590-21-040209-index.htm",
    "finalLink": "https://www.sec.gov/Archives/edgar/data/857005/000156459021040209/ptc-10q_20210630.htm"
  },
  {
    "date": "2021-03-31",
    "symbol": "PTC",
    "reportedCurrency": "USD",
    "cik": "0000857005",
    "fillingDate": "2021-05-04",
    "acceptedDate": "2021-05-04 16:05:43",
    "calendarYear": "2021",
    "period": "Q2",
    "revenue": 461785000,
    "costOfRevenue": 89448000,
    "grossProfit": 372337000,
    "grossProfitRatio": 0.8062994684,
    "researchAndDevelopmentExpenses": 72545000,
    "generalAndAdministrativeExpenses": 60805000,
    "sellingAndMarketingExpenses": 129178000,
    "sellingGeneralAndAdministrativeExpenses": 189983000,
    "otherExpenses": -15333000,
    "operatingExpenses": 270178000,
    "costAndExpenses": 359626000,
    "interestIncome": 0,
    "interestExpense": 12925000,
    "depreciationAndAmortization": 30899000,
    "ebitda": 130181000,
    "ebitdaratio": 0.2819082473,
    "operatingIncome": 101690000,
    "operatingIncomeRatio": 0.2202107041,
    "totalOtherIncomeExpensesNet": -15333000,
    "incomeBeforeTax": 86357000,
    "incomeBeforeTaxRatio": 0.1870069405,
    "incomeTaxExpense": -22905000,
    "netIncome": 109262000,
    "netIncomeRatio": 0.2366079453,
    "eps": 0.94,
    "epsdiluted": 0.92,
    "weightedAverageShsOut": 116777000,
    "weightedAverageShsOutDil": 118331000,
    "link": "https://www.sec.gov/Archives/edgar/data/857005/000156459021023320/0001564590-21-023320-index.htm",
    "finalLink": "https://www.sec.gov/Archives/edgar/data/857005/000156459021023320/ptc-10q_20210331.htm"
  },
  {
    "date": "2020-12-31",
    "symbol": "PTC",
    "reportedCurrency": "USD",
    "cik": "0000857005",
    "fillingDate": "2021-02-04",
    "acceptedDate": "2021-02-04 16:01:44",
    "calendarYear": "2021",
    "period": "Q1",
    "revenue": 429050000,
    "costOfRevenue": 86830000,
    "grossProfit": 342220000,
    "grossProfitRatio": 0.7976226547,
    "researchAndDevelopmentExpenses": 70835000,
    "generalAndAdministrativeExpenses": 49528000,
    "sellingAndMarketingExpenses": 124725000,
    "sellingGeneralAndAdministrativeExpenses": 174253000,
    "otherExpenses": -12931000,
    "operatingExpenses": 251635000,
    "costAndExpenses": 338465000,
    "interestIncome": 0,
    "interestExpense": 11518000,
    "depreciationAndAmortization": 28226000,
    "ebitda": 117151000,
    "ebitdaratio": 0.2730474304,
    "operatingIncome": 90338000,
    "operatingIncomeRatio": 0.2105535485,
    "totalOtherIncomeExpensesNet": -12931000,
    "incomeBeforeTax": 77407000,
    "incomeBeforeTaxRatio": 0.1804148701,
    "incomeTaxExpense": 53892000,
    "netIncome": 23515000,
    "netIncomeRatio": 0.054807132,
    "eps": 0.2,
    "epsdiluted": 0.2,
    "weightedAverageShsOut": 116401000,
    "weightedAverageShsOutDil": 117605000,
    "link": "https://www.sec.gov/Archives/edgar/data/857005/000156459021004303/0001564590-21-004303-index.htm",
    "finalLink": "https://www.sec.gov/Archives/edgar/data/857005/000156459021004303/ptc-10q_20201231.htm"
  },
  {
    "date": "2020-09-30",
    "symbol": "PTC",
    "reportedCurrency": "USD",
    "cik": "0000857005",
    "fillingDate": "2020-11-20",
    "acceptedDate": "2020-11-20 16:46:16",
    "calendarYear": "2020",
    "period": "Q4",
    "revenue": 390981000,
    "costOfRevenue": 84615000,
    "grossProfit": 306366000,
    "grossProfitRatio": 0.7835828339,
    "researchAndDevelopmentExpenses": 69884000,
    "generalAndAdministrativeExpenses": 45931000,
    "sellingAndMarketingExpenses": 115815000,
    "sellingGeneralAndAdministrativeExpenses": 161746000,
    "otherExpenses": 3671000,
    "operatingExpenses": 238976000,
    "costAndExpenses": 323591000,
    "interestIncome": 0,
    "interestExpense": 11452000,
    "depreciationAndAmortization": 29360000,
    "ebitda": 87573000,
    "ebitdaratio": 0.2239827511,
    "operatingIncome": 67012000,
    "operatingIncomeRatio": 0.1713945179,
    "totalOtherIncomeExpensesNet": -11631000,
    "incomeBeforeTax": 55381000,
    "incomeBeforeTaxRatio": 0.1416462693,
    "incomeTaxExpense": 1975000,
    "netIncome": 53406000,
    "netIncomeRatio": 0.1365948729,
    "eps": 0.46,
    "epsdiluted": 0.46,
    "weightedAverageShsOut": 115663000,
    "weightedAverageShsOutDil": 116267000,
    "link": "https://www.sec.gov/Archives/edgar/data/857005/000156459020054803/0001564590-20-054803-index.htm",
    "finalLink": "https://www.sec.gov/Archives/edgar/data/857005/000156459020054803/ptc-10k_20200930.htm"
  },
  {
    "date": "2020-06-27",
    "symbol": "PTC",
    "reportedCurrency": "USD",
    "cik": "0000857005",
    "fillingDate": "2020-08-05",
    "acceptedDate": "2020-08-05 16:02:53",
    "calendarYear": "2020",
    "period": "Q3",
    "revenue": 351721000,
    "costOfRevenue": 79224000,
    "grossProfit": 272497000,
    "grossProfitRatio": 0.7747532846,
    "researchAndDevelopmentExpenses": 61429000,
    "generalAndAdministrativeExpenses": 35709000,
    "sellingAndMarketingExpenses": 104594000,
    "sellingGeneralAndAdministrativeExpenses": 140303000,
    "otherExpenses": 100000,
    "operatingExpenses": 209034000,
    "costAndExpenses": 288258000,
    "interestIncome": 700000,
    "interestExpense": 19660000,
    "depreciationAndAmortization": 49951000,
    "ebitda": 84660000,
    "ebitdaratio": 0.2407021474,
    "operatingIncome": 63401000,
    "operatingIncomeRatio": 0.1802593533,
    "totalOtherIncomeExpensesNet": -18885000,
    "incomeBeforeTax": 44516000,
    "incomeBeforeTaxRatio": 0.1265662272,
    "incomeTaxExpense": 9838000,
    "netIncome": 34678000,
    "netIncomeRatio": 0.0985951933,
    "eps": 0.3,
    "epsdiluted": 0.3,
    "weightedAverageShsOut": 115759000,
    "weightedAverageShsOutDil": 116229000,
    "link": "https://www.sec.gov/Archives/edgar/data/857005/000156459020036779/0001564590-20-036779-index.htm",
    "finalLink": "https://www.sec.gov/Archives/edgar/data/857005/000156459020036779/ptc-10q_20200627.htm"
  },
  {
    "date": "2020-03-28",
    "symbol": "PTC",
    "reportedCurrency": "USD",
    "cik": "0000857005",
    "fillingDate": "2020-05-06",
    "acceptedDate": "2020-05-06 17:07:53",
    "calendarYear": "2020",
    "period": "Q2",
    "revenue": 359603000,
    "costOfRevenue": 83027000,
    "grossProfit": 276576000,
    "grossProfitRatio": 0.7691148294,
    "researchAndDevelopmentExpenses": 59954000,
    "generalAndAdministrativeExpenses": 33629000,
    "sellingAndMarketingExpenses": 107438000,
    "sellingGeneralAndAdministrativeExpenses": 141067000,
    "otherExpenses": -3200000,
    "operatingExpenses": 208309000,
    "costAndExpenses": 291336000,
    "interestIncome": 1600000,
    "interestExpense": 32618000,
    "depreciationAndAmortization": 20605000,
    "ebitda": 69001000,
    "ebitdaratio": 0.1918810466,
    "operatingIncome": 50025000,
    "operatingIncomeRatio": 0.1391117427,
    "totalOtherIncomeExpensesNet": -34247000,
    "incomeBeforeTax": 15778000,
    "incomeBeforeTaxRatio": 0.0438761634,
    "incomeTaxExpense": 8622000,
    "netIncome": 7156000,
    "netIncomeRatio": 0.0198997227,
    "eps": 0.0619,
    "epsdiluted": 0.0617,
    "weightedAverageShsOut": 115606000,
    "weightedAverageShsOutDil": 116017000,
    "link": "https://www.sec.gov/Archives/edgar/data/857005/000085700520000017/0000857005-20-000017-index.htm",
    "finalLink": "https://www.sec.gov/Archives/edgar/data/857005/000085700520000017/ptc3282020q220.htm"
  },
  {
    "date": "2019-12-28",
    "symbol": "PTC",
    "reportedCurrency": "USD",
    "cik": "0000857005",
    "fillingDate": "2020-01-27",
    "acceptedDate": "2020-01-27 16:07:48",
    "calendarYear": "2020",
    "period": "Q1",
    "revenue": 356110000,
    "costOfRevenue": 87405000,
    "grossProfit": 268705000,
    "grossProfitRatio": 0.7545561765,
    "researchAndDevelopmentExpenses": 65308000,
    "generalAndAdministrativeExpenses": 44557000,
    "sellingAndMarketingExpenses": 107604000,
    "sellingGeneralAndAdministrativeExpenses": 152161000,
    "otherExpenses": -200000,
    "operatingExpenses": 224246000,
    "costAndExpenses": 311651000,
    "interestIncome": 900000,
    "interestExpense": 12098000,
    "depreciationAndAmortization": 19588000,
    "ebitda": 50717000,
    "ebitdaratio": 0.1424194771,
    "operatingIncome": 30425000,
    "operatingIncomeRatio": 0.085437084,
    "totalOtherIncomeExpensesNet": -11394000,
    "incomeBeforeTax": 19031000,
    "incomeBeforeTaxRatio": 0.0534413524,
    "incomeTaxExpense": -16424000,
    "netIncome": 35455000,
    "netIncomeRatio": 0.0995619331,
    "eps": 0.31,
    "epsdiluted": 0.31,
    "weightedAverageShsOut": 115190000,
    "weightedAverageShsOutDil": 115691000,
    "link": "https://www.sec.gov/Archives/edgar/data/857005/000085700520000009/0000857005-20-000009-index.htm",
    "finalLink": "https://www.sec.gov/Archives/edgar/data/857005/000085700520000009/ptc12282019q120.htm"
  },
  {
    "date": "2019-09-30",
    "symbol": "PTC",
    "reportedCurrency": "USD",
    "cik": "0000857005",
    "fillingDate": "2019-11-18",
    "acceptedDate": "2019-11-15 19:51:01",
    "calendarYear": "2019",
    "period": "Q4",
    "revenue": 335005000,
    "costOfRevenue": 85417000,
    "grossProfit": 249588000,
    "grossProfitRatio": 0.7450276862,
    "researchAndDevelopmentExpenses": 64114000,
    "generalAndAdministrativeExpenses": 25911000,
    "sellingAndMarketingExpenses": 101307000,
    "sellingGeneralAndAdministrativeExpenses": 127218000,
    "otherExpenses": -200000,
    "operatingExpenses": 197387000,
    "costAndExpenses": 282804000,
    "interestIncome": 1200000,
    "interestExpense": 10572000,
    "depreciationAndAmortization": 19190000,
    "ebitda": 73465000,
    "ebitdaratio": 0.2192952344,
    "operatingIncome": 46551000,
    "operatingIncomeRatio": 0.138956135,
    "totalOtherIncomeExpensesNet": -12768000,
    "incomeBeforeTax": 33783000,
    "incomeBeforeTaxRatio": 0.100843271,
    "incomeTaxExpense": 23957000,
    "netIncome": 9826000,
    "netIncomeRatio": 0.0293309055,
    "eps": 0.0835,
    "epsdiluted": 0.0835,
    "weightedAverageShsOut": 115026222,
    "weightedAverageShsOutDil": 117724000,
    "link": "https://www.sec.gov/Archives/edgar/data/857005/000085700519000040/0000857005-19-000040-index.htm",
    "finalLink": "https://www.sec.gov/Archives/edgar/data/857005/000085700519000040/ptc9-30x1910xk.htm"
  },
  {
    "date": "2019-06-29",
    "symbol": "PTC",
    "reportedCurrency": "USD",
    "cik": "0000857005",
    "fillingDate": "2019-08-08",
    "acceptedDate": "2019-08-08 16:24:15",
    "calendarYear": "2019",
    "period": "Q3",
    "revenue": 322410000,
    "costOfRevenue": 81233000,
    "grossProfit": 241177000,
    "grossProfitRatio": 0.7480444155,
    "researchAndDevelopmentExpenses": 60590000,
    "generalAndAdministrativeExpenses": 28773000,
    "sellingAndMarketingExpenses": 113533000,
    "sellingGeneralAndAdministrativeExpenses": 142306000,
    "otherExpenses": -10080000,
    "operatingExpenses": 208816000,
    "costAndExpenses": 290049000,
    "interestIncome": 1000000,
    "interestExpense": 10816000,
    "depreciationAndAmortization": 19076000,
    "ebitda": 28772000,
    "ebitdaratio": 0.0892404082,
    "operatingIncome": 32370000,
    "operatingIncomeRatio": 0.1004001117,
    "totalOtherIncomeExpensesNet": -9790000,
    "incomeBeforeTax": 22290000,
    "incomeBeforeTaxRatio": 0.0691355727,
    "incomeTaxExpense": 10585000,
    "netIncome": 11705000,
    "netIncomeRatio": 0.0363047052,
    "eps": 0.1,
    "epsdiluted": 0.1,
    "weightedAverageShsOut": 113523076,
    "weightedAverageShsOutDil": 116133000,
    "link": "https://www.sec.gov/Archives/edgar/data/857005/000085700519000017/0000857005-19-000017-index.htm",
    "finalLink": "https://www.sec.gov/Archives/edgar/data/857005/000085700519000017/ptc6292019q3.htm"
  },
  {
    "date": "2019-03-30",
    "symbol": "PTC",
    "reportedCurrency": "USD",
    "cik": "0000857005",
    "fillingDate": "2019-05-09",
    "acceptedDate": "2019-05-09 16:06:52",
    "calendarYear": "2019",
    "period": "Q2",
    "revenue": 315499000,
    "costOfRevenue": 77967000,
    "grossProfit": 237532000,
    "grossProfitRatio": 0.7528771882,
    "researchAndDevelopmentExpenses": 61402000,
    "generalAndAdministrativeExpenses": 35371000,
    "sellingAndMarketingExpenses": 109421000,
    "sellingGeneralAndAdministrativeExpenses": 144792000,
    "otherExpenses": -10318000,
    "operatingExpenses": 212124000,
    "costAndExpenses": 290091000,
    "interestIncome": 1000000,
    "interestExpense": 11383000,
    "depreciationAndAmortization": 19505000,
    "ebitda": -2532000,
    "ebitdaratio": -0.008025382,
    "operatingIncome": -1572000,
    "operatingIncomeRatio": -0.0049825831,
    "totalOtherIncomeExpensesNet": -10562000,
    "incomeBeforeTax": -11890000,
    "incomeBeforeTaxRatio": -0.0376863318,
    "incomeTaxExpense": 140000,
    "netIncome": -12030000,
    "netIncomeRatio": -0.0381300733,
    "eps": -0.1,
    "epsdiluted": -0.1,
    "weightedAverageShsOut": 117602702,
    "weightedAverageShsOutDil": 118461000,
    "link": "https://www.sec.gov/Archives/edgar/data/857005/000085700519000011/0000857005-19-000011-index.htm",
    "finalLink": "https://www.sec.gov/Archives/edgar/data/857005/000085700519000011/ptc3302019q2.htm"
  },
  {
    "date": "2018-12-29",
    "symbol": "PTC",
    "reportedCurrency": "USD",
    "cik": "0000857005",
    "fillingDate": "2019-02-07",
    "acceptedDate": "2019-02-07 17:05:08",
    "calendarYear": "2019",
    "period": "Q1",
    "revenue": 334689000,
    "costOfRevenue": 77352000,
    "grossProfit": 257337000,
    "grossProfitRatio": 0.768883949,
    "researchAndDevelopmentExpenses": 60782000,
    "generalAndAdministrativeExpenses": 37864000,
    "sellingAndMarketingExpenses": 104218000,
    "sellingGeneralAndAdministrativeExpenses": 142082000,
    "otherExpenses": 655700,
    "operatingExpenses": 208800000,
    "costAndExpenses": 286152000,
    "interestIncome": 1000000,
    "interestExpense": 10276000,
    "depreciationAndAmortization": 20053000,
    "ebitda": 68990000,
    "ebitdaratio": 0.2061316625,
    "operatingIncome": 30044000,
    "operatingIncomeRatio": 0.0897669179,
    "totalOtherIncomeExpensesNet": -9621000,
    "incomeBeforeTax": 20423000,
    "incomeBeforeTaxRatio": 0.0610208283,
    "incomeTaxExpense": -562000,
    "netIncome": 20985000,
    "netIncomeRatio": 0.0626999991,
    "eps": 0.18,
    "epsdiluted": 0.18,
    "weightedAverageShsOut": 118323000,
    "weightedAverageShsOutDil": 119638000,
    "link": "https://www.sec.gov/Archives/edgar/data/857005/000085700519000006/0000857005-19-000006-index.htm",
    "finalLink": "https://www.sec.gov/Archives/edgar/data/857005/000085700519000006/ptc12292018q1.htm"
  },
  {
    "date": "2018-09-30",
    "symbol": "PTC",
    "reportedCurrency": "USD",
    "cik": "0000857005",
    "fillingDate": "2018-11-16",
    "acceptedDate": "2018-11-15 18:56:03",
    "calendarYear": "2018",
    "period": "Q4",
    "revenue": 312521000,
    "costOfRevenue": 78049000,
    "grossProfit": 234472000,
    "grossProfitRatio": 0.7502599825,
    "researchAndDevelopmentExpenses": 62393000,
    "generalAndAdministrativeExpenses": 41542000,
    "sellingAndMarketingExpenses": 109138000,
    "sellingGeneralAndAdministrativeExpenses": 150680000,
    "otherExpenses": 755000,
    "operatingExpenses": 220857000,
    "costAndExpenses": 298906000,
    "interestIncome": 1319000,
    "interestExpense": 10601000,
    "depreciationAndAmortization": 22105000,
    "ebitda": 35610000,
    "ebitdaratio": 0.1139443429,
    "operatingIncome": 11697000,
    "operatingIncomeRatio": 0.0374278848,
    "totalOtherIncomeExpensesNet": -11027000,
    "incomeBeforeTax": 669000,
    "incomeBeforeTaxRatio": 0.0021406561,
    "incomeTaxExpense": -12522000,
    "netIncome": 13191000,
    "netIncomeRatio": 0.0422083636,
    "eps": 0.11,
    "epsdiluted": 0.11,
    "weightedAverageShsOut": 116390000,
    "weightedAverageShsOutDil": 118158000,
    "link": "https://www.sec.gov/Archives/edgar/data/857005/000085700518000025/0000857005-18-000025-index.htm",
    "finalLink": "https://www.sec.gov/Archives/edgar/data/857005/000085700518000025/ptc9-30x1810xk.htm"
  },
  {
    "date": "2018-06-30",
    "symbol": "PTC",
    "reportedCurrency": "USD",
    "cik": "0000857005",
    "fillingDate": "2018-08-01",
    "acceptedDate": "2018-07-31 19:47:39",
    "calendarYear": "2018",
    "period": "Q3",
    "revenue": 314777000,
    "costOfRevenue": 81556000,
    "grossProfit": 233221000,
    "grossProfitRatio": 0.7409086433,
    "researchAndDevelopmentExpenses": 61218000,
    "generalAndAdministrativeExpenses": 33082000,
    "sellingAndMarketingExpenses": 107741000,
    "sellingGeneralAndAdministrativeExpenses": 140823000,
    "otherExpenses": -2000000,
    "operatingExpenses": 209891000,
    "costAndExpenses": 291447000,
    "interestIncome": 900000,
    "interestExpense": 10646000,
    "depreciationAndAmortization": 22576000,
    "ebitda": 43193000,
    "ebitdaratio": 0.1372177764,
    "operatingIncome": 21703000,
    "operatingIncomeRatio": 0.068947223,
    "totalOtherIncomeExpensesNet": -11576000,
    "incomeBeforeTax": 9971000,
    "incomeBeforeTaxRatio": 0.0316763931,
    "incomeTaxExpense": -7026000,
    "netIncome": 16997000,
    "netIncomeRatio": 0.0539969566,
    "eps": 0.15,
    "epsdiluted": 0.14,
    "weightedAverageShsOut": 115774000,
    "weightedAverageShsOutDil": 117500000,
    "link": "https://www.sec.gov/Archives/edgar/data/857005/000085700518000015/0000857005-18-000015-index.htm",
    "finalLink": "https://www.sec.gov/Archives/edgar/data/857005/000085700518000015/ptc06302018q3.htm"
  },
  {
    "date": "2018-03-31",
    "symbol": "PTC",
    "reportedCurrency": "USD",
    "cik": "0000857005",
    "fillingDate": "2018-05-02",
    "acceptedDate": "2018-05-02 17:18:23",
    "calendarYear": "2018",
    "period": "Q2",
    "revenue": 307883000,
    "costOfRevenue": 83631000,
    "grossProfit": 224252000,
    "grossProfitRatio": 0.7283675942,
    "researchAndDevelopmentExpenses": 62194000,
    "generalAndAdministrativeExpenses": 33353000,
    "sellingAndMarketingExpenses": 98330000,
    "sellingGeneralAndAdministrativeExpenses": 131683000,
    "otherExpenses": -10820000,
    "operatingExpenses": 201772000,
    "costAndExpenses": 285403000,
    "interestIncome": 440800,
    "interestExpense": 10820000,
    "depreciationAndAmortization": 21681000,
    "ebitda": 44291000,
    "ebitdaratio": 0.1438565949,
    "operatingIncome": 22366000,
    "operatingIncomeRatio": 0.0726444786,
    "totalOtherIncomeExpensesNet": -10664000,
    "incomeBeforeTax": 11546000,
    "incomeBeforeTaxRatio": 0.0375012586,
    "incomeTaxExpense": 3624000,
    "netIncome": 7922000,
    "netIncomeRatio": 0.0257305535,
    "eps": 0.0682,
    "epsdiluted": 0.0672,
    "weightedAverageShsOut": 116241000,
    "weightedAverageShsOutDil": 117905000,
    "link": "https://www.sec.gov/Archives/edgar/data/857005/000085700518000008/0000857005-18-000008-index.htm",
    "finalLink": "https://www.sec.gov/Archives/edgar/data/857005/000085700518000008/ptc03312018q2.htm"
  },
  {
    "date": "2017-12-30",
    "symbol": "PTC",
    "reportedCurrency": "USD",
    "cik": "0000857005",
    "fillingDate": "2018-02-06",
    "acceptedDate": "2018-02-06 16:20:27",
    "calendarYear": "2018",
    "period": "Q1",
    "revenue": 306644000,
    "costOfRevenue": 82958000,
    "grossProfit": 223686000,
    "grossProfitRatio": 0.7294647865,
    "researchAndDevelopmentExpenses": 63969000,
    "generalAndAdministrativeExpenses": 35004000,
    "sellingAndMarketingExpenses": 99315000,
    "sellingGeneralAndAdministrativeExpenses": 134319000,
    "otherExpenses": -11001000,
    "operatingExpenses": 206109000,
    "costAndExpenses": 289067000,
    "interestIncome": 700,
    "interestExpense": 10048500,
    "depreciationAndAmortization": 21046000,
    "ebitda": 37564000,
    "ebitdaratio": 0.1225003587,
    "operatingIncome": 17472000,
    "operatingIncomeRatio": 0.0569781245,
    "totalOtherIncomeExpensesNet": -10845000,
    "incomeBeforeTax": 6471000,
    "incomeBeforeTaxRatio": 0.0211026467,
    "incomeTaxExpense": -7406000,
    "netIncome": 13877000,
    "netIncomeRatio": 0.0452544318,
    "eps": 0.12,
    "epsdiluted": 0.12,
    "weightedAverageShsOut": 115731358,
    "weightedAverageShsOutDil": 117656000,
    "link": "https://www.sec.gov/Archives/edgar/data/857005/000085700518000004/0000857005-18-000004-index.htm",
    "finalLink": "https://www.sec.gov/Archives/edgar/data/857005/000085700518000004/ptc12302017q1.htm"
  },
  {
    "date": "2017-09-30",
    "symbol": "PTC",
    "reportedCurrency": "USD",
    "cik": "0000857005",
    "fillingDate": "2017-11-29",
    "acceptedDate": "2017-11-29 17:18:44",
    "calendarYear": "2017",
    "period": "Q4",
    "revenue": 306379000,
    "costOfRevenue": 82805000,
    "grossProfit": 223574000,
    "grossProfitRatio": 0.7297301708,
    "researchAndDevelopmentExpenses": 60585000,
    "generalAndAdministrativeExpenses": 36278000,
    "sellingAndMarketingExpenses": 101378000,
    "sellingGeneralAndAdministrativeExpenses": 137656000,
    "otherExpenses": -12114000,
    "operatingExpenses": 206363000,
    "costAndExpenses": 289168000,
    "interestIncome": 1200000,
    "interestExpense": 10161000,
    "depreciationAndAmortization": 22555000,
    "ebitda": 38171000,
    "ebitdaratio": 0.1245875207,
    "operatingIncome": 17569000,
    "operatingIncomeRatio": 0.0573440086,
    "totalOtherIncomeExpensesNet": -12114000,
    "incomeBeforeTax": 5455000,
    "incomeBeforeTaxRatio": 0.0178047451,
    "incomeTaxExpense": -11980000,
    "netIncome": 17435000,
    "netIncomeRatio": 0.0569066418,
    "eps": 0.15,
    "epsdiluted": 0.15,
    "weightedAverageShsOut": 117380000,
    "weightedAverageShsOutDil": 117380000,
    "link": "https://www.sec.gov/Archives/edgar/data/857005/000085700517000021/0000857005-17-000021-index.htm",
    "finalLink": "https://www.sec.gov/Archives/edgar/data/857005/000085700517000021/ptc9-30x1710xk.htm"
  },
  {
    "date": "2017-07-01",
    "symbol": "PTC",
    "reportedCurrency": "USD",
    "cik": "0000857005",
    "fillingDate": "2017-08-08",
    "acceptedDate": "2017-08-08 16:44:55",
    "calendarYear": "2017",
    "period": "Q3",
    "revenue": 291293000,
    "costOfRevenue": 82268000,
    "grossProfit": 209025000,
    "grossProfitRatio": 0.7175764608,
    "researchAndDevelopmentExpenses": 59850000,
    "generalAndAdministrativeExpenses": 35294000,
    "sellingAndMarketingExpenses": 93101000,
    "sellingGeneralAndAdministrativeExpenses": 128395000,
    "otherExpenses": -10557000,
    "operatingExpenses": 196218000,
    "costAndExpenses": 278486000,
    "interestIncome": 800000,
    "interestExpense": 10200000,
    "depreciationAndAmortization": 21504000,
    "ebitda": 34660000,
    "ebitdaratio": 0.1189867247,
    "operatingIncome": 11256000,
    "operatingIncomeRatio": 0.0386415053,
    "totalOtherIncomeExpensesNet": -10557000,
    "incomeBeforeTax": 699000,
    "incomeBeforeTaxRatio": 0.0023996457,
    "incomeTaxExpense": 1650000,
    "netIncome": -951000,
    "netIncomeRatio": -0.003264754,
    "eps": -0.0082,
    "epsdiluted": -0.0082,
    "weightedAverageShsOut": 115615000,
    "weightedAverageShsOutDil": 115615000,
    "link": "https://www.sec.gov/Archives/edgar/data/857005/000085700517000013/0000857005-17-000013-index.htm",
    "finalLink": "https://www.sec.gov/Archives/edgar/data/857005/000085700517000013/ptc07012017q3.htm"
  },
  {
    "date": "2017-04-01",
    "symbol": "PTC",
    "reportedCurrency": "USD",
    "cik": "0000857005",
    "fillingDate": "2017-05-11",
    "acceptedDate": "2017-05-11 16:11:24",
    "calendarYear": "2017",
    "period": "Q2",
    "revenue": 280040000,
    "costOfRevenue": 81830000,
    "grossProfit": 198210000,
    "grossProfitRatio": 0.707791744,
    "researchAndDevelopmentExpenses": 57710000,
    "generalAndAdministrativeExpenses": 36800000,
    "sellingAndMarketingExpenses": 87777000,
    "sellingGeneralAndAdministrativeExpenses": 124577000,
    "otherExpenses": -8569000,
    "operatingExpenses": 190233000,
    "costAndExpenses": 272063000,
    "interestIncome": 3156000,
    "interestExpense": 11725000,
    "depreciationAndAmortization": 21229000,
    "ebitda": 29842000,
    "ebitdaratio": 0.1065633481,
    "operatingIncome": 7513000,
    "operatingIncomeRatio": 0.0268283102,
    "totalOtherIncomeExpensesNet": -8569000,
    "incomeBeforeTax": -1056000,
    "incomeBeforeTaxRatio": -0.0037708899,
    "incomeTaxExpense": 48000,
    "netIncome": -1104000,
    "netIncomeRatio": -0.003942294,
    "eps": -0.01,
    "epsdiluted": -0.0095,
    "weightedAverageShsOut": 110400000,
    "weightedAverageShsOutDil": 115709000,
    "link": "https://www.sec.gov/Archives/edgar/data/857005/000085700517000009/0000857005-17-000009-index.htm",
    "finalLink": "https://www.sec.gov/Archives/edgar/data/857005/000085700517000009/ptc04012017q2.htm"
  },
  {
    "date": "2016-12-31",
    "symbol": "PTC",
    "reportedCurrency": "USD",
    "cik": "0000857005",
    "fillingDate": "2017-02-09",
    "acceptedDate": "2017-02-09 16:23:56",
    "calendarYear": "2017",
    "period": "Q1",
    "revenue": 286327000,
    "costOfRevenue": 82115000,
    "grossProfit": 204212000,
    "grossProfitRatio": 0.7132125158,
    "researchAndDevelopmentExpenses": 57914000,
    "generalAndAdministrativeExpenses": 36695000,
    "sellingAndMarketingExpenses": 90690000,
    "sellingGeneralAndAdministrativeExpenses": 127385000,
    "otherExpenses": -11064000,
    "operatingExpenses": 193366000,
    "costAndExpenses": 275481000,
    "interestIncome": 900000,
    "interestExpense": 10364000,
    "depreciationAndAmortization": 21454000,
    "ebitda": 26015000,
    "ebitdaratio": 0.0908576558,
    "operatingIncome": 4561000,
    "operatingIncomeRatio": 0.0159293395,
    "totalOtherIncomeExpensesNet": -11064000,
    "incomeBeforeTax": -6503000,
    "incomeBeforeTaxRatio": -0.0227117946,
    "incomeTaxExpense": 2638000,
    "netIncome": -9141000,
    "netIncomeRatio": -0.0319250368,
    "eps": -0.08,
    "epsdiluted": -0.0793,
    "weightedAverageShsOut": 114262500,
    "weightedAverageShsOutDil": 115290000,
    "link": "https://www.sec.gov/Archives/edgar/data/857005/000085700517000004/0000857005-17-000004-index.htm",
    "finalLink": "https://www.sec.gov/Archives/edgar/data/857005/000085700517000004/ptc12312016q1.htm"
  },
  {
    "date": "2016-09-30",
    "symbol": "PTC",
    "reportedCurrency": "USD",
    "cik": "0000857005",
    "fillingDate": "2016-11-18",
    "acceptedDate": "2016-11-18 17:04:55",
    "calendarYear": "2016",
    "period": "Q4",
    "revenue": 288237000,
    "costOfRevenue": 82856000,
    "grossProfit": 205381000,
    "grossProfitRatio": 0.7125421094,
    "researchAndDevelopmentExpenses": 57934000,
    "generalAndAdministrativeExpenses": 37647000,
    "sellingAndMarketingExpenses": 102985000,
    "sellingGeneralAndAdministrativeExpenses": 140632000,
    "otherExpenses": -10298000,
    "operatingExpenses": 206724000,
    "costAndExpenses": 289580000,
    "interestIncome": 3197000,
    "interestExpense": 27932000,
    "depreciationAndAmortization": 21833000,
    "ebitda": 14421000,
    "ebitdaratio": 0.0500317447,
    "operatingIncome": -33075000,
    "operatingIncomeRatio": -0.1147493209,
    "totalOtherIncomeExpensesNet": -10298000,
    "incomeBeforeTax": -43373000,
    "incomeBeforeTaxRatio": -0.1504768645,
    "incomeTaxExpense": -14900000,
    "netIncome": -28473000,
    "netIncomeRatio": -0.0987832929,
    "eps": -0.25,
    "epsdiluted": -0.25,
    "weightedAverageShsOut": 114132591,
    "weightedAverageShsOutDil": 114958000,
    "link": "https://www.sec.gov/Archives/edgar/data/857005/000085700516000071/0000857005-16-000071-index.htm",
    "finalLink": "https://www.sec.gov/Archives/edgar/data/857005/000085700516000071/ptc9-30x1610xk.htm"
  },
  {
    "date": "2016-07-02",
    "symbol": "PTC",
    "reportedCurrency": "USD",
    "cik": "0000857005",
    "fillingDate": "2016-08-11",
    "acceptedDate": "2016-08-11 17:19:25",
    "calendarYear": "2016",
    "period": "Q3",
    "revenue": 288652000,
    "costOfRevenue": 82470000,
    "grossProfit": 206182000,
    "grossProfitRatio": 0.714292643,
    "researchAndDevelopmentExpenses": 57118000,
    "generalAndAdministrativeExpenses": 35485000,
    "sellingAndMarketingExpenses": 94874000,
    "sellingGeneralAndAdministrativeExpenses": 130359000,
    "otherExpenses": -8300000,
    "operatingExpenses": 195771000,
    "costAndExpenses": 278241000,
    "interestIncome": 80000,
    "interestExpense": 820000,
    "depreciationAndAmortization": 21817000,
    "ebitda": 7596000,
    "ebitdaratio": 0.0263154248,
    "operatingIncome": 7596000,
    "operatingIncomeRatio": 0.0263154248,
    "totalOtherIncomeExpensesNet": -8300000,
    "incomeBeforeTax": -704000,
    "incomeBeforeTaxRatio": -0.002438923,
    "incomeTaxExpense": -3777000,
    "netIncome": 3073000,
    "netIncomeRatio": 0.0106460374,
    "eps": 0.0266,
    "epsdiluted": 0.0266,
    "weightedAverageShsOut": 114796966,
    "weightedAverageShsOutDil": 115698000,
    "link": "https://www.sec.gov/Archives/edgar/data/857005/000085700516000068/0000857005-16-000068-index.htm",
    "finalLink": "https://www.sec.gov/Archives/edgar/data/857005/000085700516000068/ptc07022016q3.htm"
  },
  {
    "date": "2016-04-02",
    "symbol": "PTC",
    "reportedCurrency": "USD",
    "cik": "0000857005",
    "fillingDate": "2016-05-11",
    "acceptedDate": "2016-05-10 20:29:00",
    "calendarYear": "2016",
    "period": "Q2",
    "revenue": 272627000,
    "costOfRevenue": 80191000,
    "grossProfit": 192436000,
    "grossProfitRatio": 0.7058581872,
    "researchAndDevelopmentExpenses": 56610000,
    "generalAndAdministrativeExpenses": 33916000,
    "sellingAndMarketingExpenses": 87177000,
    "sellingGeneralAndAdministrativeExpenses": 121093000,
    "otherExpenses": -5327000,
    "operatingExpenses": 186099000,
    "costAndExpenses": 266290000,
    "interestIncome": 700000,
    "interestExpense": 4800000,
    "depreciationAndAmortization": 22291000,
    "ebitda": 1758000,
    "ebitdaratio": 0.0064483709,
    "operatingIncome": 1758000,
    "operatingIncomeRatio": 0.0064483709,
    "totalOtherIncomeExpensesNet": -5327000,
    "incomeBeforeTax": -3569000,
    "incomeBeforeTaxRatio": -0.0130911465,
    "incomeTaxExpense": 1604000,
    "netIncome": -5173000,
    "netIncomeRatio": -0.018974643,
    "eps": -0.0452,
    "epsdiluted": -0.0452,
    "weightedAverageShsOut": 114563000,
    "weightedAverageShsOutDil": 114563000,
    "link": "https://www.sec.gov/Archives/edgar/data/857005/000085700516000059/0000857005-16-000059-index.htm",
    "finalLink": "https://www.sec.gov/Archives/edgar/data/857005/000085700516000059/ptc04022016q2.htm"
  },
  {
    "date": "2016-01-02",
    "symbol": "PTC",
    "reportedCurrency": "USD",
    "cik": "0000857005",
    "fillingDate": "2016-02-10",
    "acceptedDate": "2016-02-09 17:55:07",
    "calendarYear": "2016",
    "period": "Q1",
    "revenue": 291017000,
    "costOfRevenue": 80147000,
    "grossProfit": 210870000,
    "grossProfitRatio": 0.7245968449,
    "researchAndDevelopmentExpenses": 57669000,
    "generalAndAdministrativeExpenses": 40167000,
    "sellingAndMarketingExpenses": 82429000,
    "sellingGeneralAndAdministrativeExpenses": 122596000,
    "otherExpenses": -6253000,
    "operatingExpenses": 188615000,
    "costAndExpenses": 268762000,
    "interestIncome": 900000,
    "interestExpense": 6600000,
    "depreciationAndAmortization": 20613000,
    "ebitda": 7668000,
    "ebitdaratio": 0.0263489762,
    "operatingIncome": -14892000,
    "operatingIncomeRatio": -0.0511722683,
    "totalOtherIncomeExpensesNet": -6253000,
    "incomeBeforeTax": -21145000,
    "incomeBeforeTaxRatio": -0.0726589856,
    "incomeTaxExpense": 4347000,
    "netIncome": -25492000,
    "netIncomeRatio": -0.0875962573,
    "eps": -0.22,
    "epsdiluted": -0.22,
    "weightedAverageShsOut": 113771428,
    "weightedAverageShsOutDil": 114151000,
    "link": "https://www.sec.gov/Archives/edgar/data/857005/000085700516000050/0000857005-16-000050-index.htm",
    "finalLink": "https://www.sec.gov/Archives/edgar/data/857005/000085700516000050/ptc01022016q1.htm"
  },
  {
    "date": "2015-09-30",
    "symbol": "PTC",
    "reportedCurrency": "USD",
    "cik": "0000857005",
    "fillingDate": "2015-11-23",
    "acceptedDate": "2015-11-23 17:24:04",
    "calendarYear": "2015",
    "period": "Q4",
    "revenue": 312568000,
    "costOfRevenue": 76362000,
    "grossProfit": 236206000,
    "grossProfitRatio": 0.7556947608,
    "researchAndDevelopmentExpenses": 52180000,
    "generalAndAdministrativeExpenses": 99182000,
    "sellingAndMarketingExpenses": 82692000,
    "sellingGeneralAndAdministrativeExpenses": 181874000,
    "otherExpenses": -4598000,
    "operatingExpenses": 242492000,
    "costAndExpenses": 318854000,
    "interestIncome": 897000,
    "interestExpense": 3842000,
    "depreciationAndAmortization": 20978000,
    "ebitda": -1389000,
    "ebitdaratio": -0.004443833,
    "operatingIncome": -7070000,
    "operatingIncomeRatio": -0.0226190781,
    "totalOtherIncomeExpensesNet": -4599000,
    "incomeBeforeTax": -11668000,
    "incomeBeforeTaxRatio": -0.0373294771,
    "incomeTaxExpense": -20655000,
    "netIncome": 8987000,
    "netIncomeRatio": 0.0287521435,
    "eps": 0.0781,
    "epsdiluted": 0.0781,
    "weightedAverageShsOut": 115025000,
    "weightedAverageShsOutDil": 115025000,
    "link": "https://www.sec.gov/Archives/edgar/data/857005/000085700515000042/0000857005-15-000042-index.htm",
    "finalLink": "https://www.sec.gov/Archives/edgar/data/857005/000085700515000042/ptc9-30x1510xk.htm"
  },
  {
    "date": "2015-07-04",
    "symbol": "PTC",
    "reportedCurrency": "USD",
    "cik": "0000857005",
    "fillingDate": "2015-08-11",
    "acceptedDate": "2015-08-11 17:04:20",
    "calendarYear": "2015",
    "period": "Q3",
    "revenue": 303113000,
    "costOfRevenue": 79376000,
    "grossProfit": 223737000,
    "grossProfitRatio": 0.7381306641,
    "researchAndDevelopmentExpenses": 54078000,
    "generalAndAdministrativeExpenses": 48100000,
    "sellingAndMarketingExpenses": 86454000,
    "sellingGeneralAndAdministrativeExpenses": 134554000,
    "otherExpenses": -3668000,
    "operatingExpenses": 197737000,
    "costAndExpenses": 277113000,
    "interestIncome": 800000,
    "interestExpense": 3600000,
    "depreciationAndAmortization": 21250000,
    "ebitda": 39549000,
    "ebitdaratio": 0.1304760931,
    "operatingIncome": 21607000,
    "operatingIncomeRatio": 0.0712836467,
    "totalOtherIncomeExpensesNet": -3668000,
    "incomeBeforeTax": 17939000,
    "incomeBeforeTaxRatio": 0.0591825491,
    "incomeTaxExpense": 504000,
    "netIncome": 17435000,
    "netIncomeRatio": 0.0575198028,
    "eps": 0.15,
    "epsdiluted": 0.15,
    "weightedAverageShsOut": 116025000,
    "weightedAverageShsOutDil": 116025000,
    "link": "https://www.sec.gov/Archives/edgar/data/857005/000085700515000028/0000857005-15-000028-index.htm",
    "finalLink": "https://www.sec.gov/Archives/edgar/data/857005/000085700515000028/ptc07042015-q3.htm"
  },
  {
    "date": "2015-04-04",
    "symbol": "PTC",
    "reportedCurrency": "USD",
    "cik": "0000857005",
    "fillingDate": "2015-05-11",
    "acceptedDate": "2015-05-11 17:12:42",
    "calendarYear": "2015",
    "period": "Q2",
    "revenue": 314119000,
    "costOfRevenue": 86054000,
    "grossProfit": 228065000,
    "grossProfitRatio": 0.7260464983,
    "researchAndDevelopmentExpenses": 60158000,
    "generalAndAdministrativeExpenses": 34235000,
    "sellingAndMarketingExpenses": 82024000,
    "sellingGeneralAndAdministrativeExpenses": 116259000,
    "otherExpenses": -3601000,
    "operatingExpenses": 185590000,
    "costAndExpenses": 271644000,
    "interestIncome": 900000,
    "interestExpense": 3500000,
    "depreciationAndAmortization": 20968000,
    "ebitda": 24855000,
    "ebitdaratio": 0.0791260637,
    "operatingIncome": 3988000,
    "operatingIncomeRatio": 0.0126958255,
    "totalOtherIncomeExpensesNet": -3601000,
    "incomeBeforeTax": 387000,
    "incomeBeforeTaxRatio": 0.0012320172,
    "incomeTaxExpense": -5005000,
    "netIncome": 5392000,
    "netIncomeRatio": 0.0171654691,
    "eps": 0.0465,
    "epsdiluted": 0.0465,
    "weightedAverageShsOut": 114945959,
    "weightedAverageShsOutDil": 115922000,
    "link": "https://www.sec.gov/Archives/edgar/data/857005/000085700515000021/0000857005-15-000021-index.htm",
    "finalLink": "https://www.sec.gov/Archives/edgar/data/857005/000085700515000021/ptc04042015-q2.htm"
  },
  {
    "date": "2015-01-03",
    "symbol": "PTC",
    "reportedCurrency": "USD",
    "cik": "0000857005",
    "fillingDate": "2015-02-10",
    "acceptedDate": "2015-02-10 17:11:20",
    "calendarYear": "2015",
    "period": "Q1",
    "revenue": 325442000,
    "costOfRevenue": 92942000,
    "grossProfit": 232500000,
    "grossProfitRatio": 0.7144130137,
    "researchAndDevelopmentExpenses": 61097000,
    "generalAndAdministrativeExpenses": 37007000,
    "sellingAndMarketingExpenses": 87607000,
    "sellingGeneralAndAdministrativeExpenses": 124614000,
    "otherExpenses": -3224000,
    "operatingExpenses": 195124000,
    "costAndExpenses": 288066000,
    "interestIncome": 1200000,
    "interestExpense": 3800000,
    "depreciationAndAmortization": 21237000,
    "ebitda": 59444000,
    "ebitdaratio": 0.1826562029,
    "operatingIncome": 37631000,
    "operatingIncomeRatio": 0.1156304349,
    "totalOtherIncomeExpensesNet": -3224000,
    "incomeBeforeTax": 34407000,
    "incomeBeforeTaxRatio": 0.1057239078,
    "incomeTaxExpense": 4123000,
    "netIncome": 30284000,
    "netIncomeRatio": 0.0930549837,
    "eps": 0.26,
    "epsdiluted": 0.26,
    "weightedAverageShsOut": 116476923,
    "weightedAverageShsOutDil": 117027000,
    "link": "https://www.sec.gov/Archives/edgar/data/857005/000085700515000007/0000857005-15-000007-index.htm",
    "finalLink": "https://www.sec.gov/Archives/edgar/data/857005/000085700515000007/ptc01032015-q1.htm"
  },
  {
    "date": "2014-09-30",
    "symbol": "PTC",
    "reportedCurrency": "USD",
    "cik": "0000857005",
    "fillingDate": "2014-11-26",
    "acceptedDate": "2014-11-26 17:17:59",
    "calendarYear": "2014",
    "period": "Q4",
    "revenue": 366708000,
    "costOfRevenue": 95854000,
    "grossProfit": 270854000,
    "grossProfitRatio": 0.7386094658,
    "researchAndDevelopmentExpenses": 60387000,
    "generalAndAdministrativeExpenses": 43344000,
    "sellingAndMarketingExpenses": 95835000,
    "sellingGeneralAndAdministrativeExpenses": 139179000,
    "otherExpenses": -3740000,
    "operatingExpenses": 207921000,
    "costAndExpenses": 303775000,
    "interestIncome": 817000,
    "interestExpense": 2755000,
    "depreciationAndAmortization": 20008000,
    "ebitda": 55131000,
    "ebitdaratio": 0.1503403253,
    "operatingIncome": 36108000,
    "operatingIncomeRatio": 0.0984652639,
    "totalOtherIncomeExpensesNet": -3740000,
    "incomeBeforeTax": 32368000,
    "incomeBeforeTaxRatio": 0.0882664136,
    "incomeTaxExpense": -6387000,
    "netIncome": 38755000,
    "netIncomeRatio": 0.1056835411,
    "eps": 0.33,
    "epsdiluted": 0.33,
    "weightedAverageShsOut": 117532707,
    "weightedAverageShsOutDil": 118275000,
    "link": "https://www.sec.gov/Archives/edgar/data/857005/000085700514000032/0000857005-14-000032-index.htm",
    "finalLink": "https://www.sec.gov/Archives/edgar/data/857005/000085700514000032/ptc9-30x1410xk.htm"
  },
  {
    "date": "2014-06-28",
    "symbol": "PTC",
    "reportedCurrency": "USD",
    "cik": "0000857005",
    "fillingDate": "2014-08-05",
    "acceptedDate": "2014-08-05 16:38:23",
    "calendarYear": "2014",
    "period": "Q3",
    "revenue": 336634000,
    "costOfRevenue": 91076000,
    "grossProfit": 245558000,
    "grossProfitRatio": 0.7294509764,
    "researchAndDevelopmentExpenses": 57405000,
    "generalAndAdministrativeExpenses": 33817000,
    "sellingAndMarketingExpenses": 91440000,
    "sellingGeneralAndAdministrativeExpenses": 125257000,
    "otherExpenses": -2278000,
    "operatingExpenses": 190660000,
    "costAndExpenses": 281736000,
    "interestIncome": 700000,
    "interestExpense": 2000000,
    "depreciationAndAmortization": 19026000,
    "ebitda": 73132000,
    "ebitdaratio": 0.2172448416,
    "operatingIncome": 54384000,
    "operatingIncomeRatio": 0.161552309,
    "totalOtherIncomeExpensesNet": -2278000,
    "incomeBeforeTax": 52106000,
    "incomeBeforeTaxRatio": 0.1547853158,
    "incomeTaxExpense": 14080000,
    "netIncome": 38026000,
    "netIncomeRatio": 0.1129594753,
    "eps": 0.32,
    "epsdiluted": 0.32,
    "weightedAverageShsOut": 118831250,
    "weightedAverageShsOutDil": 119901000,
    "link": "https://www.sec.gov/Archives/edgar/data/857005/000085700514000018/0000857005-14-000018-index.htm",
    "finalLink": "https://www.sec.gov/Archives/edgar/data/857005/000085700514000018/ptc06282014-q3.htm"
  },
  {
    "date": "2014-03-29",
    "symbol": "PTC",
    "reportedCurrency": "USD",
    "cik": "0000857005",
    "fillingDate": "2014-05-06",
    "acceptedDate": "2014-05-06 16:57:47",
    "calendarYear": "2014",
    "period": "Q2",
    "revenue": 328700000,
    "costOfRevenue": 93797000,
    "grossProfit": 234903000,
    "grossProfitRatio": 0.7146425312,
    "researchAndDevelopmentExpenses": 55631000,
    "generalAndAdministrativeExpenses": 34140000,
    "sellingAndMarketingExpenses": 85934000,
    "sellingGeneralAndAdministrativeExpenses": 120074000,
    "otherExpenses": -2692000,
    "operatingExpenses": 183690000,
    "costAndExpenses": 277487000,
    "interestIncome": 800000,
    "interestExpense": 2100000,
    "depreciationAndAmortization": 19173000,
    "ebitda": 69794000,
    "ebitdaratio": 0.2123334347,
    "operatingIncome": 51213000,
    "operatingIncomeRatio": 0.1558046851,
    "totalOtherIncomeExpensesNet": -2692000,
    "incomeBeforeTax": 48521000,
    "incomeBeforeTaxRatio": 0.1476148464,
    "incomeTaxExpense": 4765000,
    "netIncome": 43756000,
    "netIncomeRatio": 0.133118345,
    "eps": 0.36,
    "epsdiluted": 0.36,
    "weightedAverageShsOut": 120698000,
    "weightedAverageShsOutDil": 120698000,
    "link": "https://www.sec.gov/Archives/edgar/data/857005/000085700514000010/0000857005-14-000010-index.htm",
    "finalLink": "https://www.sec.gov/Archives/edgar/data/857005/000085700514000010/ptc03292014-q2.htm"
  },
  {
    "date": "2013-12-28",
    "symbol": "PTC",
    "reportedCurrency": "USD",
    "cik": "0000857005",
    "fillingDate": "2014-02-04",
    "acceptedDate": "2014-02-04 16:46:56",
    "calendarYear": "2014",
    "period": "Q1",
    "revenue": 324925000,
    "costOfRevenue": 92956000,
    "grossProfit": 231969000,
    "grossProfitRatio": 0.713915519,
    "researchAndDevelopmentExpenses": 53073000,
    "generalAndAdministrativeExpenses": 30931000,
    "sellingAndMarketingExpenses": 84238000,
    "sellingGeneralAndAdministrativeExpenses": 115169000,
    "otherExpenses": -1753000,
    "operatingExpenses": 176031000,
    "costAndExpenses": 268987000,
    "interestIncome": 700000,
    "interestExpense": 1300000,
    "depreciationAndAmortization": 19100000,
    "ebitda": 73518000,
    "ebitdaratio": 0.2262614449,
    "operatingIncome": 54871000,
    "operatingIncomeRatio": 0.1688728168,
    "totalOtherIncomeExpensesNet": -1753000,
    "incomeBeforeTax": 53118000,
    "incomeBeforeTaxRatio": 0.1634777256,
    "incomeTaxExpense": 13461000,
    "netIncome": 39657000,
    "netIncomeRatio": 0.1220497038,
    "eps": 0.33,
    "epsdiluted": 0.33,
    "weightedAverageShsOut": 120172727,
    "weightedAverageShsOutDil": 121100000,
    "link": "https://www.sec.gov/Archives/edgar/data/857005/000085700514000004/0000857005-14-000004-index.htm",
    "finalLink": "https://www.sec.gov/Archives/edgar/data/857005/000085700514000004/ptc12282013-q1.htm"
  },
  {
    "date": "2013-09-30",
    "symbol": "PTC",
    "reportedCurrency": "USD",
    "cik": "0000857005",
    "fillingDate": "2013-11-22",
    "acceptedDate": "2013-11-22 16:51:32",
    "calendarYear": "2013",
    "period": "Q4",
    "revenue": 344845000,
    "costOfRevenue": 91529000,
    "grossProfit": 253316000,
    "grossProfitRatio": 0.7345793037,
    "researchAndDevelopmentExpenses": 55127000,
    "generalAndAdministrativeExpenses": 33910000,
    "sellingAndMarketingExpenses": 90734000,
    "sellingGeneralAndAdministrativeExpenses": 124644000,
    "otherExpenses": -599000,
    "operatingExpenses": 186462000,
    "costAndExpenses": 277991000,
    "interestIncome": 662000,
    "interestExpense": 1476000,
    "depreciationAndAmortization": 19119000,
    "ebitda": 69002000,
    "ebitdaratio": 0.2000956952,
    "operatingIncome": 49006000,
    "operatingIncomeRatio": 0.1421102234,
    "totalOtherIncomeExpensesNet": -599000,
    "incomeBeforeTax": 48407000,
    "incomeBeforeTaxRatio": 0.1403732112,
    "incomeTaxExpense": -8059000,
    "netIncome": 56466000,
    "netIncomeRatio": 0.163743131,
    "eps": 0.47,
    "epsdiluted": 0.47,
    "weightedAverageShsOut": 120158321,
    "weightedAverageShsOutDil": 121267000,
    "link": "https://www.sec.gov/Archives/edgar/data/857005/000085700513000038/0000857005-13-000038-index.htm",
    "finalLink": "https://www.sec.gov/Archives/edgar/data/857005/000085700513000038/ptc9-30x1310xk.htm"
  },
  {
    "date": "2013-06-29",
    "symbol": "PTC",
    "reportedCurrency": "USD",
    "cik": "0000857005",
    "fillingDate": "2013-08-07",
    "acceptedDate": "2013-08-07 16:15:18",
    "calendarYear": "2013",
    "period": "Q3",
    "revenue": 314996000,
    "costOfRevenue": 91168000,
    "grossProfit": 223828000,
    "grossProfitRatio": 0.7105741025,
    "researchAndDevelopmentExpenses": 53834000,
    "generalAndAdministrativeExpenses": 28812000,
    "sellingAndMarketingExpenses": 88298000,
    "sellingGeneralAndAdministrativeExpenses": 117110000,
    "otherExpenses": 3181000,
    "operatingExpenses": 177476000,
    "costAndExpenses": 268644000,
    "interestIncome": 700000,
    "interestExpense": 1700000,
    "depreciationAndAmortization": 18568000,
    "ebitda": 66664000,
    "ebitdaratio": 0.2116344335,
    "operatingIncome": 43215000,
    "operatingIncomeRatio": 0.1371922183,
    "totalOtherIncomeExpensesNet": 3181000,
    "incomeBeforeTax": 46396000,
    "incomeBeforeTaxRatio": 0.1472907592,
    "incomeTaxExpense": 11941000,
    "netIncome": 34455000,
    "netIncomeRatio": 0.1093823414,
    "eps": 0.29,
    "epsdiluted": 0.29,
    "weightedAverageShsOut": 119440082,
    "weightedAverageShsOutDil": 120828000,
    "link": "https://www.sec.gov/Archives/edgar/data/857005/000085700513000026/0000857005-13-000026-index.htm",
    "finalLink": "https://www.sec.gov/Archives/edgar/data/857005/000085700513000026/ptc06292013-q3.htm"
  },
  {
    "date": "2013-03-30",
    "symbol": "PTC",
    "reportedCurrency": "USD",
    "cik": "0000857005",
    "fillingDate": "2013-05-08",
    "acceptedDate": "2013-05-08 16:08:30",
    "calendarYear": "2013",
    "period": "Q2",
    "revenue": 313949000,
    "costOfRevenue": 93270000,
    "grossProfit": 220679000,
    "grossProfitRatio": 0.7029135305,
    "researchAndDevelopmentExpenses": 55528000,
    "generalAndAdministrativeExpenses": 33398000,
    "sellingAndMarketingExpenses": 88059000,
    "sellingGeneralAndAdministrativeExpenses": 121457000,
    "otherExpenses": -1867000,
    "operatingExpenses": 183625000,
    "costAndExpenses": 276895000,
    "interestIncome": 700000,
    "interestExpense": 1900000,
    "depreciationAndAmortization": 19387000,
    "ebitda": 40664000,
    "ebitdaratio": 0.1295242221,
    "operatingIncome": 21244000,
    "operatingIncomeRatio": 0.0676670415,
    "totalOtherIncomeExpensesNet": -1867000,
    "incomeBeforeTax": 19377000,
    "incomeBeforeTaxRatio": 0.0617202157,
    "incomeTaxExpense": 2340000,
    "netIncome": 17037000,
    "netIncomeRatio": 0.0542667758,
    "eps": 0.14,
    "epsdiluted": 0.14,
    "weightedAverageShsOut": 121071000,
    "weightedAverageShsOutDil": 121071000,
    "link": "https://www.sec.gov/Archives/edgar/data/857005/000085700513000018/0000857005-13-000018-index.htm",
    "finalLink": "https://www.sec.gov/Archives/edgar/data/857005/000085700513000018/ptc03302013-q2.htm"
  },
  {
    "date": "2012-12-29",
    "symbol": "PTC",
    "reportedCurrency": "USD",
    "cik": "0000857005",
    "fillingDate": "2013-02-06",
    "acceptedDate": "2013-02-06 16:45:44",
    "calendarYear": "2013",
    "period": "Q1",
    "revenue": 319751000,
    "costOfRevenue": 97072000,
    "grossProfit": 222679000,
    "grossProfitRatio": 0.696413772,
    "researchAndDevelopmentExpenses": 57429000,
    "generalAndAdministrativeExpenses": 35817000,
    "sellingAndMarketingExpenses": 93549000,
    "sellingGeneralAndAdministrativeExpenses": 129366000,
    "otherExpenses": -1805000,
    "operatingExpenses": 193418000,
    "costAndExpenses": 290490000,
    "interestIncome": 800000,
    "interestExpense": 1900000,
    "depreciationAndAmortization": 19477000,
    "ebitda": 33431000,
    "ebitdaratio": 0.1045532305,
    "operatingIncome": 13859000,
    "operatingIncomeRatio": 0.0433431014,
    "totalOtherIncomeExpensesNet": -1805000,
    "incomeBeforeTax": 12054000,
    "incomeBeforeTaxRatio": 0.0376980838,
    "incomeTaxExpense": -23757000,
    "netIncome": 35811000,
    "netIncomeRatio": 0.1119965223,
    "eps": 0.3,
    "epsdiluted": 0.29,
    "weightedAverageShsOut": 119927000,
    "weightedAverageShsOutDil": 121805000,
    "link": "https://www.sec.gov/Archives/edgar/data/857005/000085700513000009/0000857005-13-000009-index.htm",
    "finalLink": "https://www.sec.gov/Archives/edgar/data/857005/000085700513000009/ptc-12292012xq1.htm"
  },
  {
    "date": "2012-09-30",
    "symbol": "PTC",
    "reportedCurrency": "USD",
    "cik": "0000857005",
    "fillingDate": "2012-11-16",
    "acceptedDate": "2012-11-16 17:29:10",
    "calendarYear": "2012",
    "period": "Q4",
    "revenue": 325295000,
    "costOfRevenue": 87839000,
    "grossProfit": 237456000,
    "grossProfitRatio": 0.7299712569,
    "researchAndDevelopmentExpenses": 52131000,
    "generalAndAdministrativeExpenses": 28511000,
    "sellingAndMarketingExpenses": 94350000,
    "sellingGeneralAndAdministrativeExpenses": 122861000,
    "otherExpenses": 4859000,
    "operatingExpenses": 179851000,
    "costAndExpenses": 267690000,
    "interestIncome": 620000,
    "interestExpense": 1346000,
    "depreciationAndAmortization": 16319000,
    "ebitda": 73824000,
    "ebitdaratio": 0.2269447732,
    "operatingIncome": 57605000,
    "operatingIncomeRatio": 0.1770854148,
    "totalOtherIncomeExpensesNet": -1446000,
    "incomeBeforeTax": 56159000,
    "incomeBeforeTaxRatio": 0.1726402189,
    "incomeTaxExpense": 140144000,
    "netIncome": -83985000,
    "netIncomeRatio": -0.2581810357,
    "eps": -0.71,
    "epsdiluted": -0.71,
    "weightedAverageShsOut": 118705000,
    "weightedAverageShsOutDil": 118705000,
    "link": "https://www.sec.gov/Archives/edgar/data/857005/000085700512000031/0000857005-12-000031-index.htm",
    "finalLink": "https://www.sec.gov/Archives/edgar/data/857005/000085700512000031/ptc9-30x1210xk.htm"
  },
  {
    "date": "2012-06-30",
    "symbol": "PTC",
    "reportedCurrency": "USD",
    "cik": "0000857005",
    "fillingDate": "2012-07-30",
    "acceptedDate": "2012-07-30 17:02:59",
    "calendarYear": "2012",
    "period": "Q3",
    "revenue": 310983000,
    "costOfRevenue": 92854000,
    "grossProfit": 218129000,
    "grossProfitRatio": 0.7014177624,
    "researchAndDevelopmentExpenses": 53260000,
    "generalAndAdministrativeExpenses": 29851000,
    "sellingAndMarketingExpenses": 94706000,
    "sellingGeneralAndAdministrativeExpenses": 124557000,
    "otherExpenses": 5103000,
    "operatingExpenses": 182920000,
    "costAndExpenses": 275774000,
    "interestIncome": 700000,
    "interestExpense": 1000000,
    "depreciationAndAmortization": 16867000,
    "ebitda": 48646000,
    "ebitdaratio": 0.1564265571,
    "operatingIncome": 31083000,
    "operatingIncomeRatio": 0.0999508012,
    "totalOtherIncomeExpensesNet": -304000,
    "incomeBeforeTax": 30779000,
    "incomeBeforeTaxRatio": 0.0989732558,
    "incomeTaxExpense": 7884000,
    "netIncome": 22895000,
    "netIncomeRatio": 0.0736213877,
    "eps": 0.19,
    "epsdiluted": 0.19,
    "weightedAverageShsOut": 119042000,
    "weightedAverageShsOutDil": 120728000,
    "link": "https://www.sec.gov/Archives/edgar/data/857005/000085700512000019/0000857005-12-000019-index.htm",
    "finalLink": "https://www.sec.gov/Archives/edgar/data/857005/000085700512000019/pmtc-6302012xq3.htm"
  },
  {
    "date": "2012-03-31",
    "symbol": "PTC",
    "reportedCurrency": "USD",
    "cik": "0000857005",
    "fillingDate": "2012-05-09",
    "acceptedDate": "2012-05-09 08:28:18",
    "calendarYear": "2012",
    "period": "Q2",
    "revenue": 301125000,
    "costOfRevenue": 93216000,
    "grossProfit": 207909000,
    "grossProfitRatio": 0.6904408468,
    "researchAndDevelopmentExpenses": 54576000,
    "generalAndAdministrativeExpenses": 29534000,
    "sellingAndMarketingExpenses": 90962000,
    "sellingGeneralAndAdministrativeExpenses": 120496000,
    "otherExpenses": 5132000,
    "operatingExpenses": 180204000,
    "costAndExpenses": 273420000,
    "interestIncome": 700000,
    "interestExpense": 1200000,
    "depreciationAndAmortization": 16259000,
    "ebitda": 21395000,
    "ebitdaratio": 0.0710502283,
    "operatingIncome": 6903000,
    "operatingIncomeRatio": 0.0229240349,
    "totalOtherIncomeExpensesNet": -2967000,
    "incomeBeforeTax": 3936000,
    "incomeBeforeTaxRatio": 0.0130709838,
    "incomeTaxExpense": 367000,
    "netIncome": 3569000,
    "netIncomeRatio": 0.0118522208,
    "eps": 0.03,
    "epsdiluted": 0.0294,
    "weightedAverageShsOut": 119003000,
    "weightedAverageShsOutDil": 121401000,
    "link": "https://www.sec.gov/Archives/edgar/data/857005/000085700512000014/0000857005-12-000014-index.htm",
    "finalLink": "https://www.sec.gov/Archives/edgar/data/857005/000085700512000014/pmtc-3312012xq2.htm"
  },
  {
    "date": "2011-12-31",
    "symbol": "PTC",
    "reportedCurrency": "USD",
    "cik": "0000857005",
    "fillingDate": "2012-02-08",
    "acceptedDate": "2012-02-08 16:09:12",
    "calendarYear": "2012",
    "period": "Q1",
    "revenue": 318276000,
    "costOfRevenue": 98219000,
    "grossProfit": 220057000,
    "grossProfitRatio": 0.691403059,
    "researchAndDevelopmentExpenses": 54993000,
    "generalAndAdministrativeExpenses": 29572000,
    "sellingAndMarketingExpenses": 97778000,
    "sellingGeneralAndAdministrativeExpenses": 127350000,
    "otherExpenses": 5209000,
    "operatingExpenses": 187552000,
    "costAndExpenses": 285771000,
    "interestIncome": 800000,
    "interestExpense": 1200000,
    "depreciationAndAmortization": 17026000,
    "ebitda": 48088000,
    "ebitdaratio": 0.1510889919,
    "operatingIncome": 32505000,
    "operatingIncomeRatio": 0.1021283414,
    "totalOtherIncomeExpensesNet": -2643000,
    "incomeBeforeTax": 29862000,
    "incomeBeforeTaxRatio": 0.093824228,
    "incomeTaxExpense": 7739000,
    "netIncome": 22123000,
    "netIncomeRatio": 0.069508854,
    "eps": 0.19,
    "epsdiluted": 0.18,
    "weightedAverageShsOut": 117715000,
    "weightedAverageShsOutDil": 120576000,
    "link": "https://www.sec.gov/Archives/edgar/data/857005/000085700512000005/0000857005-12-000005-index.htm",
    "finalLink": "https://www.sec.gov/Archives/edgar/data/857005/000085700512000005/pmtc-12312011xq1.htm"
  },
  {
    "date": "2011-09-30",
    "symbol": "PTC",
    "reportedCurrency": "USD",
    "cik": "0000857005",
    "fillingDate": "2011-11-23",
    "acceptedDate": "2011-11-22 17:58:43",
    "calendarYear": "2011",
    "period": "Q4",
    "revenue": 339425000,
    "costOfRevenue": 98527000,
    "grossProfit": 240898000,
    "grossProfitRatio": 0.7097237976,
    "researchAndDevelopmentExpenses": 55730000,
    "generalAndAdministrativeExpenses": 30213000,
    "sellingAndMarketingExpenses": 98261000,
    "sellingGeneralAndAdministrativeExpenses": 128474000,
    "otherExpenses": 5446000,
    "operatingExpenses": 189650000,
    "costAndExpenses": 288177000,
    "interestIncome": 1144000,
    "interestExpense": 2010000,
    "depreciationAndAmortization": 17847000,
    "ebitda": 67518000,
    "ebitdaratio": 0.1989187597,
    "operatingIncome": 51248000,
    "operatingIncomeRatio": 0.1509847536,
    "totalOtherIncomeExpensesNet": -3587000,
    "incomeBeforeTax": 47661000,
    "incomeBeforeTaxRatio": 0.1404168815,
    "incomeTaxExpense": 10040000,
    "netIncome": 37621000,
    "netIncomeRatio": 0.1108374457,
    "eps": 0.32,
    "epsdiluted": 0.31,
    "weightedAverageShsOut": 117579000,
    "weightedAverageShsOutDil": 120974000,
    "link": "https://www.sec.gov/Archives/edgar/data/857005/000119312511320097/0001193125-11-320097-index.htm",
    "finalLink": "https://www.sec.gov/Archives/edgar/data/857005/000119312511320097/d230140d10k.htm"
  },
  {
    "date": "2011-07-02",
    "symbol": "PTC",
    "reportedCurrency": "USD",
    "cik": "0000857005",
    "fillingDate": "2011-08-10",
    "acceptedDate": "2011-08-10 17:15:02",
    "calendarYear": "2011",
    "period": "Q3",
    "revenue": 291783000,
    "costOfRevenue": 90409000,
    "grossProfit": 201374000,
    "grossProfitRatio": 0.6901498717,
    "researchAndDevelopmentExpenses": 51103000,
    "generalAndAdministrativeExpenses": 31882000,
    "sellingAndMarketingExpenses": 89106000,
    "sellingGeneralAndAdministrativeExpenses": 120988000,
    "otherExpenses": 4753000,
    "operatingExpenses": 176844000,
    "costAndExpenses": 267253000,
    "interestIncome": 1000000,
    "interestExpense": 800000,
    "depreciationAndAmortization": 15827000,
    "ebitda": 34886000,
    "ebitdaratio": 0.1195614549,
    "operatingIncome": 24530000,
    "operatingIncomeRatio": 0.0840693255,
    "totalOtherIncomeExpensesNet": -6271000,
    "incomeBeforeTax": 18259000,
    "incomeBeforeTaxRatio": 0.0625773263,
    "incomeTaxExpense": 2733000,
    "netIncome": 15526000,
    "netIncomeRatio": 0.0532107765,
    "eps": 0.13,
    "epsdiluted": 0.13,
    "weightedAverageShsOut": 118214000,
    "weightedAverageShsOutDil": 121164000,
    "link": "https://www.sec.gov/Archives/edgar/data/857005/000119312511218270/0001193125-11-218270-index.htm",
    "finalLink": "https://www.sec.gov/Archives/edgar/data/857005/000119312511218270/d10q.htm"
  },
  {
    "date": "2011-04-02",
    "symbol": "PTC",
    "reportedCurrency": "USD",
    "cik": "0000857005",
    "fillingDate": "2011-05-11",
    "acceptedDate": "2011-05-11 16:04:55",
    "calendarYear": "2011",
    "period": "Q2",
    "revenue": 269189000,
    "costOfRevenue": 81771000,
    "grossProfit": 187418000,
    "grossProfitRatio": 0.6962320154,
    "researchAndDevelopmentExpenses": 53051000,
    "generalAndAdministrativeExpenses": 24712000,
    "sellingAndMarketingExpenses": 81163000,
    "sellingGeneralAndAdministrativeExpenses": 105875000,
    "otherExpenses": 4266000,
    "operatingExpenses": 163192000,
    "costAndExpenses": 244963000,
    "interestIncome": 900000,
    "interestExpense": 300000,
    "depreciationAndAmortization": 14651000,
    "ebitda": 38455000,
    "ebitdaratio": 0.1428550201,
    "operatingIncome": 24226000,
    "operatingIncomeRatio": 0.089996248,
    "totalOtherIncomeExpensesNet": -822000,
    "incomeBeforeTax": 23404000,
    "incomeBeforeTaxRatio": 0.0869426314,
    "incomeTaxExpense": 4387000,
    "netIncome": 19017000,
    "netIncomeRatio": 0.0706455316,
    "eps": 0.16,
    "epsdiluted": 0.16,
    "weightedAverageShsOut": 118194000,
    "weightedAverageShsOutDil": 121502000,
    "link": "https://www.sec.gov/Archives/edgar/data/857005/000119312511135885/0001193125-11-135885-index.htm",
    "finalLink": "https://www.sec.gov/Archives/edgar/data/857005/000119312511135885/d10q.htm"
  },
  {
    "date": "2011-01-01",
    "symbol": "PTC",
    "reportedCurrency": "USD",
    "cik": "0000857005",
    "fillingDate": "2011-02-09",
    "acceptedDate": "2011-02-09 15:57:35",
    "calendarYear": "2011",
    "period": "Q1",
    "revenue": 266552000,
    "costOfRevenue": 86061000,
    "grossProfit": 180491000,
    "grossProfitRatio": 0.6771324169,
    "researchAndDevelopmentExpenses": 51522000,
    "generalAndAdministrativeExpenses": 23484000,
    "sellingAndMarketingExpenses": 84521000,
    "sellingGeneralAndAdministrativeExpenses": 108005000,
    "otherExpenses": 3854000,
    "operatingExpenses": 163381000,
    "costAndExpenses": 249442000,
    "interestIncome": 900000,
    "interestExpense": 300000,
    "depreciationAndAmortization": 14069000,
    "ebitda": 29593000,
    "ebitdaratio": 0.1110214892,
    "operatingIncome": 17110000,
    "operatingIncomeRatio": 0.0641901017,
    "totalOtherIncomeExpensesNet": -1886000,
    "incomeBeforeTax": 15224000,
    "incomeBeforeTaxRatio": 0.0571145593,
    "incomeTaxExpense": 1964000,
    "netIncome": 13260000,
    "netIncomeRatio": 0.0497463909,
    "eps": 0.11,
    "epsdiluted": 0.11,
    "weightedAverageShsOut": 116827000,
    "weightedAverageShsOutDil": 121150000,
    "link": "https://www.sec.gov/Archives/edgar/data/857005/000119312511028935/0001193125-11-028935-index.htm",
    "finalLink": "https://www.sec.gov/Archives/edgar/data/857005/000119312511028935/d10q.htm"
  },
  {
    "date": "2010-09-30",
    "symbol": "PTC",
    "reportedCurrency": "USD",
    "cik": "0000857005",
    "fillingDate": "2010-11-23",
    "acceptedDate": "2010-11-23 13:06:46",
    "calendarYear": "2010",
    "period": "Q4",
    "revenue": 268066000,
    "costOfRevenue": 77147000,
    "grossProfit": 190919000,
    "grossProfitRatio": 0.7122089336,
    "researchAndDevelopmentExpenses": 50320000,
    "generalAndAdministrativeExpenses": 23242000,
    "sellingAndMarketingExpenses": 84676000,
    "sellingGeneralAndAdministrativeExpenses": 107918000,
    "otherExpenses": 3736000,
    "operatingExpenses": 161974000,
    "costAndExpenses": 239121000,
    "interestIncome": 809000,
    "interestExpense": 326000,
    "depreciationAndAmortization": 14644000,
    "ebitda": 52725000,
    "ebitdaratio": 0.1966866369,
    "operatingIncome": 28945000,
    "operatingIncomeRatio": 0.10797714,
    "totalOtherIncomeExpensesNet": 8810000,
    "incomeBeforeTax": 37755000,
    "incomeBeforeTaxRatio": 0.1408421807,
    "incomeTaxExpense": 50970000,
    "netIncome": -13215000,
    "netIncomeRatio": -0.049297561,
    "eps": -0.11,
    "epsdiluted": -0.11,
    "weightedAverageShsOut": 115639000,
    "weightedAverageShsOutDil": 119925000,
    "link": "https://www.sec.gov/Archives/edgar/data/857005/000119312510267323/0001193125-10-267323-index.htm",
    "finalLink": "https://www.sec.gov/Archives/edgar/data/857005/000119312510267323/d10k.htm"
  },
  {
    "date": "2010-07-03",
    "symbol": "PTC",
    "reportedCurrency": "USD",
    "cik": "0000857005",
    "fillingDate": "2010-08-12",
    "acceptedDate": "2010-08-12 13:15:09",
    "calendarYear": "2010",
    "period": "Q3",
    "revenue": 242998000,
    "costOfRevenue": 74711000,
    "grossProfit": 168287000,
    "grossProfitRatio": 0.6925447946,
    "researchAndDevelopmentExpenses": 50597000,
    "generalAndAdministrativeExpenses": 22755000,
    "sellingAndMarketingExpenses": 79121000,
    "sellingGeneralAndAdministrativeExpenses": 101876000,
    "otherExpenses": 3836000,
    "operatingExpenses": 156309000,
    "costAndExpenses": 231020000,
    "interestIncome": 700000,
    "interestExpense": 300000,
    "depreciationAndAmortization": 15639000,
    "ebitda": 27597000,
    "ebitdaratio": 0.113568836,
    "operatingIncome": 11978000,
    "operatingIncomeRatio": 0.0492925868,
    "totalOtherIncomeExpensesNet": -320000,
    "incomeBeforeTax": 11658000,
    "incomeBeforeTaxRatio": 0.0479757035,
    "incomeTaxExpense": 940000,
    "netIncome": 10718000,
    "netIncomeRatio": 0.0441073589,
    "eps": 0.093,
    "epsdiluted": 0.0901,
    "weightedAverageShsOut": 115188000,
    "weightedAverageShsOutDil": 119003000,
    "link": "https://www.sec.gov/Archives/edgar/data/857005/000119312510187009/0001193125-10-187009-index.htm",
    "finalLink": "https://www.sec.gov/Archives/edgar/data/857005/000119312510187009/d10q.htm"
  },
  {
    "date": "2010-04-03",
    "symbol": "PTC",
    "reportedCurrency": "USD",
    "cik": "0000857005",
    "fillingDate": "2010-05-13",
    "acceptedDate": "2010-05-13 14:46:38",
    "calendarYear": "2010",
    "period": "Q2",
    "revenue": 240556000,
    "costOfRevenue": 77166000,
    "grossProfit": 163390000,
    "grossProfitRatio": 0.6792181446,
    "researchAndDevelopmentExpenses": 49960000,
    "generalAndAdministrativeExpenses": 22807000,
    "sellingAndMarketingExpenses": 75137000,
    "sellingGeneralAndAdministrativeExpenses": 97944000,
    "otherExpenses": 3975000,
    "operatingExpenses": 151879000,
    "costAndExpenses": 229045000,
    "interestIncome": 700000,
    "interestExpense": 300000,
    "depreciationAndAmortization": 15976000,
    "ebitda": 27182000,
    "ebitdaratio": 0.112996558,
    "operatingIncome": 11511000,
    "operatingIncomeRatio": 0.0478516437,
    "totalOtherIncomeExpensesNet": -605000,
    "incomeBeforeTax": 10906000,
    "incomeBeforeTaxRatio": 0.0453366368,
    "incomeTaxExpense": 1904000,
    "netIncome": 9002000,
    "netIncomeRatio": 0.0374216399,
    "eps": 0.0776,
    "epsdiluted": 0.0751,
    "weightedAverageShsOut": 115951000,
    "weightedAverageShsOutDil": 119856000,
    "link": "https://www.sec.gov/Archives/edgar/data/857005/000119312510118795/0001193125-10-118795-index.htm",
    "finalLink": "https://www.sec.gov/Archives/edgar/data/857005/000119312510118795/d10q.htm"
  },
  {
    "date": "2010-01-02",
    "symbol": "PTC",
    "reportedCurrency": "USD",
    "cik": "0000857005",
    "fillingDate": "2010-02-11",
    "acceptedDate": "2010-02-11 14:35:49",
    "calendarYear": "2010",
    "period": "Q1",
    "revenue": 258429000,
    "costOfRevenue": 78671000,
    "grossProfit": 179758000,
    "grossProfitRatio": 0.6955798304,
    "researchAndDevelopmentExpenses": 50690000,
    "generalAndAdministrativeExpenses": 24071000,
    "sellingAndMarketingExpenses": 78598000,
    "sellingGeneralAndAdministrativeExpenses": 102669000,
    "otherExpenses": 4058000,
    "operatingExpenses": 157417000,
    "costAndExpenses": 236088000,
    "interestIncome": 800000,
    "interestExpense": 500000,
    "depreciationAndAmortization": 15923000,
    "ebitda": 38240000,
    "ebitdaratio": 0.1479710094,
    "operatingIncome": 22341000,
    "operatingIncomeRatio": 0.0864492762,
    "totalOtherIncomeExpensesNet": -524000,
    "incomeBeforeTax": 21817000,
    "incomeBeforeTaxRatio": 0.08442164,
    "incomeTaxExpense": 3954000,
    "netIncome": 17863000,
    "netIncomeRatio": 0.0691214995,
    "eps": 0.15,
    "epsdiluted": 0.15,
    "weightedAverageShsOut": 116253000,
    "weightedAverageShsOutDil": 121113000,
    "link": "https://www.sec.gov/Archives/edgar/data/857005/000119312510028549/0001193125-10-028549-index.htm",
    "finalLink": "https://www.sec.gov/Archives/edgar/data/857005/000119312510028549/d10q.htm"
  },
  {
    "date": "2009-09-30",
    "symbol": "PTC",
    "reportedCurrency": "USD",
    "cik": "0000857005",
    "fillingDate": "2009-11-24",
    "acceptedDate": "2009-11-24 17:19:11",
    "calendarYear": "2009",
    "period": "Q4",
    "revenue": 246343000,
    "costOfRevenue": 73350000,
    "grossProfit": 172993000,
    "grossProfitRatio": 0.7022444315,
    "researchAndDevelopmentExpenses": 48826000,
    "generalAndAdministrativeExpenses": 22295000,
    "sellingAndMarketingExpenses": 76297000,
    "sellingGeneralAndAdministrativeExpenses": 98592000,
    "otherExpenses": 4110000,
    "operatingExpenses": 151528000,
    "costAndExpenses": 224878000,
    "interestIncome": 857000,
    "interestExpense": 897000,
    "depreciationAndAmortization": 16052000,
    "ebitda": 31828000,
    "ebitdaratio": 0.1292019664,
    "operatingIncome": 15191000,
    "operatingIncomeRatio": 0.061666051,
    "totalOtherIncomeExpensesNet": -312000,
    "incomeBeforeTax": 14879000,
    "incomeBeforeTaxRatio": 0.0603995242,
    "incomeTaxExpense": -1021000,
    "netIncome": 15900000,
    "netIncomeRatio": 0.0645441519,
    "eps": 0.14,
    "epsdiluted": 0.14,
    "weightedAverageShsOut": 114950000,
    "weightedAverageShsOutDil": 117359000,
    "link": "https://www.sec.gov/Archives/edgar/data/857005/000119312509241507/0001193125-09-241507-index.htm",
    "finalLink": "https://www.sec.gov/Archives/edgar/data/857005/000119312509241507/d10k.htm"
  },
  {
    "date": "2009-07-04",
    "symbol": "PTC",
    "reportedCurrency": "USD",
    "cik": "0000857005",
    "fillingDate": "2009-08-13",
    "acceptedDate": "2009-08-13 15:38:39",
    "calendarYear": "2009",
    "period": "Q3",
    "revenue": 226159000,
    "costOfRevenue": 73806000,
    "grossProfit": 152353000,
    "grossProfitRatio": 0.6736543759,
    "researchAndDevelopmentExpenses": 46562000,
    "generalAndAdministrativeExpenses": 19245000,
    "sellingAndMarketingExpenses": 73823000,
    "sellingGeneralAndAdministrativeExpenses": 93068000,
    "otherExpenses": 3827000,
    "operatingExpenses": 143457000,
    "costAndExpenses": 217263000,
    "interestIncome": 900000,
    "interestExpense": 400000,
    "depreciationAndAmortization": 15601000,
    "ebitda": 17497000,
    "ebitdaratio": 0.077365924,
    "operatingIncome": 1987000,
    "operatingIncomeRatio": 0.0087858542,
    "totalOtherIncomeExpensesNet": -491000,
    "incomeBeforeTax": 1496000,
    "incomeBeforeTaxRatio": 0.0066148152,
    "incomeTaxExpense": -2292000,
    "netIncome": 3788000,
    "netIncomeRatio": 0.0167492782,
    "eps": 0.0329,
    "epsdiluted": 0.0324,
    "weightedAverageShsOut": 115194000,
    "weightedAverageShsOutDil": 117074000,
    "link": "https://www.sec.gov/Archives/edgar/data/857005/000119312509174339/0001193125-09-174339-index.htm",
    "finalLink": "https://www.sec.gov/Archives/edgar/data/857005/000119312509174339/d10q.htm"
  },
  {
    "date": "2009-04-04",
    "symbol": "PTC",
    "reportedCurrency": "USD",
    "cik": "0000857005",
    "fillingDate": "2009-05-14",
    "acceptedDate": "2009-05-14 16:18:08",
    "calendarYear": "2009",
    "period": "Q2",
    "revenue": 225292000,
    "costOfRevenue": 79278000,
    "grossProfit": 146014000,
    "grossProfitRatio": 0.6481100083,
    "researchAndDevelopmentExpenses": 44752000,
    "generalAndAdministrativeExpenses": 17693000,
    "sellingAndMarketingExpenses": 71387000,
    "sellingGeneralAndAdministrativeExpenses": 89080000,
    "otherExpenses": 3815000,
    "operatingExpenses": 137647000,
    "costAndExpenses": 216925000,
    "interestIncome": 1200000,
    "interestExpense": 700000,
    "depreciationAndAmortization": 15162000,
    "ebitda": 14191000,
    "ebitdaratio": 0.0629893649,
    "operatingIncome": -1421000,
    "operatingIncomeRatio": -0.00630737,
    "totalOtherIncomeExpensesNet": -250000,
    "incomeBeforeTax": -1671000,
    "incomeBeforeTaxRatio": -0.007417041,
    "incomeTaxExpense": -8846000,
    "netIncome": 7175000,
    "netIncomeRatio": 0.0318475578,
    "eps": 0.0625,
    "epsdiluted": 0.062,
    "weightedAverageShsOut": 114793000,
    "weightedAverageShsOutDil": 115656000,
    "link": "https://www.sec.gov/Archives/edgar/data/857005/000119312509111423/0001193125-09-111423-index.htm",
    "finalLink": "https://www.sec.gov/Archives/edgar/data/857005/000119312509111423/d10q.htm"
  },
  {
    "date": "2009-01-03",
    "symbol": "PTC",
    "reportedCurrency": "USD",
    "cik": "0000857005",
    "fillingDate": "2009-02-12",
    "acceptedDate": "2009-02-12 17:09:04",
    "calendarYear": "2009",
    "period": "Q1",
    "revenue": 240391000,
    "costOfRevenue": 83325000,
    "grossProfit": 157066000,
    "grossProfitRatio": 0.6533772063,
    "researchAndDevelopmentExpenses": 48361000,
    "generalAndAdministrativeExpenses": 21437000000,
    "sellingAndMarketingExpenses": 79862000000,
    "sellingGeneralAndAdministrativeExpenses": 101299000,
    "otherExpenses": 3868000,
    "operatingExpenses": 153528000,
    "costAndExpenses": 236853000,
    "interestIncome": 1600000,
    "interestExpense": 1200000,
    "depreciationAndAmortization": 14795000,
    "ebitda": 18462000,
    "ebitdaratio": 0.0767998802,
    "operatingIncome": 3538000,
    "operatingIncomeRatio": 0.0147176891,
    "totalOtherIncomeExpensesNet": -1071000,
    "incomeBeforeTax": 2467000,
    "incomeBeforeTaxRatio": 0.0102624474,
    "incomeTaxExpense": -2192000,
    "netIncome": 4659000,
    "netIncomeRatio": 0.0193809252,
    "eps": 0.0407,
    "epsdiluted": 0.0397,
    "weightedAverageShsOut": 114555000,
    "weightedAverageShsOutDil": 117356000,
    "link": "https://www.sec.gov/Archives/edgar/data/857005/000119312509027292/0001193125-09-027292-index.htm",
    "finalLink": "https://www.sec.gov/Archives/edgar/data/857005/000119312509027292/d10q.htm"
  },
  {
    "date": "2008-09-30",
    "symbol": "PTC",
    "reportedCurrency": "USD",
    "cik": "0000857005",
    "fillingDate": "2008-11-26",
    "acceptedDate": "2008-11-26 14:24:51",
    "calendarYear": "2008",
    "period": "Q4",
    "revenue": 299547000,
    "costOfRevenue": 88786000,
    "grossProfit": 210761000,
    "grossProfitRatio": 0.7035991013,
    "researchAndDevelopmentExpenses": 47366000,
    "generalAndAdministrativeExpenses": 87829000,
    "sellingAndMarketingExpenses": 306880000,
    "sellingGeneralAndAdministrativeExpenses": 106907000,
    "otherExpenses": 327847000,
    "operatingExpenses": 152600000,
    "costAndExpenses": 241386000,
    "interestIncome": 0,
    "interestExpense": 0,
    "depreciationAndAmortization": 16537000,
    "ebitda": 74698000,
    "ebitdaratio": 0.2493698819,
    "operatingIncome": 53426000,
    "operatingIncomeRatio": 0.1783559842,
    "totalOtherIncomeExpensesNet": -6500000,
    "incomeBeforeTax": 46926000,
    "incomeBeforeTaxRatio": 0.1566565514,
    "incomeTaxExpense": 10422000,
    "netIncome": 36504000,
    "netIncomeRatio": 0.1218640147,
    "eps": 0.32,
    "epsdiluted": 0.31,
    "weightedAverageShsOut": 113703000,
    "weightedAverageShsOutDil": 117870000,
    "link": "https://www.sec.gov/Archives/edgar/data/857005/000119312508244400/0001193125-08-244400-index.htm",
    "finalLink": "https://www.sec.gov/Archives/edgar/data/857005/000119312508244400/d10k.htm"
  },
  {
    "date": "2008-06-28",
    "symbol": "PTC",
    "reportedCurrency": "USD",
    "cik": "0000857005",
    "fillingDate": "2008-08-07",
    "acceptedDate": "2008-08-07 16:11:39",
    "calendarYear": "2008",
    "period": "Q3",
    "revenue": 271748000,
    "costOfRevenue": 85562000,
    "grossProfit": 186186000,
    "grossProfitRatio": 0.685142117,
    "researchAndDevelopmentExpenses": 47374000,
    "generalAndAdministrativeExpenses": 20294000,
    "sellingAndMarketingExpenses": 78762000,
    "sellingGeneralAndAdministrativeExpenses": 99056000,
    "otherExpenses": 4044000,
    "operatingExpenses": 150474000,
    "costAndExpenses": 236036000,
    "interestIncome": 0,
    "interestExpense": 0,
    "depreciationAndAmortization": 16636000,
    "ebitda": 43748000,
    "ebitdaratio": 0.1609873854,
    "operatingIncome": 31922000,
    "operatingIncomeRatio": 0.1174691258,
    "totalOtherIncomeExpensesNet": -7110000,
    "incomeBeforeTax": 24812000,
    "incomeBeforeTaxRatio": 0.0913051798,
    "incomeTaxExpense": 10342000,
    "netIncome": 14470000,
    "netIncomeRatio": 0.053247862,
    "eps": 0.13,
    "epsdiluted": 0.12,
    "weightedAverageShsOut": 113491000,
    "weightedAverageShsOutDil": 117363000,
    "link": "https://www.sec.gov/Archives/edgar/data/857005/000119312508170085/0001193125-08-170085-index.htm",
    "finalLink": "https://www.sec.gov/Archives/edgar/data/857005/000119312508170085/d10q.htm"
  },
  {
    "date": "2008-03-29",
    "symbol": "PTC",
    "reportedCurrency": "USD",
    "cik": "0000857005",
    "fillingDate": "2008-05-08",
    "acceptedDate": "2008-05-08 16:48:15",
    "calendarYear": "2008",
    "period": "Q2",
    "revenue": 257793000,
    "costOfRevenue": 80653000,
    "grossProfit": 177140000,
    "grossProfitRatio": 0.6871404577,
    "researchAndDevelopmentExpenses": 45734000,
    "generalAndAdministrativeExpenses": 20808000,
    "sellingAndMarketingExpenses": 73359000,
    "sellingGeneralAndAdministrativeExpenses": 94167000,
    "otherExpenses": 4315000,
    "operatingExpenses": 144216000,
    "costAndExpenses": 224869000,
    "interestIncome": 0,
    "interestExpense": 0,
    "depreciationAndAmortization": 14913000,
    "ebitda": 48390000,
    "ebitdaratio": 0.1877087431,
    "operatingIncome": 31032000,
    "operatingIncomeRatio": 0.1203756502,
    "totalOtherIncomeExpensesNet": -355000,
    "incomeBeforeTax": 30677000,
    "incomeBeforeTaxRatio": 0.1189985764,
    "incomeTaxExpense": 11829000,
    "netIncome": 18848000,
    "netIncomeRatio": 0.0731129239,
    "eps": 0.17,
    "epsdiluted": 0.16,
    "weightedAverageShsOut": 113811000,
    "weightedAverageShsOutDil": 117247000,
    "link": "https://www.sec.gov/Archives/edgar/data/857005/000095013508003547/0000950135-08-003547-index.htm",
    "finalLink": "https://www.sec.gov/Archives/edgar/data/857005/000095013508003547/b69744pte10vq.htm"
  },
  {
    "date": "2007-12-29",
    "symbol": "PTC",
    "reportedCurrency": "USD",
    "cik": "0000857005",
    "fillingDate": "2008-02-07",
    "acceptedDate": "2008-02-07 17:12:39",
    "calendarYear": "2008",
    "period": "Q1",
    "revenue": 241242000,
    "costOfRevenue": 75785000,
    "grossProfit": 165457000,
    "grossProfitRatio": 0.6858548677,
    "researchAndDevelopmentExpenses": 41548000,
    "generalAndAdministrativeExpenses": 23551000,
    "sellingAndMarketingExpenses": 71028000,
    "sellingGeneralAndAdministrativeExpenses": 94579000,
    "otherExpenses": 2893000,
    "operatingExpenses": 139020000,
    "costAndExpenses": 214805000,
    "interestIncome": 0,
    "interestExpense": 0,
    "depreciationAndAmortization": 11935000,
    "ebitda": 38372000,
    "ebitdaratio": 0.1590601968,
    "operatingIncome": 14865000,
    "operatingIncomeRatio": 0.0616186236,
    "totalOtherIncomeExpensesNet": 1606000,
    "incomeBeforeTax": 16471000,
    "incomeBeforeTaxRatio": 0.0682758392,
    "incomeTaxExpense": 6591000,
    "netIncome": 9880000,
    "netIncomeRatio": 0.040954726,
    "eps": 0.0869,
    "epsdiluted": 0.0837,
    "weightedAverageShsOut": 113680000,
    "weightedAverageShsOutDil": 118087000,
    "link": "https://www.sec.gov/Archives/edgar/data/857005/000095013508000606/0000950135-08-000606-index.htm",
    "finalLink": "https://www.sec.gov/Archives/edgar/data/857005/000095013508000606/b68402pte10vq.htm"
  },
  {
    "date": "2007-09-30",
    "symbol": "PTC",
    "reportedCurrency": "USD",
    "cik": "0000857005",
    "fillingDate": "2007-11-29",
    "acceptedDate": "2007-11-29 17:11:35",
    "calendarYear": "2007",
    "period": "Q4",
    "revenue": 266420000,
    "costOfRevenue": 74100000,
    "grossProfit": 192320000,
    "grossProfitRatio": 0.7218677276,
    "researchAndDevelopmentExpenses": 44416000,
    "generalAndAdministrativeExpenses": 79777000,
    "sellingAndMarketingExpenses": 292215000,
    "sellingGeneralAndAdministrativeExpenses": 99809000,
    "otherExpenses": 2027000,
    "operatingExpenses": 146252000,
    "costAndExpenses": 220352000,
    "interestIncome": 0,
    "interestExpense": 0,
    "depreciationAndAmortization": 10317000,
    "ebitda": 56385000,
    "ebitdaratio": 0.2116395166,
    "operatingIncome": 30721000,
    "operatingIncomeRatio": 0.1153104121,
    "totalOtherIncomeExpensesNet": 2496000,
    "incomeBeforeTax": 33217000,
    "incomeBeforeTaxRatio": 0.1246790781,
    "incomeTaxExpense": 9341000,
    "netIncome": 23876000,
    "netIncomeRatio": 0.0896178966,
    "eps": 0.21,
    "epsdiluted": 0.2,
    "weightedAverageShsOut": 112734000,
    "weightedAverageShsOutDil": 117494000,
    "link": "https://www.sec.gov/Archives/edgar/data/857005/000095013507007240/0000950135-07-007240-index.htm",
    "finalLink": "https://www.sec.gov/Archives/edgar/data/857005/000095013507007240/b67076pte10vk.htm"
  },
  {
    "date": "2007-06-30",
    "symbol": "PTC",
    "reportedCurrency": "USD",
    "cik": "0000857005",
    "fillingDate": "2007-12-11",
    "acceptedDate": "2007-12-11 17:10:28",
    "calendarYear": "2007",
    "period": "Q3",
    "revenue": 225096000,
    "costOfRevenue": 71757000,
    "grossProfit": 153339000,
    "grossProfitRatio": 0.6812160145,
    "researchAndDevelopmentExpenses": 39798000,
    "generalAndAdministrativeExpenses": 16855000,
    "sellingAndMarketingExpenses": 74573000,
    "sellingGeneralAndAdministrativeExpenses": 91428000,
    "otherExpenses": 1764000,
    "operatingExpenses": 132990000,
    "costAndExpenses": 204747000,
    "interestIncome": 0,
    "interestExpense": 0,
    "depreciationAndAmortization": 9659000,
    "ebitda": 29776000,
    "ebitdaratio": 0.1322813377,
    "operatingIncome": 19805000,
    "operatingIncomeRatio": 0.0879846821,
    "totalOtherIncomeExpensesNet": 2500000,
    "incomeBeforeTax": 22073000,
    "incomeBeforeTaxRatio": 0.0980603831,
    "incomeTaxExpense": -65155000,
    "netIncome": 87228000,
    "netIncomeRatio": 0.3875146604,
    "eps": 0.77,
    "epsdiluted": 0.74,
    "weightedAverageShsOut": 113154000,
    "weightedAverageShsOutDil": 117500000,
    "link": "https://www.sec.gov/Archives/edgar/data/857005/000095013507007467/0000950135-07-007467-index.htm",
    "finalLink": "https://www.sec.gov/Archives/edgar/data/857005/000095013507007467/b67721q3e10vqza.htm"
  },
  {
    "date": "2007-03-31",
    "symbol": "PTC",
    "reportedCurrency": "USD",
    "cik": "0000857005",
    "fillingDate": "2007-12-11",
    "acceptedDate": "2007-12-11 17:08:48",
    "calendarYear": "2007",
    "period": "Q2",
    "revenue": 228096000,
    "costOfRevenue": 72825000,
    "grossProfit": 155271000,
    "grossProfitRatio": 0.6807265362,
    "researchAndDevelopmentExpenses": 40153000,
    "generalAndAdministrativeExpenses": 20711000,
    "sellingAndMarketingExpenses": 71560000,
    "sellingGeneralAndAdministrativeExpenses": 92271000,
    "otherExpenses": 1588000,
    "operatingExpenses": 134012000,
    "costAndExpenses": 206837000,
    "interestIncome": 0,
    "interestExpense": 0,
    "depreciationAndAmortization": 9687000,
    "ebitda": 21259000,
    "ebitdaratio": 0.0932019851,
    "operatingIncome": 21259000,
    "operatingIncomeRatio": 0.0932019851,
    "totalOtherIncomeExpensesNet": 1348000,
    "incomeBeforeTax": 22607000,
    "incomeBeforeTaxRatio": 0.0991117775,
    "incomeTaxExpense": 5208000,
    "netIncome": 17399000,
    "netIncomeRatio": 0.0762792859,
    "eps": 0.15,
    "epsdiluted": 0.15,
    "weightedAverageShsOut": 112845000,
    "weightedAverageShsOutDil": 117486000,
    "link": "https://www.sec.gov/Archives/edgar/data/857005/000095013507007466/0000950135-07-007466-index.htm",
    "finalLink": "https://www.sec.gov/Archives/edgar/data/857005/000095013507007466/b67721q2e10vqza.htm"
  },
  {
    "date": "2006-12-30",
    "symbol": "PTC",
    "reportedCurrency": "USD",
    "cik": "0000857005",
    "fillingDate": "2007-02-08",
    "acceptedDate": "2007-02-08 16:31:01",
    "calendarYear": "2007",
    "period": "Q1",
    "revenue": 221667000,
    "costOfRevenue": 72128000,
    "grossProfit": 149539000,
    "grossProfitRatio": 0.6746110156,
    "researchAndDevelopmentExpenses": 37984000,
    "generalAndAdministrativeExpenses": 18923000,
    "sellingAndMarketingExpenses": 69561000,
    "sellingGeneralAndAdministrativeExpenses": 88484000,
    "otherExpenses": 2088000,
    "operatingExpenses": 128556000,
    "costAndExpenses": 200684000,
    "interestIncome": 0,
    "interestExpense": 0,
    "depreciationAndAmortization": 9536000,
    "ebitda": 20983000,
    "ebitdaratio": 0.094660008,
    "operatingIncome": 20983000,
    "operatingIncomeRatio": 0.094660008,
    "totalOtherIncomeExpensesNet": 780000,
    "incomeBeforeTax": 21763000,
    "incomeBeforeTaxRatio": 0.0981787997,
    "incomeTaxExpense": 6610000,
    "netIncome": 15153000,
    "netIncomeRatio": 0.0683592957,
    "eps": 0.14,
    "epsdiluted": 0.13,
    "weightedAverageShsOut": 111830000,
    "weightedAverageShsOutDil": 117283000,
    "link": "https://www.sec.gov/Archives/edgar/data/857005/000095013507000609/0000950135-07-000609-index.htm",
    "finalLink": "https://www.sec.gov/Archives/edgar/data/857005/000095013507000609/b63770pte10vq.htm"
  },
  {
    "date": "2006-09-30",
    "symbol": "PTC",
    "reportedCurrency": "USD",
    "cik": "0000857005",
    "fillingDate": "2006-12-14",
    "acceptedDate": "2006-12-14 17:18:53",
    "calendarYear": "2006",
    "period": "Q4",
    "revenue": 245502000,
    "costOfRevenue": 73504000,
    "grossProfit": 171998000,
    "grossProfitRatio": 0.7005971438,
    "researchAndDevelopmentExpenses": 39861000,
    "generalAndAdministrativeExpenses": 22107000,
    "sellingAndMarketingExpenses": 76349000,
    "sellingGeneralAndAdministrativeExpenses": 98456000,
    "otherExpenses": 1782000,
    "operatingExpenses": 140099000,
    "costAndExpenses": 213603000,
    "interestIncome": 5443000,
    "interestExpense": 0,
    "depreciationAndAmortization": 9078000,
    "ebitda": 40977000,
    "ebitdaratio": 0.1669110639,
    "operatingIncome": 31899000,
    "operatingIncomeRatio": 0.1299337684,
    "totalOtherIncomeExpensesNet": 956000,
    "incomeBeforeTax": 32855000,
    "incomeBeforeTaxRatio": 0.1338278303,
    "incomeTaxExpense": 7132000,
    "netIncome": 25723000,
    "netIncomeRatio": 0.1047771505,
    "eps": 0.23,
    "epsdiluted": 0.23,
    "weightedAverageShsOut": 109849000,
    "weightedAverageShsOutDil": 113382000,
    "link": "https://www.sec.gov/Archives/edgar/data/857005/000119312506253501/0001193125-06-253501-index.htm",
    "finalLink": "https://www.sec.gov/Archives/edgar/data/857005/000119312506253501/d10k.htm"
  },
  {
    "date": "2006-07-01",
    "symbol": "PTC",
    "reportedCurrency": "USD",
    "cik": "0000857005",
    "fillingDate": "2006-08-11",
    "acceptedDate": "2006-08-10 21:55:08",
    "calendarYear": "2006",
    "period": "Q3",
    "revenue": 216704000,
    "costOfRevenue": 68574000,
    "grossProfit": 148130000,
    "grossProfitRatio": 0.6835591406,
    "researchAndDevelopmentExpenses": 36905000,
    "generalAndAdministrativeExpenses": 18038000,
    "sellingAndMarketingExpenses": 70033000,
    "sellingGeneralAndAdministrativeExpenses": 88071000,
    "otherExpenses": 1646000,
    "operatingExpenses": 126622000,
    "costAndExpenses": 195196000,
    "interestIncome": 0,
    "interestExpense": 0,
    "depreciationAndAmortization": 8685000,
    "ebitda": 30193000,
    "ebitdaratio": 0.1393283004,
    "operatingIncome": 13461000,
    "operatingIncomeRatio": 0.0621169891,
    "totalOtherIncomeExpensesNet": 840000,
    "incomeBeforeTax": 14301000,
    "incomeBeforeTaxRatio": 0.0659932442,
    "incomeTaxExpense": -2575000,
    "netIncome": 16876000,
    "netIncomeRatio": 0.0778758122,
    "eps": 0.15,
    "epsdiluted": 0.15,
    "weightedAverageShsOut": 109947000,
    "weightedAverageShsOutDil": 112871000,
    "link": "https://www.sec.gov/Archives/edgar/data/857005/000119312506169817/0001193125-06-169817-index.htm",
    "finalLink": "https://www.sec.gov/Archives/edgar/data/857005/000119312506169817/d10q.htm"
  },
  {
    "date": "2006-04-01",
    "symbol": "PTC",
    "reportedCurrency": "USD",
    "cik": "0000857005",
    "fillingDate": "2006-05-11",
    "acceptedDate": "2006-05-11 17:13:57",
    "calendarYear": "2006",
    "period": "Q2",
    "revenue": 200194000,
    "costOfRevenue": 65530000,
    "grossProfit": 134664000,
    "grossProfitRatio": 0.6726675125,
    "researchAndDevelopmentExpenses": 35989000,
    "generalAndAdministrativeExpenses": 18039000,
    "sellingAndMarketingExpenses": 64260000,
    "sellingGeneralAndAdministrativeExpenses": 82299000,
    "otherExpenses": 1288000,
    "operatingExpenses": 119576000,
    "costAndExpenses": 185106000,
    "interestIncome": 0,
    "interestExpense": 0,
    "depreciationAndAmortization": 8063000,
    "ebitda": 15088000,
    "ebitdaratio": 0.0753668941,
    "operatingIncome": 15088000,
    "operatingIncomeRatio": 0.0753668941,
    "totalOtherIncomeExpensesNet": 804000,
    "incomeBeforeTax": 15892000,
    "incomeBeforeTaxRatio": 0.0793829985,
    "incomeTaxExpense": 5141000,
    "netIncome": 10751000,
    "netIncomeRatio": 0.0537029082,
    "eps": 0.098,
    "epsdiluted": 0.0948,
    "weightedAverageShsOut": 109739000,
    "weightedAverageShsOutDil": 113403000,
    "link": "https://www.sec.gov/Archives/edgar/data/857005/000119312506109231/0001193125-06-109231-index.htm",
    "finalLink": "https://www.sec.gov/Archives/edgar/data/857005/000119312506109231/d10q.htm"
  },
  {
    "date": "2005-12-31",
    "symbol": "PTC",
    "reportedCurrency": "USD",
    "cik": "0000857005",
    "fillingDate": "2006-02-09",
    "acceptedDate": "2006-02-09 16:55:52",
    "calendarYear": "2006",
    "period": "Q1",
    "revenue": 192518000,
    "costOfRevenue": 62025000,
    "grossProfit": 130493000,
    "grossProfitRatio": 0.6778223335,
    "researchAndDevelopmentExpenses": 34583000,
    "generalAndAdministrativeExpenses": 19629000,
    "sellingAndMarketingExpenses": 63645000,
    "sellingGeneralAndAdministrativeExpenses": 83274000,
    "otherExpenses": 1358000,
    "operatingExpenses": 119215000,
    "costAndExpenses": 181240000,
    "interestIncome": 0,
    "interestExpense": 0,
    "depreciationAndAmortization": 8061000,
    "ebitda": 11278000,
    "ebitdaratio": 0.0585815352,
    "operatingIncome": 11278000,
    "operatingIncomeRatio": 0.0585815352,
    "totalOtherIncomeExpensesNet": 1099000,
    "incomeBeforeTax": 12377000,
    "incomeBeforeTaxRatio": 0.0642900924,
    "incomeTaxExpense": 4861000,
    "netIncome": 7516000,
    "netIncomeRatio": 0.0390405053,
    "eps": 0.0686,
    "epsdiluted": 0.0667,
    "weightedAverageShsOut": 109485200,
    "weightedAverageShsOutDil": 112670800,
    "link": "https://www.sec.gov/Archives/edgar/data/857005/000119312506025359/0001193125-06-025359-index.htm",
    "finalLink": "https://www.sec.gov/Archives/edgar/data/857005/000119312506025359/d10q.htm"
  },
  {
    "date": "2005-09-30",
    "symbol": "PTC",
    "reportedCurrency": "USD",
    "cik": "0000857005",
    "fillingDate": "2005-12-14",
    "acceptedDate": "2005-12-14 17:10:45",
    "calendarYear": "2005",
    "period": "Q4",
    "revenue": 195092000,
    "costOfRevenue": 58886000,
    "grossProfit": 136206000,
    "grossProfitRatio": 0.698162918,
    "researchAndDevelopmentExpenses": 35392000,
    "generalAndAdministrativeExpenses": 19749000,
    "sellingAndMarketingExpenses": 69106000,
    "sellingGeneralAndAdministrativeExpenses": 88855000,
    "otherExpenses": 968000,
    "operatingExpenses": 125215000,
    "costAndExpenses": 184101000,
    "interestIncome": 6878000,
    "interestExpense": 0,
    "depreciationAndAmortization": 7316000,
    "ebitda": 18307000,
    "ebitdaratio": 0.0938377791,
    "operatingIncome": 11568000,
    "operatingIncomeRatio": 0.0592951018,
    "totalOtherIncomeExpensesNet": 1300000,
    "incomeBeforeTax": 12868000,
    "incomeBeforeTaxRatio": 0.0659586246,
    "incomeTaxExpense": -4407000,
    "netIncome": 17275000,
    "netIncomeRatio": 0.0885479671,
    "eps": 0.16,
    "epsdiluted": 0.15,
    "weightedAverageShsOut": 108535600,
    "weightedAverageShsOutDil": 111980800,
    "link": "https://www.sec.gov/Archives/edgar/data/857005/000119312505242673/0001193125-05-242673-index.htm",
    "finalLink": "https://www.sec.gov/Archives/edgar/data/857005/000119312505242673/d10k.htm"
  },
  {
    "date": "2005-07-02",
    "symbol": "PTC",
    "reportedCurrency": "USD",
    "cik": "0000857005",
    "fillingDate": "2005-08-11",
    "acceptedDate": "2005-08-11 17:11:16",
    "calendarYear": "2005",
    "period": "Q3",
    "revenue": 180334000,
    "costOfRevenue": 52126000,
    "grossProfit": 128208000,
    "grossProfitRatio": 0.7109474641,
    "researchAndDevelopmentExpenses": 28061000,
    "generalAndAdministrativeExpenses": 13874000,
    "sellingAndMarketingExpenses": 59533000,
    "sellingGeneralAndAdministrativeExpenses": 73407000,
    "otherExpenses": 226000,
    "operatingExpenses": 101694000,
    "costAndExpenses": 153820000,
    "interestIncome": 0,
    "interestExpense": 0,
    "depreciationAndAmortization": 5966000,
    "ebitda": 26514000,
    "ebitdaratio": 0.1470271829,
    "operatingIncome": 26514000,
    "operatingIncomeRatio": 0.1470271829,
    "totalOtherIncomeExpensesNet": 2476000,
    "incomeBeforeTax": 28990000,
    "incomeBeforeTaxRatio": 0.1607572615,
    "incomeTaxExpense": 2336000,
    "netIncome": 26654000,
    "netIncomeRatio": 0.1478035201,
    "eps": 0.25,
    "epsdiluted": 0.24,
    "weightedAverageShsOut": 108716000,
    "weightedAverageShsOutDil": 112036000,
    "link": "https://www.sec.gov/Archives/edgar/data/857005/000119312505165325/0001193125-05-165325-index.htm",
    "finalLink": "https://www.sec.gov/Archives/edgar/data/857005/000119312505165325/d10q.htm"
  },
  {
    "date": "2005-04-02",
    "symbol": "PTC",
    "reportedCurrency": "USD",
    "cik": "0000857005",
    "fillingDate": "2005-05-12",
    "acceptedDate": "2005-05-12 17:11:46",
    "calendarYear": "2005",
    "period": "Q2",
    "revenue": 176103000,
    "costOfRevenue": 49573000,
    "grossProfit": 126530000,
    "grossProfitRatio": 0.7184999688,
    "researchAndDevelopmentExpenses": 28347000,
    "generalAndAdministrativeExpenses": 14395000,
    "sellingAndMarketingExpenses": 59074000,
    "sellingGeneralAndAdministrativeExpenses": 73469000,
    "otherExpenses": 222000,
    "operatingExpenses": 102038000,
    "costAndExpenses": 151611000,
    "interestIncome": 0,
    "interestExpense": 0,
    "depreciationAndAmortization": 6126000,
    "ebitda": 24492000,
    "ebitdaratio": 0.1390776988,
    "operatingIncome": 24492000,
    "operatingIncomeRatio": 0.1390776988,
    "totalOtherIncomeExpensesNet": 2237000,
    "incomeBeforeTax": 26729000,
    "incomeBeforeTaxRatio": 0.1517804921,
    "incomeTaxExpense": 6225000,
    "netIncome": 20504000,
    "netIncomeRatio": 0.1164318609,
    "eps": 0.19,
    "epsdiluted": 0.18,
    "weightedAverageShsOut": 108499200,
    "weightedAverageShsOutDil": 111958000,
    "link": "https://www.sec.gov/Archives/edgar/data/857005/000119312505105676/0001193125-05-105676-index.htm",
    "finalLink": "https://www.sec.gov/Archives/edgar/data/857005/000119312505105676/d10q.htm"
  },
  {
    "date": "2005-01-01",
    "symbol": "PTC",
    "reportedCurrency": "USD",
    "cik": "0000857005",
    "fillingDate": "2005-02-10",
    "acceptedDate": "2005-02-10 16:03:08",
    "calendarYear": "2005",
    "period": "Q1",
    "revenue": 169190000,
    "costOfRevenue": 47657000,
    "grossProfit": 121533000,
    "grossProfitRatio": 0.7183225959,
    "researchAndDevelopmentExpenses": 26467000,
    "generalAndAdministrativeExpenses": 15587000,
    "sellingAndMarketingExpenses": 56045000,
    "sellingGeneralAndAdministrativeExpenses": 71632000,
    "otherExpenses": 222000,
    "operatingExpenses": 98321000,
    "costAndExpenses": 145978000,
    "interestIncome": 0,
    "interestExpense": 0,
    "depreciationAndAmortization": 6473000,
    "ebitda": 29685000,
    "ebitdaratio": 0.175453632,
    "operatingIncome": 23212000,
    "operatingIncomeRatio": 0.1371948697,
    "totalOtherIncomeExpensesNet": -487000,
    "incomeBeforeTax": 22725000,
    "incomeBeforeTaxRatio": 0.134316449,
    "incomeTaxExpense": 3566000,
    "netIncome": 19159000,
    "netIncomeRatio": 0.1132395532,
    "eps": 0.18,
    "epsdiluted": 0.17,
    "weightedAverageShsOut": 108014400,
    "weightedAverageShsOutDil": 111677600,
    "link": "https://www.sec.gov/Archives/edgar/data/857005/000119312505025093/0001193125-05-025093-index.htm",
    "finalLink": "https://www.sec.gov/Archives/edgar/data/857005/000119312505025093/d10q.htm"
  },
  {
    "date": "2004-09-30",
    "symbol": "PTC",
    "reportedCurrency": "USD",
    "cik": "0000857005",
    "fillingDate": "2004-12-14",
    "acceptedDate": "2004-12-14 15:10:56",
    "calendarYear": "2004",
    "period": "Q4",
    "revenue": 170134000,
    "costOfRevenue": 43434000,
    "grossProfit": 126700000,
    "grossProfitRatio": 0.7447071132,
    "researchAndDevelopmentExpenses": 25383000,
    "generalAndAdministrativeExpenses": 15571000,
    "sellingAndMarketingExpenses": 55500000,
    "sellingGeneralAndAdministrativeExpenses": 71071000,
    "otherExpenses": 1223000,
    "operatingExpenses": 97677000,
    "costAndExpenses": 141111000,
    "interestIncome": 3484000,
    "interestExpense": 0,
    "depreciationAndAmortization": 7640000,
    "ebitda": 36663000,
    "ebitdaratio": 0.2154948452,
    "operatingIncome": 27938000,
    "operatingIncomeRatio": 0.164211739,
    "totalOtherIncomeExpensesNet": 236000,
    "incomeBeforeTax": 28174000,
    "incomeBeforeTaxRatio": 0.1655988809,
    "incomeTaxExpense": -13870000,
    "netIncome": 42044000,
    "netIncomeRatio": 0.2471228561,
    "eps": 0.39,
    "epsdiluted": 0.38,
    "weightedAverageShsOut": 107081600,
    "weightedAverageShsOutDil": 109273200,
    "link": "https://www.sec.gov/Archives/edgar/data/857005/000119312504212702/0001193125-04-212702-index.htm",
    "finalLink": "https://www.sec.gov/Archives/edgar/data/857005/000119312504212702/d10k.htm"
  },
  {
    "date": "2004-07-03",
    "symbol": "PTC",
    "reportedCurrency": "USD",
    "cik": "0000857005",
    "fillingDate": "2004-08-17",
    "acceptedDate": "2004-08-17 11:44:45",
    "calendarYear": "2004",
    "period": "Q3",
    "revenue": 168377000,
    "costOfRevenue": 46024000,
    "grossProfit": 122353000,
    "grossProfitRatio": 0.7266610048,
    "researchAndDevelopmentExpenses": 26250000,
    "generalAndAdministrativeExpenses": 13369000,
    "sellingAndMarketingExpenses": 55237000,
    "sellingGeneralAndAdministrativeExpenses": 68606000,
    "otherExpenses": 1227000,
    "operatingExpenses": 96083000,
    "costAndExpenses": 142107000,
    "interestIncome": 0,
    "interestExpense": 0,
    "depreciationAndAmortization": 8775000,
    "ebitda": 35045000,
    "ebitdaratio": 0.2081341276,
    "operatingIncome": 22722000,
    "operatingIncomeRatio": 0.1349471721,
    "totalOtherIncomeExpensesNet": -300000,
    "incomeBeforeTax": 22422000,
    "incomeBeforeTaxRatio": 0.1331654561,
    "incomeTaxExpense": 6287000,
    "netIncome": 16135000,
    "netIncomeRatio": 0.0958266272,
    "eps": 0.15,
    "epsdiluted": 0.15,
    "weightedAverageShsOut": 107241600,
    "weightedAverageShsOutDil": 109993200,
    "link": "https://www.sec.gov/Archives/edgar/data/857005/000119312504142327/0001193125-04-142327-index.htm",
    "finalLink": "https://www.sec.gov/Archives/edgar/data/857005/000119312504142327/d10q.htm"
  },
  {
    "date": "2004-04-03",
    "symbol": "PTC",
    "reportedCurrency": "USD",
    "cik": "0000857005",
    "fillingDate": "2004-05-18",
    "acceptedDate": "2004-05-18 15:40:29",
    "calendarYear": "2004",
    "period": "Q2",
    "revenue": 164708000,
    "costOfRevenue": 40570000,
    "grossProfit": 124138000,
    "grossProfitRatio": 0.7536853098,
    "researchAndDevelopmentExpenses": 26780000,
    "generalAndAdministrativeExpenses": 14364000,
    "sellingAndMarketingExpenses": 57132000,
    "sellingGeneralAndAdministrativeExpenses": 71496000,
    "otherExpenses": 1336000,
    "operatingExpenses": 99612000,
    "costAndExpenses": 140182000,
    "interestIncome": 0,
    "interestExpense": 0,
    "depreciationAndAmortization": 9180000,
    "ebitda": 33706000,
    "ebitdaratio": 0.2046409403,
    "operatingIncome": 7846000,
    "operatingIncomeRatio": 0.0476358161,
    "totalOtherIncomeExpensesNet": 177000,
    "incomeBeforeTax": 8023000,
    "incomeBeforeTaxRatio": 0.0487104452,
    "incomeTaxExpense": 4852000,
    "netIncome": 3171000,
    "netIncomeRatio": 0.0192522525,
    "eps": 0.0296,
    "epsdiluted": 0.029,
    "weightedAverageShsOut": 107006000,
    "weightedAverageShsOutDil": 109440400,
    "link": "https://www.sec.gov/Archives/edgar/data/857005/000119312504090888/0001193125-04-090888-index.htm",
    "finalLink": "https://www.sec.gov/Archives/edgar/data/857005/000119312504090888/d10q.htm"
  },
  {
    "date": "2004-01-03",
    "symbol": "PTC",
    "reportedCurrency": "USD",
    "cik": "0000857005",
    "fillingDate": "2004-02-17",
    "acceptedDate": "2004-02-17 16:54:45",
    "calendarYear": "2004",
    "period": "Q1",
    "revenue": 156810000,
    "costOfRevenue": 52147000,
    "grossProfit": 104663000,
    "grossProfitRatio": 0.6674510554,
    "researchAndDevelopmentExpenses": 29579000,
    "generalAndAdministrativeExpenses": 14960000,
    "sellingAndMarketingExpenses": 58185000,
    "sellingGeneralAndAdministrativeExpenses": 73145000,
    "otherExpenses": 1409000,
    "operatingExpenses": 104133000,
    "costAndExpenses": 156280000,
    "interestIncome": 0,
    "interestExpense": 0,
    "depreciationAndAmortization": 9562000,
    "ebitda": 10092000,
    "ebitdaratio": 0.0643581404,
    "operatingIncome": -21090000,
    "operatingIncomeRatio": -0.1344939736,
    "totalOtherIncomeExpensesNet": -490000,
    "incomeBeforeTax": -21580000,
    "incomeBeforeTaxRatio": -0.1376187743,
    "incomeTaxExpense": 4957000,
    "netIncome": -26537000,
    "netIncomeRatio": -0.1692302787,
    "eps": -0.25,
    "epsdiluted": -0.25,
    "weightedAverageShsOut": 106568800,
    "weightedAverageShsOutDil": 106568800,
    "link": "https://www.sec.gov/Archives/edgar/data/857005/000119312504025187/0001193125-04-025187-index.htm",
    "finalLink": "https://www.sec.gov/Archives/edgar/data/857005/000119312504025187/d10q.htm"
  },
  {
    "date": "2003-09-30",
    "symbol": "PTC",
    "reportedCurrency": "USD",
    "cik": "0000857005",
    "fillingDate": "2003-12-24",
    "acceptedDate": "2003-12-23 19:45:38",
    "calendarYear": "2003",
    "period": "Q4",
    "revenue": 163703000,
    "costOfRevenue": 59244000,
    "grossProfit": 104459000,
    "grossProfitRatio": 0.6381007068,
    "researchAndDevelopmentExpenses": 32703000,
    "generalAndAdministrativeExpenses": 69418000,
    "sellingAndMarketingExpenses": 298479000,
    "sellingGeneralAndAdministrativeExpenses": 86388000,
    "otherExpenses": 1461000,
    "operatingExpenses": 120552000,
    "costAndExpenses": 179796000,
    "interestIncome": 0,
    "interestExpense": 0,
    "depreciationAndAmortization": 10471000,
    "ebitda": -5622000,
    "ebitdaratio": -0.0343426816,
    "operatingIncome": -31855000,
    "operatingIncomeRatio": -0.194590203,
    "totalOtherIncomeExpensesNet": -1342000,
    "incomeBeforeTax": -33197000,
    "incomeBeforeTaxRatio": -0.2027879758,
    "incomeTaxExpense": 4762000,
    "netIncome": -37959000,
    "netIncomeRatio": -0.2318772411,
    "eps": -0.36,
    "epsdiluted": -0.36,
    "weightedAverageShsOut": 106248649,
    "weightedAverageShsOutDil": 106248649,
    "link": "https://www.sec.gov/Archives/edgar/data/857005/000119312503099084/0001193125-03-099084-index.htm",
    "finalLink": "https://www.sec.gov/Archives/edgar/data/857005/000119312503099084/d10k.htm"
  },
  {
    "date": "2003-06-28",
    "symbol": "PTC",
    "reportedCurrency": "USD",
    "cik": "0000857005",
    "fillingDate": "2003-08-12",
    "acceptedDate": "2003-08-12 15:36:02",
    "calendarYear": "2003",
    "period": "Q3",
    "revenue": 165244000,
    "costOfRevenue": 55295000,
    "grossProfit": 109949000,
    "grossProfitRatio": 0.6653736293,
    "researchAndDevelopmentExpenses": 31880000,
    "generalAndAdministrativeExpenses": 17931000,
    "sellingAndMarketingExpenses": 72329000,
    "sellingGeneralAndAdministrativeExpenses": 90260000,
    "otherExpenses": 1459000,
    "operatingExpenses": 123599000,
    "costAndExpenses": 178894000,
    "interestIncome": 0,
    "interestExpense": 0,
    "depreciationAndAmortization": 9931000,
    "ebitda": -28784000,
    "ebitdaratio": -0.1741908935,
    "operatingIncome": -28784000,
    "operatingIncomeRatio": -0.1741908935,
    "totalOtherIncomeExpensesNet": -10000,
    "incomeBeforeTax": -28794000,
    "incomeBeforeTaxRatio": -0.17425141,
    "incomeTaxExpense": 4968000,
    "netIncome": -33762000,
    "netIncomeRatio": -0.2043160417,
    "eps": -0.32,
    "epsdiluted": -0.32,
    "weightedAverageShsOut": 103883077,
    "weightedAverageShsOutDil": 103883077,
    "link": "https://www.sec.gov/Archives/edgar/data/857005/000119312503034241/0001193125-03-034241-index.htm",
    "finalLink": "https://www.sec.gov/Archives/edgar/data/857005/000119312503034241/d10q.htm"
  },
  {
    "date": "2003-03-29",
    "symbol": "PTC",
    "reportedCurrency": "USD",
    "cik": "0000857005",
    "fillingDate": "2003-05-13",
    "acceptedDate": "2003-05-13 17:12:53",
    "calendarYear": "2003",
    "period": "Q2",
    "revenue": 171026000,
    "costOfRevenue": 52672000,
    "grossProfit": 118354000,
    "grossProfitRatio": 0.692023435,
    "researchAndDevelopmentExpenses": 31942000,
    "generalAndAdministrativeExpenses": 16654000,
    "sellingAndMarketingExpenses": 77629000,
    "sellingGeneralAndAdministrativeExpenses": 94283000,
    "otherExpenses": 1460000,
    "operatingExpenses": 127685000,
    "costAndExpenses": 180357000,
    "interestIncome": 0,
    "interestExpense": 0,
    "depreciationAndAmortization": 10400000,
    "ebitda": 1069000,
    "ebitdaratio": 0.0062505116,
    "operatingIncome": -9331000,
    "operatingIncomeRatio": -0.0545589559,
    "totalOtherIncomeExpensesNet": -887000,
    "incomeBeforeTax": -10248000,
    "incomeBeforeTaxRatio": -0.0599207138,
    "incomeTaxExpense": 4951000,
    "netIncome": -15169000,
    "netIncomeRatio": -0.0886941167,
    "eps": -0.14,
    "epsdiluted": -0.14,
    "weightedAverageShsOut": 105518400,
    "weightedAverageShsOutDil": 105518400,
    "link": "https://www.sec.gov/Archives/edgar/data/857005/000092701603002605/0000927016-03-002605-index.htm",
    "finalLink": "https://www.sec.gov/Archives/edgar/data/857005/000092701603002605/d10q.htm"
  },
  {
    "date": "2002-12-28",
    "symbol": "PTC",
    "reportedCurrency": "USD",
    "cik": "0000857005",
    "fillingDate": "2003-02-11",
    "acceptedDate": "2003-02-11 16:08:24",
    "calendarYear": "2003",
    "period": "Q1",
    "revenue": 171967000,
    "costOfRevenue": 51275000,
    "grossProfit": 120692000,
    "grossProfitRatio": 0.7018323283,
    "researchAndDevelopmentExpenses": 31900000,
    "generalAndAdministrativeExpenses": 15523000,
    "sellingAndMarketingExpenses": 81443000,
    "sellingGeneralAndAdministrativeExpenses": 96966000,
    "otherExpenses": 1481000,
    "operatingExpenses": 130347000,
    "costAndExpenses": 181622000,
    "interestIncome": 0,
    "interestExpense": 0,
    "depreciationAndAmortization": 10835000,
    "ebitda": 1180000,
    "ebitdaratio": 0.0068617816,
    "operatingIncome": -9655000,
    "operatingIncomeRatio": -0.0561444928,
    "totalOtherIncomeExpensesNet": -565000,
    "incomeBeforeTax": -10220000,
    "incomeBeforeTaxRatio": -0.0594300069,
    "incomeTaxExpense": 1170000,
    "netIncome": -11390000,
    "netIncomeRatio": -0.0662336378,
    "eps": -0.1,
    "epsdiluted": -0.1,
    "weightedAverageShsOut": 113900000,
    "weightedAverageShsOutDil": 113900000,
    "link": "https://www.sec.gov/Archives/edgar/data/857005/000092701603000545/0000927016-03-000545-index.htm",
    "finalLink": "https://www.sec.gov/Archives/edgar/data/857005/000092701603000545/d10q.htm"
  },
  {
    "date": "2002-09-30",
    "symbol": "PTC",
    "reportedCurrency": "USD",
    "cik": "0000857005",
    "fillingDate": "2003-01-28",
    "acceptedDate": "2003-01-28 17:25:22",
    "calendarYear": "2002",
    "period": "Q4",
    "revenue": 174557000,
    "costOfRevenue": 52269000,
    "grossProfit": 122288000,
    "grossProfitRatio": 0.7005619941,
    "researchAndDevelopmentExpenses": 32348000,
    "generalAndAdministrativeExpenses": 67256000,
    "sellingAndMarketingExpenses": 333249000,
    "sellingGeneralAndAdministrativeExpenses": 98580000,
    "otherExpenses": 215651000,
    "operatingExpenses": 115185000,
    "costAndExpenses": 167454000,
    "interestIncome": 0,
    "interestExpense": 0,
    "depreciationAndAmortization": 17937000,
    "ebitda": 25040000,
    "ebitdaratio": 0.1434488448,
    "operatingIncome": -24047000,
    "operatingIncomeRatio": -0.1377601586,
    "totalOtherIncomeExpensesNet": 6074000,
    "incomeBeforeTax": -17973000,
    "incomeBeforeTaxRatio": -0.1029635019,
    "incomeTaxExpense": 32844000,
    "netIncome": -50817000,
    "netIncomeRatio": -0.2911198061,
    "eps": -0.49,
    "epsdiluted": -0.49,
    "weightedAverageShsOut": 103396133,
    "weightedAverageShsOutDil": 104023333,
    "link": "https://www.sec.gov/Archives/edgar/data/857005/000092701603000282/0000927016-03-000282-index.htm",
    "finalLink": "https://www.sec.gov/Archives/edgar/data/857005/000092701603000282/d10k.htm"
  },
  {
    "date": "2002-06-29",
    "symbol": "PTC",
    "reportedCurrency": "USD",
    "cik": "0000857005",
    "fillingDate": "2002-08-13",
    "acceptedDate": "2002-08-13 12:13:21",
    "calendarYear": "2002",
    "period": "Q3",
    "revenue": 182508000,
    "costOfRevenue": 52812000,
    "grossProfit": 129696000,
    "grossProfitRatio": 0.7106318627,
    "researchAndDevelopmentExpenses": 33464000,
    "generalAndAdministrativeExpenses": 17302000,
    "sellingAndMarketingExpenses": 83321000,
    "sellingGeneralAndAdministrativeExpenses": 100623000,
    "otherExpenses": 27212000,
    "operatingExpenses": 161299000,
    "costAndExpenses": 214111000,
    "interestIncome": 0,
    "interestExpense": 0,
    "depreciationAndAmortization": 18045000,
    "ebitda": -13001000,
    "ebitdaratio": -0.0712352335,
    "operatingIncome": -31603000,
    "operatingIncomeRatio": -0.1731595327,
    "totalOtherIncomeExpensesNet": -6230000,
    "incomeBeforeTax": -32833000,
    "incomeBeforeTaxRatio": -0.1798989633,
    "incomeTaxExpense": -8263000,
    "netIncome": -24570000,
    "netIncomeRatio": -0.1346242356,
    "eps": -0.24,
    "epsdiluted": -0.24,
    "weightedAverageShsOut": 104330000,
    "weightedAverageShsOutDil": 104330000,
    "link": "https://www.sec.gov/Archives/edgar/data/857005/000092701602004017/0000927016-02-004017-index.htm",
    "finalLink": "https://www.sec.gov/Archives/edgar/data/857005/000092701602004017/d10q.htm"
  },
  {
    "date": "2002-03-30",
    "symbol": "PTC",
    "reportedCurrency": "USD",
    "cik": "0000857005",
    "fillingDate": "2002-05-14",
    "acceptedDate": "2002-05-14 14:32:03",
    "calendarYear": "2002",
    "period": "Q2",
    "revenue": 185015000,
    "costOfRevenue": 55912000,
    "grossProfit": 129103000,
    "grossProfitRatio": 0.6977974759,
    "researchAndDevelopmentExpenses": 35572000,
    "generalAndAdministrativeExpenses": 16833000,
    "sellingAndMarketingExpenses": 84588000,
    "sellingGeneralAndAdministrativeExpenses": 101421000,
    "otherExpenses": 9034000,
    "operatingExpenses": 146027000,
    "costAndExpenses": 201939000,
    "interestIncome": 0,
    "interestExpense": 0,
    "depreciationAndAmortization": 18301000,
    "ebitda": -3725000,
    "ebitdaratio": -0.0201335027,
    "operatingIncome": -16924000,
    "operatingIncomeRatio": -0.0914736643,
    "totalOtherIncomeExpensesNet": -952000,
    "incomeBeforeTax": -17876000,
    "incomeBeforeTaxRatio": -0.096619193,
    "incomeTaxExpense": -2591000,
    "netIncome": -15285000,
    "netIncomeRatio": -0.0826149231,
    "eps": -0.15,
    "epsdiluted": -0.15,
    "weightedAverageShsOut": 104211600,
    "weightedAverageShsOutDil": 104211600,
    "link": "https://www.sec.gov/Archives/edgar/data/857005/000092701602002829/0000927016-02-002829-index.htm",
    "finalLink": "https://www.sec.gov/Archives/edgar/data/857005/000092701602002829/d10q.htm"
  },
  {
    "date": "2001-12-29",
    "symbol": "PTC",
    "reportedCurrency": "USD",
    "cik": "0000857005",
    "fillingDate": "2002-02-12",
    "acceptedDate": "2002-02-12 00:00:00",
    "calendarYear": "2002",
    "period": "Q1",
    "revenue": 198605000,
    "costOfRevenue": 54693000,
    "grossProfit": 143912000,
    "grossProfitRatio": 0.7246141839,
    "researchAndDevelopmentExpenses": 34689000,
    "generalAndAdministrativeExpenses": 0,
    "sellingAndMarketingExpenses": 0,
    "sellingGeneralAndAdministrativeExpenses": 99881000,
    "otherExpenses": 15254000,
    "operatingExpenses": 149824000,
    "costAndExpenses": 204517000,
    "interestIncome": 0,
    "interestExpense": 0,
    "depreciationAndAmortization": 18342000,
    "ebitda": 14061000,
    "ebitdaratio": 0.0707988218,
    "operatingIncome": -5912000,
    "operatingIncomeRatio": -0.0297676292,
    "totalOtherIncomeExpensesNet": 255000,
    "incomeBeforeTax": -5657000,
    "incomeBeforeTaxRatio": -0.0284836736,
    "incomeTaxExpense": -2708000,
    "netIncome": -2949000,
    "netIncomeRatio": -0.0148485688,
    "eps": -0.0283,
    "epsdiluted": -0.0283,
    "weightedAverageShsOut": 104141200,
    "weightedAverageShsOutDil": 104141200,
    "link": "https://www.sec.gov/Archives/edgar/data/857005/000092701602000694/0000927016-02-000694-index.htm",
    "finalLink": "https://www.sec.gov/Archives/edgar/data/857005/000092701602000694/d10q.txt"
  },
  {
    "date": "2001-09-30",
    "symbol": "PTC",
    "reportedCurrency": "USD",
    "cik": "0000857005",
    "fillingDate": "2001-12-27",
    "acceptedDate": "2001-12-27 00:00:00",
    "calendarYear": "2001",
    "period": "Q4",
    "revenue": 225439000,
    "costOfRevenue": 62632000,
    "grossProfit": 162807000,
    "grossProfitRatio": 0.7221776179,
    "researchAndDevelopmentExpenses": 37374000,
    "generalAndAdministrativeExpenses": 0,
    "sellingAndMarketingExpenses": 0,
    "sellingGeneralAndAdministrativeExpenses": 115458000,
    "otherExpenses": 42148000,
    "operatingExpenses": 194980000,
    "costAndExpenses": 257612000,
    "interestIncome": 0,
    "interestExpense": 0,
    "depreciationAndAmortization": 19219000,
    "ebitda": -12954000,
    "ebitdaratio": -0.0574612201,
    "operatingIncome": -32173000,
    "operatingIncomeRatio": -0.1427126628,
    "totalOtherIncomeExpensesNet": -2193000,
    "incomeBeforeTax": -34366000,
    "incomeBeforeTaxRatio": -0.1524403497,
    "incomeTaxExpense": -9462000,
    "netIncome": -24904000,
    "netIncomeRatio": -0.1104689073,
    "eps": -0.23,
    "epsdiluted": -0.23,
    "weightedAverageShsOut": 109520000,
    "weightedAverageShsOutDil": 109520000,
    "link": "https://www.sec.gov/Archives/edgar/data/857005/000092701601504441/0000927016-01-504441-index.htm",
    "finalLink": "https://www.sec.gov/Archives/edgar/data/857005/000092701601504441/d10k405.txt"
  },
  {
    "date": "2001-06-30",
    "symbol": "PTC",
    "reportedCurrency": "USD",
    "cik": "0000857005",
    "fillingDate": "2001-08-14",
    "acceptedDate": "2001-08-14 00:00:00",
    "calendarYear": "2001",
    "period": "Q3",
    "revenue": 229093000,
    "costOfRevenue": 64188000,
    "grossProfit": 164905000,
    "grossProfitRatio": 0.7198168429,
    "researchAndDevelopmentExpenses": 38494000,
    "generalAndAdministrativeExpenses": 0,
    "sellingAndMarketingExpenses": 0,
    "sellingGeneralAndAdministrativeExpenses": 117375000,
    "otherExpenses": 13266000,
    "operatingExpenses": 169135000,
    "costAndExpenses": 233323000,
    "interestIncome": 0,
    "interestExpense": 0,
    "depreciationAndAmortization": 18994000,
    "ebitda": 14764000,
    "ebitdaratio": 0.0644454436,
    "operatingIncome": -4230000,
    "operatingIncomeRatio": -0.0184641172,
    "totalOtherIncomeExpensesNet": 448000,
    "incomeBeforeTax": -3782000,
    "incomeBeforeTaxRatio": -0.0165085795,
    "incomeTaxExpense": -1097000,
    "netIncome": -2685000,
    "netIncomeRatio": -0.0117201311,
    "eps": -0.0255,
    "epsdiluted": -0.0255,
    "weightedAverageShsOut": 105299600,
    "weightedAverageShsOutDil": 105299600,
    "link": "https://www.sec.gov/Archives/edgar/data/857005/000092701601502486/0000927016-01-502486-index.htm",
    "finalLink": "https://www.sec.gov/Archives/edgar/data/857005/000092701601502486/d10q.htm"
  },
  {
    "date": "2001-03-31",
    "symbol": "PTC",
    "reportedCurrency": "USD",
    "cik": "0000857005",
    "fillingDate": "2001-05-15",
    "acceptedDate": "2001-05-15 00:00:00",
    "calendarYear": "2001",
    "period": "Q2",
    "revenue": 245130000,
    "costOfRevenue": 63362000,
    "grossProfit": 181768000,
    "grossProfitRatio": 0.7415167462,
    "researchAndDevelopmentExpenses": 37265000,
    "generalAndAdministrativeExpenses": 18290000,
    "sellingAndMarketingExpenses": 93156000,
    "sellingGeneralAndAdministrativeExpenses": 111446000,
    "otherExpenses": 9512000,
    "operatingExpenses": 158223000,
    "costAndExpenses": 221585000,
    "interestIncome": 0,
    "interestExpense": 0,
    "depreciationAndAmortization": 19276000,
    "ebitda": 42821000,
    "ebitdaratio": 0.1746869008,
    "operatingIncome": 23545000,
    "operatingIncomeRatio": 0.0960510749,
    "totalOtherIncomeExpensesNet": -13515000,
    "incomeBeforeTax": 10030000,
    "incomeBeforeTaxRatio": 0.0409170644,
    "incomeTaxExpense": 2909000,
    "netIncome": 7121000,
    "netIncomeRatio": 0.0290498919,
    "eps": 0.075,
    "epsdiluted": 0.075,
    "weightedAverageShsOut": 94946667,
    "weightedAverageShsOutDil": 94946667,
    "link": "https://www.sec.gov/Archives/edgar/data/857005/000092701601501056/0000927016-01-501056-index.htm",
    "finalLink": "https://www.sec.gov/Archives/edgar/data/857005/000092701601501056/d10q.htm"
  },
  {
    "date": "2000-12-30",
    "symbol": "PTC",
    "reportedCurrency": "USD",
    "cik": "0000857005",
    "fillingDate": "2001-02-13",
    "acceptedDate": "2001-02-13 00:00:00",
    "calendarYear": "2001",
    "period": "Q1",
    "revenue": 234944000,
    "costOfRevenue": 71828000,
    "grossProfit": 163116000,
    "grossProfitRatio": 0.6942760828,
    "researchAndDevelopmentExpenses": 35809000,
    "generalAndAdministrativeExpenses": 18873000,
    "sellingAndMarketingExpenses": 92433000,
    "sellingGeneralAndAdministrativeExpenses": 111306000,
    "otherExpenses": 0,
    "operatingExpenses": 147115000,
    "costAndExpenses": 218943000,
    "interestIncome": 0,
    "interestExpense": 0,
    "depreciationAndAmortization": 18881000,
    "ebitda": 16001000,
    "ebitdaratio": 0.0681055911,
    "operatingIncome": 16001000,
    "operatingIncomeRatio": 0.0681055911,
    "totalOtherIncomeExpensesNet": 1256000,
    "incomeBeforeTax": 17257000,
    "incomeBeforeTaxRatio": 0.0734515459,
    "incomeTaxExpense": 5003000,
    "netIncome": 12254000,
    "netIncomeRatio": 0.0521571098,
    "eps": 0.11,
    "epsdiluted": 0.11,
    "weightedAverageShsOut": 106813600,
    "weightedAverageShsOutDil": 108166400,
    "link": "https://www.sec.gov/Archives/edgar/data/857005/000092701601000728/0000927016-01-000728-index.htm",
    "finalLink": "https://www.sec.gov/Archives/edgar/data/857005/000092701601000728/0000927016-01-000728-0001.htm"
  },
  {
    "date": "2000-09-30",
    "symbol": "PTC",
    "reportedCurrency": "USD",
    "cik": "0000857005",
    "fillingDate": "2000-12-28",
    "acceptedDate": "2000-12-28 00:00:00",
    "calendarYear": "2000",
    "period": "Q4",
    "revenue": 235018000,
    "costOfRevenue": 50647000,
    "grossProfit": 184371000,
    "grossProfitRatio": 0.7844973576,
    "researchAndDevelopmentExpenses": 35820000,
    "generalAndAdministrativeExpenses": 0,
    "sellingAndMarketingExpenses": 0,
    "sellingGeneralAndAdministrativeExpenses": 120543000,
    "otherExpenses": 19698000,
    "operatingExpenses": 176061000,
    "costAndExpenses": 226708000,
    "interestIncome": 0,
    "interestExpense": 0,
    "depreciationAndAmortization": 19698000,
    "ebitda": 28008000,
    "ebitdaratio": 0.1191738505,
    "operatingIncome": 8310000,
    "operatingIncomeRatio": 0.0353589938,
    "totalOtherIncomeExpensesNet": 1425000,
    "incomeBeforeTax": 9735000,
    "incomeBeforeTaxRatio": 0.0414223591,
    "incomeTaxExpense": 2823000,
    "netIncome": 6912000,
    "netIncomeRatio": 0.0294105132,
    "eps": 0.0635,
    "epsdiluted": 0.0635,
    "weightedAverageShsOut": 108920000,
    "weightedAverageShsOutDil": 108920000,
    "link": "https://www.sec.gov/Archives/edgar/data/857005/000092701600004477/0000927016-00-004477-index.htm",
    "finalLink": "https://www.sec.gov/Archives/edgar/data/857005/000092701600004477/0000927016-00-004477-0001.txt"
  },
  {
    "date": "2000-07-01",
    "symbol": "PTC",
    "reportedCurrency": "USD",
    "cik": "0000857005",
    "fillingDate": "2000-08-14",
    "acceptedDate": "2000-08-14 00:00:00",
    "calendarYear": "2000",
    "period": "Q3",
    "revenue": 227254000,
    "costOfRevenue": 48387000,
    "grossProfit": 178867000,
    "grossProfitRatio": 0.7870796554,
    "researchAndDevelopmentExpenses": 36265000,
    "generalAndAdministrativeExpenses": 17785000,
    "sellingAndMarketingExpenses": 104474000,
    "sellingGeneralAndAdministrativeExpenses": 122259000,
    "otherExpenses": 20921000,
    "operatingExpenses": 179445000,
    "costAndExpenses": 227832000,
    "interestIncome": 0,
    "interestExpense": 0,
    "depreciationAndAmortization": 20921000,
    "ebitda": 20343000,
    "ebitdaratio": 0.0895165762,
    "operatingIncome": -578000,
    "operatingIncomeRatio": -0.0025434096,
    "totalOtherIncomeExpensesNet": -20835000,
    "incomeBeforeTax": -21413000,
    "incomeBeforeTaxRatio": -0.0942249641,
    "incomeTaxExpense": -5986000,
    "netIncome": -15427000,
    "netIncomeRatio": -0.0678843937,
    "eps": -0.15,
    "epsdiluted": -0.15,
    "weightedAverageShsOut": 102846667,
    "weightedAverageShsOutDil": 102846667,
    "link": "https://www.sec.gov/Archives/edgar/data/857005/000092701600003016/0000927016-00-003016-index.htm",
    "finalLink": "https://www.sec.gov/Archives/edgar/data/857005/000092701600003016/0000927016-00-003016-0001.htm"
  },
  {
    "date": "2000-04-01",
    "symbol": "PTC",
    "reportedCurrency": "USD",
    "cik": "0000857005",
    "fillingDate": "2000-05-16",
    "acceptedDate": "2000-05-16 00:00:00",
    "calendarYear": "2000",
    "period": "Q2",
    "revenue": 227105000,
    "costOfRevenue": 54215000,
    "grossProfit": 172890000,
    "grossProfitRatio": 0.761277823,
    "researchAndDevelopmentExpenses": 37611000,
    "generalAndAdministrativeExpenses": 18331000,
    "sellingAndMarketingExpenses": 105384000,
    "sellingGeneralAndAdministrativeExpenses": 123715000,
    "otherExpenses": 19965000,
    "operatingExpenses": 181291000,
    "costAndExpenses": 235506000,
    "interestIncome": 0,
    "interestExpense": 0,
    "depreciationAndAmortization": 19950000,
    "ebitda": 11171000,
    "ebitdaratio": 0.0491887013,
    "operatingIncome": -8401000,
    "operatingIncomeRatio": -0.0369916999,
    "totalOtherIncomeExpensesNet": 393000,
    "incomeBeforeTax": -8008000,
    "incomeBeforeTaxRatio": -0.0352612228,
    "incomeTaxExpense": -2162000,
    "netIncome": -5846000,
    "netIncomeRatio": -0.0257413972,
    "eps": -0.0531,
    "epsdiluted": -0.0531,
    "weightedAverageShsOut": 110042800,
    "weightedAverageShsOutDil": 110042800,
    "link": "https://www.sec.gov/Archives/edgar/data/857005/000092701600001924/0000927016-00-001924-index.html",
    "finalLink": "https://www.sec.gov/Archives/edgar/data/857005/000092701600001924/0000927016-00-001924-d1.html"
  },
  {
    "date": "2000-01-01",
    "symbol": "PTC",
    "reportedCurrency": "USD",
    "cik": "0000857005",
    "fillingDate": "2000-02-15",
    "acceptedDate": "2000-02-15 00:00:00",
    "calendarYear": "2000",
    "period": "Q1",
    "revenue": 239000000,
    "costOfRevenue": 51400000,
    "grossProfit": 187600000,
    "grossProfitRatio": 0.7849372385,
    "researchAndDevelopmentExpenses": 34100000,
    "generalAndAdministrativeExpenses": 16471000,
    "sellingAndMarketingExpenses": 104940000,
    "sellingGeneralAndAdministrativeExpenses": 121400000,
    "otherExpenses": 18200000,
    "operatingExpenses": 173700000,
    "costAndExpenses": 225100000,
    "interestIncome": 0,
    "interestExpense": 0,
    "depreciationAndAmortization": 18200000,
    "ebitda": 32100000,
    "ebitdaratio": 0.1343096234,
    "operatingIncome": 13900000,
    "operatingIncomeRatio": 0.0581589958,
    "totalOtherIncomeExpensesNet": 700000,
    "incomeBeforeTax": 14600000,
    "incomeBeforeTaxRatio": 0.0610878661,
    "incomeTaxExpense": 4200000,
    "netIncome": 10400000,
    "netIncomeRatio": 0.0435146444,
    "eps": 0.1,
    "epsdiluted": 0.1,
    "weightedAverageShsOut": 104000000,
    "weightedAverageShsOutDil": 104000000,
    "link": "https://www.sec.gov/Archives/edgar/data/857005/000095010900000466/0000950109-00-000466-index.html",
    "finalLink": "https://www.sec.gov/Archives/edgar/data/857005/000095010900000466/0000950109-00-000466-d1.html"
  },
  {
    "date": "1999-09-30",
    "symbol": "PTC",
    "reportedCurrency": "USD",
    "cik": "0000857005",
    "fillingDate": "1999-12-29",
    "acceptedDate": "1999-12-29 00:00:00",
    "calendarYear": "1999",
    "period": "Q4",
    "revenue": 280100000,
    "costOfRevenue": 47600000,
    "grossProfit": 232500000,
    "grossProfitRatio": 0.8300606926,
    "researchAndDevelopmentExpenses": 32200000,
    "generalAndAdministrativeExpenses": 62852000,
    "sellingAndMarketingExpenses": 407936000,
    "sellingGeneralAndAdministrativeExpenses": 119700000,
    "otherExpenses": 18600000,
    "operatingExpenses": 170500000,
    "costAndExpenses": 218100000,
    "interestIncome": 0,
    "interestExpense": 0,
    "depreciationAndAmortization": 18600000,
    "ebitda": 80600000,
    "ebitdaratio": 0.2877543734,
    "operatingIncome": 62000000,
    "operatingIncomeRatio": 0.221349518,
    "totalOtherIncomeExpensesNet": -1000000,
    "incomeBeforeTax": 61000000,
    "incomeBeforeTaxRatio": 0.2177793645,
    "incomeTaxExpense": 17700000,
    "netIncome": 43300000,
    "netIncomeRatio": 0.1545876473,
    "eps": 0.4,
    "epsdiluted": 0.39,
    "weightedAverageShsOut": 108454545,
    "weightedAverageShsOutDil": 110976744,
    "link": "https://www.sec.gov/Archives/edgar/data/857005/000102140899002458/0001021408-99-002458-index.html",
    "finalLink": "https://www.sec.gov/Archives/edgar/data/857005/000102140899002458/0001021408-99-002458-d1.html"
  },
  {
    "date": "1999-07-03",
    "symbol": "PTC",
    "reportedCurrency": "USD",
    "cik": "0000857005",
    "fillingDate": "1999-08-16",
    "acceptedDate": "1999-08-16 00:00:00",
    "calendarYear": "1999",
    "period": "Q3",
    "revenue": 264100000,
    "costOfRevenue": 43500000,
    "grossProfit": 220600000,
    "grossProfitRatio": 0.835289663,
    "researchAndDevelopmentExpenses": 32400000,
    "generalAndAdministrativeExpenses": 0,
    "sellingAndMarketingExpenses": 0,
    "sellingGeneralAndAdministrativeExpenses": 120000000,
    "otherExpenses": 18500000,
    "operatingExpenses": 170900000,
    "costAndExpenses": 214400000,
    "interestIncome": 0,
    "interestExpense": 0,
    "depreciationAndAmortization": 18500000,
    "ebitda": 68235000,
    "ebitdaratio": 0.2583680424,
    "operatingIncome": 49700000,
    "operatingIncomeRatio": 0.1881862931,
    "totalOtherIncomeExpensesNet": 900000,
    "incomeBeforeTax": 50600000,
    "incomeBeforeTaxRatio": 0.1915940931,
    "incomeTaxExpense": 15200000,
    "netIncome": 35400000,
    "netIncomeRatio": 0.1340401363,
    "eps": 0.33,
    "epsdiluted": 0.32,
    "weightedAverageShsOut": 108007600,
    "weightedAverageShsOutDil": 110137200,
    "link": "https://www.sec.gov/Archives/edgar/data/857005/000092701699003027/0000927016-99-003027-index.html",
    "finalLink": "https://www.sec.gov/Archives/edgar/data/857005/000092701699003027/"
  },
  {
    "date": "1999-04-03",
    "symbol": "PTC",
    "reportedCurrency": "USD",
    "cik": "0000857005",
    "fillingDate": "1999-05-18",
    "acceptedDate": "1999-05-18 00:00:00",
    "calendarYear": "1999",
    "period": "Q2",
    "revenue": 263200000,
    "costOfRevenue": 41300000,
    "grossProfit": 221900000,
    "grossProfitRatio": 0.8430851064,
    "researchAndDevelopmentExpenses": 30300000,
    "generalAndAdministrativeExpenses": 0,
    "sellingAndMarketingExpenses": 0,
    "sellingGeneralAndAdministrativeExpenses": 118400000,
    "otherExpenses": 12900000,
    "operatingExpenses": 161600000,
    "costAndExpenses": 202900000,
    "interestIncome": 0,
    "interestExpense": 0,
    "depreciationAndAmortization": 12900000,
    "ebitda": 73216000,
    "ebitdaratio": 0.2781762918,
    "operatingIncome": 60300000,
    "operatingIncomeRatio": 0.2291033435,
    "totalOtherIncomeExpensesNet": -38761000,
    "incomeBeforeTax": 21500000,
    "incomeBeforeTaxRatio": 0.0816869301,
    "incomeTaxExpense": 11000000,
    "netIncome": 10500000,
    "netIncomeRatio": 0.039893617,
    "eps": 0.098,
    "epsdiluted": 0.0953,
    "weightedAverageShsOut": 107182000,
    "weightedAverageShsOutDil": 110194800,
    "link": "https://www.sec.gov/Archives/edgar/data/857005/000092701699002116/0000927016-99-002116-index.html",
    "finalLink": "https://www.sec.gov/Archives/edgar/data/857005/"
  },
  {
    "date": "1999-01-02",
    "symbol": "PTC",
    "reportedCurrency": "USD",
    "cik": "0000857005",
    "fillingDate": "1999-02-10",
    "acceptedDate": "1999-02-10 00:00:00",
    "calendarYear": "1999",
    "period": "Q1",
    "revenue": 250100000,
    "costOfRevenue": 36000000,
    "grossProfit": 214100000,
    "grossProfitRatio": 0.856057577,
    "researchAndDevelopmentExpenses": 29200000,
    "generalAndAdministrativeExpenses": 0,
    "sellingAndMarketingExpenses": 0,
    "sellingGeneralAndAdministrativeExpenses": 112700000,
    "otherExpenses": 12300000,
    "operatingExpenses": 154200000,
    "costAndExpenses": 190200000,
    "interestIncome": 0,
    "interestExpense": 0,
    "depreciationAndAmortization": 12300000,
    "ebitda": 72200000,
    "ebitdaratio": 0.2886845262,
    "operatingIncome": 59900000,
    "operatingIncomeRatio": 0.2395041983,
    "totalOtherIncomeExpensesNet": -11800000,
    "incomeBeforeTax": 48100000,
    "incomeBeforeTaxRatio": 0.1923230708,
    "incomeTaxExpense": 18100000,
    "netIncome": 30000000,
    "netIncomeRatio": 0.1199520192,
    "eps": 0.28,
    "epsdiluted": 0.28,
    "weightedAverageShsOut": 109090909,
    "weightedAverageShsOutDil": 109090909,
    "link": "https://www.sec.gov/Archives/edgar/data/857005/000092701699000505/0000927016-99-000505-index.html",
    "finalLink": "https://www.sec.gov/Archives/edgar/data/857005/"
  },
  {
    "date": "1998-09-30",
    "symbol": "PTC",
    "reportedCurrency": "USD",
    "cik": "0000857005",
    "fillingDate": "1998-12-29",
    "acceptedDate": "1998-12-29 00:00:00",
    "calendarYear": "1998",
    "period": "Q4",
    "revenue": 250100000,
    "costOfRevenue": 30600000,
    "grossProfit": 219500000,
    "grossProfitRatio": 0.8776489404,
    "researchAndDevelopmentExpenses": 23200000,
    "generalAndAdministrativeExpenses": 0,
    "sellingAndMarketingExpenses": 0,
    "sellingGeneralAndAdministrativeExpenses": 118000000,
    "otherExpenses": 9700000,
    "operatingExpenses": 150900000,
    "costAndExpenses": 181500000,
    "interestIncome": 0,
    "interestExpense": 0,
    "depreciationAndAmortization": 9700000,
    "ebitda": 78300000,
    "ebitdaratio": 0.3130747701,
    "operatingIncome": 68600000,
    "operatingIncomeRatio": 0.2742902839,
    "totalOtherIncomeExpensesNet": 100000,
    "incomeBeforeTax": 68700000,
    "incomeBeforeTaxRatio": 0.274690124,
    "incomeTaxExpense": 23400000,
    "netIncome": 45300000,
    "netIncomeRatio": 0.181127549,
    "eps": 0.42,
    "epsdiluted": 0.4,
    "weightedAverageShsOut": 108375000,
    "weightedAverageShsOutDil": 111870968,
    "link": "https://www.sec.gov/Archives/edgar/data/857005/000092701698004367/0000927016-98-004367-index.html",
    "finalLink": "https://www.sec.gov/Archives/edgar/data/857005/"
  },
  {
    "date": "1998-07-04",
    "symbol": "PTC",
    "reportedCurrency": "USD",
    "cik": "0000857005",
    "fillingDate": "1998-08-18",
    "acceptedDate": "1998-08-18 00:00:00",
    "calendarYear": "1998",
    "period": "Q3",
    "revenue": 245000000,
    "costOfRevenue": 31100000,
    "grossProfit": 213900000,
    "grossProfitRatio": 0.8730612245,
    "researchAndDevelopmentExpenses": 24200000,
    "generalAndAdministrativeExpenses": 0,
    "sellingAndMarketingExpenses": 0,
    "sellingGeneralAndAdministrativeExpenses": 118400000,
    "otherExpenses": 6500000,
    "operatingExpenses": 149100000,
    "costAndExpenses": 180200000,
    "interestIncome": 0,
    "interestExpense": 0,
    "depreciationAndAmortization": 6500000,
    "ebitda": 71300000,
    "ebitdaratio": 0.2910204082,
    "operatingIncome": 64800000,
    "operatingIncomeRatio": 0.2644897959,
    "totalOtherIncomeExpensesNet": -26800000,
    "incomeBeforeTax": 38000000,
    "incomeBeforeTaxRatio": 0.1551020408,
    "incomeTaxExpense": 22800000,
    "netIncome": 15200000,
    "netIncomeRatio": 0.0620408163,
    "eps": 0.15,
    "epsdiluted": 0.13,
    "weightedAverageShsOut": 101333333,
    "weightedAverageShsOutDil": 121600000,
    "link": "https://www.sec.gov/Archives/edgar/data/857005/000092701698003164/0000927016-98-003164-index.html",
    "finalLink": "https://www.sec.gov/Archives/edgar/data/857005/"
  },
  {
    "date": "1998-04-04",
    "symbol": "PTC",
    "reportedCurrency": "USD",
    "cik": "0000857005",
    "fillingDate": "1998-05-19",
    "acceptedDate": "1998-05-19 00:00:00",
    "calendarYear": "1998",
    "period": "Q2",
    "revenue": 264100000,
    "costOfRevenue": 30800000,
    "grossProfit": 233300000,
    "grossProfitRatio": 0.8833775085,
    "researchAndDevelopmentExpenses": 20700000,
    "generalAndAdministrativeExpenses": 0,
    "sellingAndMarketingExpenses": 0,
    "sellingGeneralAndAdministrativeExpenses": 105500000,
    "otherExpenses": 6800000,
    "operatingExpenses": 133000000,
    "costAndExpenses": 163800000,
    "interestIncome": 0,
    "interestExpense": 0,
    "depreciationAndAmortization": 6800000,
    "ebitda": 107100000,
    "ebitdaratio": 0.405528209,
    "operatingIncome": 100300000,
    "operatingIncomeRatio": 0.3797803862,
    "totalOtherIncomeExpensesNet": -77100000,
    "incomeBeforeTax": 23200000,
    "incomeBeforeTaxRatio": 0.0878455131,
    "incomeTaxExpense": 20100000,
    "netIncome": -15900000,
    "netIncomeRatio": -0.060204468,
    "eps": -0.15,
    "epsdiluted": -0.15,
    "weightedAverageShsOut": 106000000,
    "weightedAverageShsOutDil": 106000000,
    "link": "https://www.sec.gov/Archives/edgar/data/857005/000092701698002147/0000927016-98-002147-index.html",
    "finalLink": "https://www.sec.gov/Archives/edgar/data/857005/"
  },
  {
    "date": "1998-01-03",
    "symbol": "PTC",
    "reportedCurrency": "USD",
    "cik": "0000857005",
    "fillingDate": "1998-02-11",
    "acceptedDate": "1998-02-11 00:00:00",
    "calendarYear": "1998",
    "period": "Q1",
    "revenue": 223000000,
    "costOfRevenue": 17200000,
    "grossProfit": 205800000,
    "grossProfitRatio": 0.9228699552,
    "researchAndDevelopmentExpenses": 15000000,
    "generalAndAdministrativeExpenses": 0,
    "sellingAndMarketingExpenses": 0,
    "sellingGeneralAndAdministrativeExpenses": 92600000,
    "otherExpenses": 6900000,
    "operatingExpenses": 114500000,
    "costAndExpenses": 131700000,
    "interestIncome": 0,
    "interestExpense": 0,
    "depreciationAndAmortization": 6900000,
    "ebitda": 87000000,
    "ebitdaratio": 0.3901345291,
    "operatingIncome": 91300000,
    "operatingIncomeRatio": 0.4094170404,
    "totalOtherIncomeExpensesNet": -5900000,
    "incomeBeforeTax": 94400000,
    "incomeBeforeTaxRatio": 0.4233183857,
    "incomeTaxExpense": 32100000,
    "netIncome": 62300000,
    "netIncomeRatio": 0.2793721973,
    "eps": 0.59,
    "epsdiluted": 0.55,
    "weightedAverageShsOut": 105250000,
    "weightedAverageShsOutDil": 112266667,
    "link": "https://www.sec.gov/Archives/edgar/data/857005/000092701698000492/0000927016-98-000492-index.html",
    "finalLink": "https://www.sec.gov/Archives/edgar/data/857005/"
  },
  {
    "date": "1997-09-30",
    "symbol": "PTC",
    "reportedCurrency": "USD",
    "cik": "0000857005",
    "fillingDate": "1997-12-29",
    "acceptedDate": "1997-12-29 00:00:00",
    "calendarYear": "1997",
    "period": "Q4",
    "revenue": 220200000,
    "costOfRevenue": 14800000,
    "grossProfit": 205400000,
    "grossProfitRatio": 0.9327883742,
    "researchAndDevelopmentExpenses": 14100000,
    "generalAndAdministrativeExpenses": 0,
    "sellingAndMarketingExpenses": 0,
    "sellingGeneralAndAdministrativeExpenses": 94800000,
    "otherExpenses": 6100000,
    "operatingExpenses": 115000000,
    "costAndExpenses": 129800000,
    "interestIncome": 0,
    "interestExpense": 0,
    "depreciationAndAmortization": 6100000,
    "ebitda": 96500000,
    "ebitdaratio": 0.4382379655,
    "operatingIncome": 90400000,
    "operatingIncomeRatio": 0.4105358765,
    "totalOtherIncomeExpensesNet": 2700000,
    "incomeBeforeTax": 93100000,
    "incomeBeforeTaxRatio": 0.4227974569,
    "incomeTaxExpense": 32600000,
    "netIncome": 60500000,
    "netIncomeRatio": 0.2747502271,
    "eps": 0.57,
    "epsdiluted": 0.56,
    "weightedAverageShsOut": 106846400,
    "weightedAverageShsOutDil": 107746400,
    "link": "https://www.sec.gov/Archives/edgar/data/857005/000092701697003474/0000927016-97-003474-index.html",
    "finalLink": "https://www.sec.gov/Archives/edgar/data/857005/"
  },
  {
    "date": "1997-06-28",
    "symbol": "PTC",
    "reportedCurrency": "USD",
    "cik": "0000857005",
    "fillingDate": "1997-08-11",
    "acceptedDate": "1997-08-11 00:00:00",
    "calendarYear": "1997",
    "period": "Q3",
    "revenue": 207100000,
    "costOfRevenue": 13500000,
    "grossProfit": 193600000,
    "grossProfitRatio": 0.9348140995,
    "researchAndDevelopmentExpenses": 13700000,
    "generalAndAdministrativeExpenses": 0,
    "sellingAndMarketingExpenses": 0,
    "sellingGeneralAndAdministrativeExpenses": 90300000,
    "otherExpenses": 6000000,
    "operatingExpenses": 110000000,
    "costAndExpenses": 123500000,
    "interestIncome": 0,
    "interestExpense": 0,
    "depreciationAndAmortization": 6000000,
    "ebitda": 96000000,
    "ebitdaratio": 0.4635441816,
    "operatingIncome": 83600000,
    "operatingIncomeRatio": 0.4036697248,
    "totalOtherIncomeExpensesNet": 2800000,
    "incomeBeforeTax": 86400000,
    "incomeBeforeTaxRatio": 0.4171897634,
    "incomeTaxExpense": 30200000,
    "netIncome": 56200000,
    "netIncomeRatio": 0.2713664896,
    "eps": 0.51,
    "epsdiluted": 0.51,
    "weightedAverageShsOut": 110285714,
    "weightedAverageShsOutDil": 110285714,
    "link": "https://www.sec.gov/Archives/edgar/data/857005/000092701697002263/0000927016-97-002263-index.html",
    "finalLink": "https://www.sec.gov/Archives/edgar/data/857005/"
  },
  {
    "date": "1997-03-29",
    "symbol": "PTC",
    "reportedCurrency": "USD",
    "cik": "0000857005",
    "fillingDate": "1997-05-08",
    "acceptedDate": "1997-05-08 00:00:00",
    "calendarYear": "1997",
    "period": "Q2",
    "revenue": 198000000,
    "costOfRevenue": 13100000,
    "grossProfit": 184900000,
    "grossProfitRatio": 0.9338383838,
    "researchAndDevelopmentExpenses": 12700000,
    "generalAndAdministrativeExpenses": 0,
    "sellingAndMarketingExpenses": 0,
    "sellingGeneralAndAdministrativeExpenses": 87600000,
    "otherExpenses": 5500000,
    "operatingExpenses": 105800000,
    "costAndExpenses": 118900000,
    "interestIncome": 0,
    "interestExpense": 0,
    "depreciationAndAmortization": 5500000,
    "ebitda": 84600000,
    "ebitdaratio": 0.4272727273,
    "operatingIncome": 79100000,
    "operatingIncomeRatio": 0.3994949495,
    "totalOtherIncomeExpensesNet": 2600000,
    "incomeBeforeTax": 81700000,
    "incomeBeforeTaxRatio": 0.4126262626,
    "incomeTaxExpense": 28600000,
    "netIncome": 53100000,
    "netIncomeRatio": 0.2681818182,
    "eps": 0.49,
    "epsdiluted": 0.49,
    "weightedAverageShsOut": 108262400,
    "weightedAverageShsOutDil": 108262400,
    "link": "https://www.sec.gov/Archives/edgar/data/857005/000092701697001311/0000927016-97-001311-index.html",
    "finalLink": "https://www.sec.gov/Archives/edgar/data/857005/"
  },
  {
    "date": "1996-12-28",
    "symbol": "PTC",
    "reportedCurrency": "USD",
    "cik": "0000857005",
    "fillingDate": "1997-02-05",
    "acceptedDate": "1997-02-05 00:00:00",
    "calendarYear": "1997",
    "period": "Q1",
    "revenue": 183500000,
    "costOfRevenue": 12700000,
    "grossProfit": 170800000,
    "grossProfitRatio": 0.9307901907,
    "researchAndDevelopmentExpenses": 12500000,
    "generalAndAdministrativeExpenses": 0,
    "sellingAndMarketingExpenses": 0,
    "sellingGeneralAndAdministrativeExpenses": 80000000,
    "otherExpenses": 4800000,
    "operatingExpenses": 97300000,
    "costAndExpenses": 110000000,
    "interestIncome": 0,
    "interestExpense": 0,
    "depreciationAndAmortization": 4800000,
    "ebitda": 78300000,
    "ebitdaratio": 0.4267029973,
    "operatingIncome": 73500000,
    "operatingIncomeRatio": 0.4005449591,
    "totalOtherIncomeExpensesNet": 2600000,
    "incomeBeforeTax": 76100000,
    "incomeBeforeTaxRatio": 0.4147138965,
    "incomeTaxExpense": 26600000,
    "netIncome": 49500000,
    "netIncomeRatio": 0.2697547684,
    "eps": 0.46,
    "epsdiluted": 0.46,
    "weightedAverageShsOut": 108351200,
    "weightedAverageShsOutDil": 108351200,
    "link": "https://www.sec.gov/Archives/edgar/data/857005/000092701697000183/0000927016-97-000183-index.html",
    "finalLink": "https://www.sec.gov/Archives/edgar/data/857005/"
  },
  {
    "date": "1996-09-30",
    "symbol": "PTC",
    "reportedCurrency": "USD",
    "cik": "0000857005",
    "fillingDate": "1996-12-24",
    "acceptedDate": "1996-12-24 00:00:00",
    "calendarYear": "1996",
    "period": "Q4",
    "revenue": 177100000,
    "costOfRevenue": 11800000,
    "grossProfit": 165300000,
    "grossProfitRatio": 0.9333709768,
    "researchAndDevelopmentExpenses": 12300000,
    "generalAndAdministrativeExpenses": 0,
    "sellingAndMarketingExpenses": 0,
    "sellingGeneralAndAdministrativeExpenses": 77600000,
    "otherExpenses": 4800000,
    "operatingExpenses": 94700000,
    "costAndExpenses": 106500000,
    "interestIncome": 0,
    "interestExpense": 0,
    "depreciationAndAmortization": 4800000,
    "ebitda": 75400000,
    "ebitdaratio": 0.4257481649,
    "operatingIncome": 70600000,
    "operatingIncomeRatio": 0.3986448334,
    "totalOtherIncomeExpensesNet": -29300000,
    "incomeBeforeTax": 41300000,
    "incomeBeforeTaxRatio": 0.233201581,
    "incomeTaxExpense": 14900000,
    "netIncome": 26400000,
    "netIncomeRatio": 0.149068323,
    "eps": 0.25,
    "epsdiluted": 0.25,
    "weightedAverageShsOut": 106568800,
    "weightedAverageShsOutDil": 106568800,
    "link": "https://www.sec.gov/Archives/edgar/data/857005/000092701696002061/0000927016-96-002061-index.html",
    "finalLink": "https://www.sec.gov/Archives/edgar/data/857005/"
  },
  {
    "date": "1996-06-29",
    "symbol": "PTC",
    "reportedCurrency": "USD",
    "cik": "0000857005",
    "fillingDate": "1996-08-09",
    "acceptedDate": "1996-08-09 00:00:00",
    "calendarYear": "1996",
    "period": "Q3",
    "revenue": 157100000,
    "costOfRevenue": 8400000,
    "grossProfit": 148700000,
    "grossProfitRatio": 0.9465308721,
    "researchAndDevelopmentExpenses": 10500000,
    "generalAndAdministrativeExpenses": 0,
    "sellingAndMarketingExpenses": 0,
    "sellingGeneralAndAdministrativeExpenses": 70300000,
    "otherExpenses": 5700000,
    "operatingExpenses": 86500000,
    "costAndExpenses": 94900000,
    "interestIncome": 0,
    "interestExpense": 0,
    "depreciationAndAmortization": 5700000,
    "ebitda": 67900000,
    "ebitdaratio": 0.4322087842,
    "operatingIncome": 62200000,
    "operatingIncomeRatio": 0.3959261617,
    "totalOtherIncomeExpensesNet": 3000000,
    "incomeBeforeTax": 65200000,
    "incomeBeforeTaxRatio": 0.4150222788,
    "incomeTaxExpense": 23600000,
    "netIncome": 41600000,
    "netIncomeRatio": 0.2647994908,
    "eps": 0.4,
    "epsdiluted": 0.4,
    "weightedAverageShsOut": 104000000,
    "weightedAverageShsOutDil": 104000000,
    "link": "https://www.sec.gov/Archives/edgar/data/857005/000092701696000763/0000927016-96-000763-index.html",
    "finalLink": "https://www.sec.gov/Archives/edgar/data/857005/"
  },
  {
    "date": "1996-03-30",
    "symbol": "PTC",
    "reportedCurrency": "USD",
    "cik": "0000857005",
    "fillingDate": "1996-05-14",
    "acceptedDate": "1996-05-14 00:00:00",
    "calendarYear": "1996",
    "period": "Q2",
    "revenue": 140500000,
    "costOfRevenue": 10400000,
    "grossProfit": 130100000,
    "grossProfitRatio": 0.9259786477,
    "researchAndDevelopmentExpenses": 8900000,
    "generalAndAdministrativeExpenses": 0,
    "sellingAndMarketingExpenses": 0,
    "sellingGeneralAndAdministrativeExpenses": 63100000,
    "otherExpenses": 3000000,
    "operatingExpenses": 75000000,
    "costAndExpenses": 85400000,
    "interestIncome": 0,
    "interestExpense": 0,
    "depreciationAndAmortization": 3000000,
    "ebitda": 58100000,
    "ebitdaratio": 0.4135231317,
    "operatingIncome": 55100000,
    "operatingIncomeRatio": 0.3921708185,
    "totalOtherIncomeExpensesNet": 2600000,
    "incomeBeforeTax": 57700000,
    "incomeBeforeTaxRatio": 0.4106761566,
    "incomeTaxExpense": 20900000,
    "netIncome": 36800000,
    "netIncomeRatio": 0.2619217082,
    "eps": 0.35,
    "epsdiluted": 0.35,
    "weightedAverageShsOut": 105142857,
    "weightedAverageShsOutDil": 105142857,
    "link": "https://www.sec.gov/Archives/edgar/data/857005/000092701696000232/0000927016-96-000232-index.html",
    "finalLink": "https://www.sec.gov/Archives/edgar/data/857005/"
  },
  {
    "date": "1995-12-30",
    "symbol": "PTC",
    "reportedCurrency": "USD",
    "cik": "0000857005",
    "fillingDate": "1996-02-01",
    "acceptedDate": "1996-02-01 00:00:00",
    "calendarYear": "1996",
    "period": "Q1",
    "revenue": 125400000,
    "costOfRevenue": 9200000,
    "grossProfit": 116200000,
    "grossProfitRatio": 0.9266347687,
    "researchAndDevelopmentExpenses": 7800000,
    "generalAndAdministrativeExpenses": 0,
    "sellingAndMarketingExpenses": 0,
    "sellingGeneralAndAdministrativeExpenses": 56400000,
    "otherExpenses": 3300000,
    "operatingExpenses": 67500000,
    "costAndExpenses": 76700000,
    "interestIncome": 0,
    "interestExpense": 0,
    "depreciationAndAmortization": 3300000,
    "ebitda": 52000000,
    "ebitdaratio": 0.4146730463,
    "operatingIncome": 48700000,
    "operatingIncomeRatio": 0.3883572568,
    "totalOtherIncomeExpensesNet": 3000000,
    "incomeBeforeTax": 51700000,
    "incomeBeforeTaxRatio": 0.4122807018,
    "incomeTaxExpense": 18700000,
    "netIncome": 33000000,
    "netIncomeRatio": 0.2631578947,
    "eps": 0.32,
    "epsdiluted": 0.32,
    "weightedAverageShsOut": 101538462,
    "weightedAverageShsOutDil": 101538462,
    "link": "https://www.sec.gov/Archives/edgar/data/857005/000092701696000016/0000927016-96-000016-index.html",
    "finalLink": "https://www.sec.gov/Archives/edgar/data/857005/"
  },
  {
    "date": "1995-09-30",
    "symbol": "PTC",
    "reportedCurrency": "USD",
    "cik": "0000857005",
    "fillingDate": "1995-12-28",
    "acceptedDate": "1995-12-28 00:00:00",
    "calendarYear": "1995",
    "period": "Q4",
    "revenue": 141700000,
    "costOfRevenue": 10600000,
    "grossProfit": 131100000,
    "grossProfitRatio": 0.925194072,
    "researchAndDevelopmentExpenses": 11300000,
    "generalAndAdministrativeExpenses": 0,
    "sellingAndMarketingExpenses": 0,
    "sellingGeneralAndAdministrativeExpenses": 68500000,
    "otherExpenses": 3400000,
    "operatingExpenses": 83200000,
    "costAndExpenses": 93800000,
    "interestIncome": 0,
    "interestExpense": 0,
    "depreciationAndAmortization": 3400000,
    "ebitda": 51300000,
    "ebitdaratio": 0.3620324629,
    "operatingIncome": 47900000,
    "operatingIncomeRatio": 0.3380381087,
    "totalOtherIncomeExpensesNet": -7700000,
    "incomeBeforeTax": 40200000,
    "incomeBeforeTaxRatio": 0.2836979534,
    "incomeTaxExpense": 17600000,
    "netIncome": 22600000,
    "netIncomeRatio": 0.1594918843,
    "eps": 0.22,
    "epsdiluted": 0.22,
    "weightedAverageShsOut": 103236800,
    "weightedAverageShsOutDil": 103236800,
    "link": "https://www.sec.gov/Archives/edgar/data/857005/000095010995005433/0000950109-95-005433-index.html",
    "finalLink": "https://www.sec.gov/Archives/edgar/data/857005/"
  }
]