[
  {
    "date": "2025-06-30",
    "symbol": "PWR",
    "reportedCurrency": "USD",
    "cik": "0001050915",
    "fillingDate": "2025-07-31",
    "acceptedDate": "2025-07-31 10:04:24",
    "calendarYear": "2025",
    "period": "Q2",
    "revenue": 6773007000,
    "costOfRevenue": 5878611000,
    "grossProfit": 894396000,
    "grossProfitRatio": 0.1320530157,
    "researchAndDevelopmentExpenses": 0,
    "generalAndAdministrativeExpenses": 0,
    "sellingAndMarketingExpenses": 0,
    "sellingGeneralAndAdministrativeExpenses": 503756000,
    "otherExpenses": 0,
    "operatingExpenses": 503756000,
    "costAndExpenses": 6382367000,
    "interestIncome": 3782000,
    "interestExpense": 59579000,
    "depreciationAndAmortization": 211903000,
    "ebitda": 590105000,
    "ebitdaratio": 0.0871259988,
    "operatingIncome": 390640000,
    "operatingIncomeRatio": 0.0576760071,
    "totalOtherIncomeExpensesNet": -72017000,
    "incomeBeforeTax": 318623000,
    "incomeBeforeTaxRatio": 0.0470430637,
    "incomeTaxExpense": 85100000,
    "netIncome": 229250000,
    "netIncomeRatio": 0.0338475953,
    "eps": 1.55,
    "epsdiluted": 1.51,
    "weightedAverageShsOut": 148361000,
    "weightedAverageShsOutDil": 150937000,
    "link": "https://www.sec.gov/Archives/edgar/data/1050915/000105091525000103/0001050915-25-000103-index.htm",
    "finalLink": "https://www.sec.gov/Archives/edgar/data/1050915/000105091525000103/pwr-20250630.htm"
  },
  {
    "date": "2025-03-31",
    "symbol": "PWR",
    "reportedCurrency": "USD",
    "cik": "0001050915",
    "fillingDate": "2025-05-01",
    "acceptedDate": "2025-05-01 09:58:24",
    "calendarYear": "2025",
    "period": "Q1",
    "revenue": 6233334000,
    "costOfRevenue": 5508859000,
    "grossProfit": 724475000,
    "grossProfitRatio": 0.1162259234,
    "researchAndDevelopmentExpenses": 0,
    "generalAndAdministrativeExpenses": 0,
    "sellingAndMarketingExpenses": 0,
    "sellingGeneralAndAdministrativeExpenses": 480191000,
    "otherExpenses": 0,
    "operatingExpenses": 480191000,
    "costAndExpenses": 5989050000,
    "interestIncome": 3841000,
    "interestExpense": 54312000,
    "depreciationAndAmortization": 207676000,
    "ebitda": 450837000,
    "ebitdaratio": 0.0723267837,
    "operatingIncome": 244284000,
    "operatingIncomeRatio": 0.0391899423,
    "totalOtherIncomeExpensesNet": -55435000,
    "incomeBeforeTax": 188849000,
    "incomeBeforeTaxRatio": 0.0302966278,
    "incomeTaxExpense": 39880000,
    "netIncome": 144258000,
    "netIncomeRatio": 0.0231429922,
    "eps": 0.97,
    "epsdiluted": 0.96,
    "weightedAverageShsOut": 148274000,
    "weightedAverageShsOutDil": 150964000,
    "link": "https://www.sec.gov/Archives/edgar/data/1050915/000105091525000047/0001050915-25-000047-index.htm",
    "finalLink": "https://www.sec.gov/Archives/edgar/data/1050915/000105091525000047/pwr-20250331.htm"
  },
  {
    "date": "2024-12-31",
    "symbol": "PWR",
    "reportedCurrency": "USD",
    "cik": "0001050915",
    "fillingDate": "2025-02-20",
    "acceptedDate": "2025-02-20 10:10:36",
    "calendarYear": "2024",
    "period": "Q4",
    "revenue": 6553422000,
    "costOfRevenue": 5605868000,
    "grossProfit": 947554000,
    "grossProfitRatio": 0.1445891932,
    "researchAndDevelopmentExpenses": 0,
    "generalAndAdministrativeExpenses": 0,
    "sellingAndMarketingExpenses": 0,
    "sellingGeneralAndAdministrativeExpenses": 501647000,
    "otherExpenses": 0,
    "operatingExpenses": 501647000,
    "costAndExpenses": 6107515000,
    "interestIncome": 13587000,
    "interestExpense": 56344000,
    "depreciationAndAmortization": 212650000,
    "ebitda": 685312000,
    "ebitdaratio": 0.1045731528,
    "operatingIncome": 445907000,
    "operatingIncomeRatio": 0.0680418566,
    "totalOtherIncomeExpensesNet": -29589000,
    "incomeBeforeTax": 416318000,
    "incomeBeforeTaxRatio": 0.0635268109,
    "incomeTaxExpense": 106031000,
    "netIncome": 305120000,
    "netIncomeRatio": 0.0465588818,
    "eps": 2.06,
    "epsdiluted": 2.03,
    "weightedAverageShsOut": 147791000,
    "weightedAverageShsOutDil": 150618000,
    "link": "https://www.sec.gov/Archives/edgar/data/1050915/000105091525000005/0001050915-25-000005-index.htm",
    "finalLink": "https://www.sec.gov/Archives/edgar/data/1050915/000105091525000005/pwr-20241231.htm"
  },
  {
    "date": "2024-09-30",
    "symbol": "PWR",
    "reportedCurrency": "USD",
    "cik": "0001050915",
    "fillingDate": "2024-10-31",
    "acceptedDate": "2024-10-31 10:29:28",
    "calendarYear": "2024",
    "period": "Q3",
    "revenue": 6493167000,
    "costOfRevenue": 5591019000,
    "grossProfit": 902148000,
    "grossProfitRatio": 0.138938056,
    "researchAndDevelopmentExpenses": 0,
    "generalAndAdministrativeExpenses": 0,
    "sellingAndMarketingExpenses": 0,
    "sellingGeneralAndAdministrativeExpenses": 476163000,
    "otherExpenses": 0,
    "operatingExpenses": 476163000,
    "costAndExpenses": 6067182000,
    "interestIncome": 7237000,
    "interestExpense": 59950000,
    "depreciationAndAmortization": 200401000,
    "ebitda": 641793000,
    "ebitdaratio": 0.0988412896,
    "operatingIncome": 425985000,
    "operatingIncomeRatio": 0.06560512,
    "totalOtherIncomeExpensesNet": -44543000,
    "incomeBeforeTax": 381442000,
    "incomeBeforeTaxRatio": 0.0587451393,
    "incomeTaxExpense": 82421000,
    "netIncome": 293185000,
    "netIncomeRatio": 0.0451528507,
    "eps": 1.99,
    "epsdiluted": 1.95,
    "weightedAverageShsOut": 147394000,
    "weightedAverageShsOutDil": 150556000,
    "link": "https://www.sec.gov/Archives/edgar/data/1050915/000105091524000159/0001050915-24-000159-index.htm",
    "finalLink": "https://www.sec.gov/Archives/edgar/data/1050915/000105091524000159/pwr-20240930.htm"
  },
  {
    "date": "2024-06-30",
    "symbol": "PWR",
    "reportedCurrency": "USD",
    "cik": "0001050915",
    "fillingDate": "2024-08-01",
    "acceptedDate": "2024-08-01 09:55:33",
    "calendarYear": "2024",
    "period": "Q2",
    "revenue": 5594387000,
    "costOfRevenue": 4862270000,
    "grossProfit": 732117000,
    "grossProfitRatio": 0.1308663487,
    "researchAndDevelopmentExpenses": 0,
    "generalAndAdministrativeExpenses": 0,
    "sellingAndMarketingExpenses": 0,
    "sellingGeneralAndAdministrativeExpenses": 423211000,
    "otherExpenses": 0,
    "operatingExpenses": 423211000,
    "costAndExpenses": 5285481000,
    "interestIncome": 3557000,
    "interestExpense": 45321000,
    "depreciationAndAmortization": 162865000,
    "ebitda": 475269000,
    "ebitdaratio": 0.0849546161,
    "operatingIncome": 308906000,
    "operatingIncomeRatio": 0.055217131,
    "totalOtherIncomeExpensesNet": -41822999,
    "incomeBeforeTax": 267083000,
    "incomeBeforeTaxRatio": 0.0477412449,
    "incomeTaxExpense": 75199000,
    "netIncome": 188159000,
    "netIncomeRatio": 0.033633533,
    "eps": 1.28,
    "epsdiluted": 1.26,
    "weightedAverageShsOut": 146580000,
    "weightedAverageShsOutDil": 149788000,
    "link": "https://www.sec.gov/Archives/edgar/data/1050915/000105091524000140/0001050915-24-000140-index.htm",
    "finalLink": "https://www.sec.gov/Archives/edgar/data/1050915/000105091524000140/pwr-20240630.htm"
  },
  {
    "date": "2024-03-31",
    "symbol": "PWR",
    "reportedCurrency": "USD",
    "cik": "0001050915",
    "fillingDate": "2024-05-02",
    "acceptedDate": "2024-05-02 10:10:24",
    "calendarYear": "2024",
    "period": "Q1",
    "revenue": 5031819000,
    "costOfRevenue": 4485836000,
    "grossProfit": 545983000,
    "grossProfitRatio": 0.108506089,
    "researchAndDevelopmentExpenses": 0,
    "generalAndAdministrativeExpenses": 0,
    "sellingAndMarketingExpenses": 0,
    "sellingGeneralAndAdministrativeExpenses": 389369000,
    "otherExpenses": 0,
    "operatingExpenses": 389369000,
    "costAndExpenses": 4875205000,
    "interestIncome": 8023000,
    "interestExpense": 41072000,
    "depreciationAndAmortization": 166406000,
    "ebitda": 354665000,
    "ebitdaratio": 0.0704844511,
    "operatingIncome": 156614000,
    "operatingIncomeRatio": 0.0311247285,
    "totalOtherIncomeExpensesNet": -9427000,
    "incomeBeforeTax": 147187000,
    "incomeBeforeTaxRatio": 0.0292512509,
    "incomeTaxExpense": 21096000,
    "netIncome": 118360000,
    "netIncomeRatio": 0.0235223087,
    "eps": 0.81,
    "epsdiluted": 0.79,
    "weightedAverageShsOut": 145936000,
    "weightedAverageShsOutDil": 149350000,
    "link": "https://www.sec.gov/Archives/edgar/data/1050915/000105091524000082/0001050915-24-000082-index.htm",
    "finalLink": "https://www.sec.gov/Archives/edgar/data/1050915/000105091524000082/pwr-20240331.htm"
  },
  {
    "date": "2023-12-31",
    "symbol": "PWR",
    "reportedCurrency": "USD",
    "cik": "0001050915",
    "fillingDate": "2024-02-22",
    "acceptedDate": "2024-02-22 09:56:10",
    "calendarYear": "2023",
    "period": "Q4",
    "revenue": 5783948000,
    "costOfRevenue": 5066705000,
    "grossProfit": 717243000,
    "grossProfitRatio": 0.1240057829,
    "researchAndDevelopmentExpenses": 0,
    "generalAndAdministrativeExpenses": 0,
    "sellingAndMarketingExpenses": 0,
    "sellingGeneralAndAdministrativeExpenses": 383377000,
    "otherExpenses": 0,
    "operatingExpenses": 383377000,
    "costAndExpenses": 5450082000,
    "interestIncome": 5873000,
    "interestExpense": 49500000,
    "depreciationAndAmortization": 160265000,
    "ebitda": 499174000,
    "ebitdaratio": 0.0863033347,
    "operatingIncome": 333866000,
    "operatingIncomeRatio": 0.0577228564,
    "totalOtherIncomeExpensesNet": -44457000,
    "incomeBeforeTax": 289409000,
    "incomeBeforeTaxRatio": 0.050036584,
    "incomeTaxExpense": 75799000,
    "netIncome": 210908000,
    "netIncomeRatio": 0.0364643666,
    "eps": 1.45,
    "epsdiluted": 1.42,
    "weightedAverageShsOut": 145530000,
    "weightedAverageShsOutDil": 148906000,
    "link": "https://www.sec.gov/Archives/edgar/data/1050915/000105091524000009/0001050915-24-000009-index.htm",
    "finalLink": "https://www.sec.gov/Archives/edgar/data/1050915/000105091524000009/pwr-20231231.htm"
  },
  {
    "date": "2023-09-30",
    "symbol": "PWR",
    "reportedCurrency": "USD",
    "cik": "0001050915",
    "fillingDate": "2023-11-02",
    "acceptedDate": "2023-11-02 10:03:08",
    "calendarYear": "2023",
    "period": "Q3",
    "revenue": 5620822000,
    "costOfRevenue": 4844859000,
    "grossProfit": 775963000,
    "grossProfitRatio": 0.1380515163,
    "researchAndDevelopmentExpenses": 0,
    "generalAndAdministrativeExpenses": 0,
    "sellingAndMarketingExpenses": 0,
    "sellingGeneralAndAdministrativeExpenses": 382372000,
    "otherExpenses": 0,
    "operatingExpenses": 382372000,
    "costAndExpenses": 5227231000,
    "interestIncome": 1993000,
    "interestExpense": 47531000,
    "depreciationAndAmortization": 152849000,
    "ebitda": 551427000,
    "ebitdaratio": 0.0981043342,
    "operatingIncome": 393591000,
    "operatingIncomeRatio": 0.0700237439,
    "totalOtherIncomeExpensesNet": -42544000,
    "incomeBeforeTax": 351047000,
    "incomeBeforeTaxRatio": 0.0624547442,
    "incomeTaxExpense": 77522000,
    "netIncome": 272836000,
    "netIncomeRatio": 0.0485402313,
    "eps": 1.88,
    "epsdiluted": 1.83,
    "weightedAverageShsOut": 145455000,
    "weightedAverageShsOutDil": 148792000,
    "link": "https://www.sec.gov/Archives/edgar/data/1050915/000105091523000164/0001050915-23-000164-index.htm",
    "finalLink": "https://www.sec.gov/Archives/edgar/data/1050915/000105091523000164/pwr-20230930.htm"
  },
  {
    "date": "2023-06-30",
    "symbol": "PWR",
    "reportedCurrency": "USD",
    "cik": "0001050915",
    "fillingDate": "2023-08-03",
    "acceptedDate": "2023-08-03 10:23:22",
    "calendarYear": "2023",
    "period": "Q2",
    "revenue": 5048610000,
    "costOfRevenue": 4394536000,
    "grossProfit": 654073999,
    "grossProfitRatio": 0.1295552635,
    "researchAndDevelopmentExpenses": 0,
    "generalAndAdministrativeExpenses": 0,
    "sellingAndMarketingExpenses": 0,
    "sellingGeneralAndAdministrativeExpenses": 382561000,
    "otherExpenses": 0,
    "operatingExpenses": 382561000,
    "costAndExpenses": 4777097000,
    "interestIncome": 1448000,
    "interestExpense": 48189000,
    "depreciationAndAmortization": 149901000,
    "ebitda": 434041000,
    "ebitdaratio": 0.0859723766,
    "operatingIncome": 271513000,
    "operatingIncomeRatio": 0.0537797532,
    "totalOtherIncomeExpensesNet": -35562000,
    "incomeBeforeTax": 235951000,
    "incomeBeforeTaxRatio": 0.0467358342,
    "incomeTaxExpense": 69367000,
    "netIncome": 165899000,
    "netIncomeRatio": 0.0328603319,
    "eps": 1.14,
    "epsdiluted": 1.12,
    "weightedAverageShsOut": 145422000,
    "weightedAverageShsOutDil": 148773000,
    "link": "https://www.sec.gov/Archives/edgar/data/1050915/000105091523000150/0001050915-23-000150-index.htm",
    "finalLink": "https://www.sec.gov/Archives/edgar/data/1050915/000105091523000150/pwr-20230630.htm"
  },
  {
    "date": "2023-03-31",
    "symbol": "PWR",
    "reportedCurrency": "USD",
    "cik": "0001050915",
    "fillingDate": "2023-05-04",
    "acceptedDate": "2023-05-04 10:08:00",
    "calendarYear": "2023",
    "period": "Q1",
    "revenue": 4428826000,
    "costOfRevenue": 3928034000,
    "grossProfit": 500792000,
    "grossProfitRatio": 0.1130755645,
    "researchAndDevelopmentExpenses": 0,
    "generalAndAdministrativeExpenses": 0,
    "sellingAndMarketingExpenses": 0,
    "sellingGeneralAndAdministrativeExpenses": 365486000,
    "otherExpenses": 0,
    "operatingExpenses": 365486000,
    "costAndExpenses": 4293520000,
    "interestIncome": 1516000,
    "interestExpense": 41693000,
    "depreciationAndAmortization": 150785000,
    "ebitda": 286027000,
    "ebitdaratio": 0.0645830295,
    "operatingIncome": 135306000,
    "operatingIncomeRatio": 0.0305512115,
    "totalOtherIncomeExpensesNet": -41757000,
    "incomeBeforeTax": 93549000,
    "incomeBeforeTaxRatio": 0.0211227535,
    "incomeTaxExpense": -3421000,
    "netIncome": 95046000,
    "netIncomeRatio": 0.0214607664,
    "eps": 0.66,
    "epsdiluted": 0.64,
    "weightedAverageShsOut": 144467000,
    "weightedAverageShsOutDil": 148661000,
    "link": "https://www.sec.gov/Archives/edgar/data/1050915/000105091523000080/0001050915-23-000080-index.htm",
    "finalLink": "https://www.sec.gov/Archives/edgar/data/1050915/000105091523000080/pwr-20230331.htm"
  },
  {
    "date": "2022-12-31",
    "symbol": "PWR",
    "reportedCurrency": "USD",
    "cik": "0001050915",
    "fillingDate": "2023-02-23",
    "acceptedDate": "2023-02-23 10:03:37",
    "calendarYear": "2022",
    "period": "Q4",
    "revenue": 4416618000,
    "costOfRevenue": 3812184000,
    "grossProfit": 604434000,
    "grossProfitRatio": 0.1368544891,
    "researchAndDevelopmentExpenses": 0,
    "generalAndAdministrativeExpenses": 0,
    "sellingAndMarketingExpenses": 0,
    "sellingGeneralAndAdministrativeExpenses": 336957000,
    "otherExpenses": 0,
    "operatingExpenses": 336957000,
    "costAndExpenses": 4149140999,
    "interestIncome": 1879000,
    "interestExpense": 37430000,
    "depreciationAndAmortization": 135357000,
    "ebitda": 418471000,
    "ebitdaratio": 0.094749195,
    "operatingIncome": 267476999,
    "operatingIncomeRatio": 0.0605614973,
    "totalOtherIncomeExpensesNet": -21792999,
    "incomeBeforeTax": 245684000,
    "incomeBeforeTaxRatio": 0.055627179,
    "incomeTaxExpense": 71545000,
    "netIncome": 162572000,
    "netIncomeRatio": 0.0368091603,
    "eps": 1.14,
    "epsdiluted": 1.1,
    "weightedAverageShsOut": 143214000,
    "weightedAverageShsOutDil": 147539000,
    "link": "https://www.sec.gov/Archives/edgar/data/1050915/000105091523000010/0001050915-23-000010-index.htm",
    "finalLink": "https://www.sec.gov/Archives/edgar/data/1050915/000105091523000010/pwr-20221231.htm"
  },
  {
    "date": "2022-09-30",
    "symbol": "PWR",
    "reportedCurrency": "USD",
    "cik": "0001050915",
    "fillingDate": "2022-11-04",
    "acceptedDate": "2022-11-03 18:25:41",
    "calendarYear": "2022",
    "period": "Q3",
    "revenue": 4459757000,
    "costOfRevenue": 3838074000,
    "grossProfit": 621683000,
    "grossProfitRatio": 0.1393984022,
    "researchAndDevelopmentExpenses": 0,
    "generalAndAdministrativeExpenses": 0,
    "sellingAndMarketingExpenses": 0,
    "sellingGeneralAndAdministrativeExpenses": 307586000,
    "otherExpenses": 0,
    "operatingExpenses": 307586000,
    "costAndExpenses": 4145660000,
    "interestIncome": 436000,
    "interestExpense": 33566000,
    "depreciationAndAmortization": 140654000,
    "ebitda": 403426000,
    "ebitdaratio": 0.0904591887,
    "operatingIncome": 314097000,
    "operatingIncomeRatio": 0.0704291736,
    "totalOtherIncomeExpensesNet": -84891000,
    "incomeBeforeTax": 229206000,
    "incomeBeforeTaxRatio": 0.05139428,
    "incomeTaxExpense": 72890000,
    "netIncome": 155956000,
    "netIncomeRatio": 0.0349696183,
    "eps": 1.09,
    "epsdiluted": 1.06,
    "weightedAverageShsOut": 143353000,
    "weightedAverageShsOutDil": 147678000,
    "link": "https://www.sec.gov/Archives/edgar/data/1050915/000105091522000122/0001050915-22-000122-index.htm",
    "finalLink": "https://www.sec.gov/Archives/edgar/data/1050915/000105091522000122/pwr-20220930.htm"
  },
  {
    "date": "2022-06-30",
    "symbol": "PWR",
    "reportedCurrency": "USD",
    "cik": "0001050915",
    "fillingDate": "2022-08-04",
    "acceptedDate": "2022-08-04 10:13:37",
    "calendarYear": "2022",
    "period": "Q2",
    "revenue": 4232003000,
    "costOfRevenue": 3715358000,
    "grossProfit": 516645000,
    "grossProfitRatio": 0.12208049,
    "researchAndDevelopmentExpenses": 0,
    "generalAndAdministrativeExpenses": 0,
    "sellingAndMarketingExpenses": 0,
    "sellingGeneralAndAdministrativeExpenses": 309054000,
    "otherExpenses": 0,
    "operatingExpenses": 309054000,
    "costAndExpenses": 4024412000,
    "interestIncome": 222000,
    "interestExpense": 28639000,
    "depreciationAndAmortization": 181904000,
    "ebitda": 347955000,
    "ebitdaratio": 0.0822199323,
    "operatingIncome": 207591000,
    "operatingIncomeRatio": 0.049052659,
    "totalOtherIncomeExpensesNet": -70179000,
    "incomeBeforeTax": 137412000,
    "incomeBeforeTaxRatio": 0.0324697312,
    "incomeTaxExpense": 41252000,
    "netIncome": 88020000,
    "netIncomeRatio": 0.020798662,
    "eps": 0.61,
    "epsdiluted": 0.59,
    "weightedAverageShsOut": 143851000,
    "weightedAverageShsOutDil": 148211000,
    "link": "https://www.sec.gov/Archives/edgar/data/1050915/000105091522000116/0001050915-22-000116-index.htm",
    "finalLink": "https://www.sec.gov/Archives/edgar/data/1050915/000105091522000116/pwr-20220630.htm"
  },
  {
    "date": "2022-03-31",
    "symbol": "PWR",
    "reportedCurrency": "USD",
    "cik": "0001050915",
    "fillingDate": "2022-05-05",
    "acceptedDate": "2022-05-05 16:27:40",
    "calendarYear": "2022",
    "period": "Q1",
    "revenue": 3965525000,
    "costOfRevenue": 3533105000,
    "grossProfit": 432420000,
    "grossProfitRatio": 0.1090448301,
    "researchAndDevelopmentExpenses": 0,
    "generalAndAdministrativeExpenses": 0,
    "sellingAndMarketingExpenses": 0,
    "sellingGeneralAndAdministrativeExpenses": 309756000,
    "otherExpenses": 0,
    "operatingExpenses": 309756000,
    "costAndExpenses": 3842861000,
    "interestIncome": 69000,
    "interestExpense": 24728000,
    "depreciationAndAmortization": 186705000,
    "ebitda": 303017000,
    "ebitdaratio": 0.0764128331,
    "operatingIncome": 122664000,
    "operatingIncomeRatio": 0.0309326003,
    "totalOtherIncomeExpensesNet": -31080000,
    "incomeBeforeTax": 91584000,
    "incomeBeforeTaxRatio": 0.0230950505,
    "incomeTaxExpense": 6556000,
    "netIncome": 84641000,
    "netIncomeRatio": 0.0213442104,
    "eps": 0.59,
    "epsdiluted": 0.57,
    "weightedAverageShsOut": 143541000,
    "weightedAverageShsOutDil": 148082000,
    "link": "https://www.sec.gov/Archives/edgar/data/1050915/000105091522000078/0001050915-22-000078-index.htm",
    "finalLink": "https://www.sec.gov/Archives/edgar/data/1050915/000105091522000078/pwr-20220331.htm"
  },
  {
    "date": "2021-12-31",
    "symbol": "PWR",
    "reportedCurrency": "USD",
    "cik": "0001050915",
    "fillingDate": "2022-02-25",
    "acceptedDate": "2022-02-25 17:10:27",
    "calendarYear": "2021",
    "period": "Q4",
    "revenue": 3923538000,
    "costOfRevenue": 3425504000,
    "grossProfit": 498034000,
    "grossProfitRatio": 0.1269349246,
    "researchAndDevelopmentExpenses": 0,
    "generalAndAdministrativeExpenses": 0,
    "sellingAndMarketingExpenses": 0,
    "sellingGeneralAndAdministrativeExpenses": 367648000,
    "otherExpenses": 0,
    "operatingExpenses": 367648000,
    "costAndExpenses": 3793152000,
    "interestIncome": 96000,
    "interestExpense": 26056000,
    "depreciationAndAmortization": 168997000,
    "ebitda": 316010000,
    "ebitdaratio": 0.0805421026,
    "operatingIncome": 130386000,
    "operatingIncomeRatio": 0.0332317414,
    "totalOtherIncomeExpensesNet": -9429000,
    "incomeBeforeTax": 120957000,
    "incomeBeforeTaxRatio": 0.0308285532,
    "incomeTaxExpense": 14662000,
    "netIncome": 104797000,
    "netIncomeRatio": 0.0267098216,
    "eps": 0.73,
    "epsdiluted": 0.71,
    "weightedAverageShsOut": 142871000,
    "weightedAverageShsOutDil": 147826000,
    "link": "https://www.sec.gov/Archives/edgar/data/1050915/000105091522000008/0001050915-22-000008-index.htm",
    "finalLink": "https://www.sec.gov/Archives/edgar/data/1050915/000105091522000008/pwr-20211231.htm"
  },
  {
    "date": "2021-09-30",
    "symbol": "PWR",
    "reportedCurrency": "USD",
    "cik": "0001050915",
    "fillingDate": "2021-11-04",
    "acceptedDate": "2021-11-04 16:59:54",
    "calendarYear": "2021",
    "period": "Q3",
    "revenue": 3353278000,
    "costOfRevenue": 2841374000,
    "grossProfit": 511904000,
    "grossProfitRatio": 0.1526577874,
    "researchAndDevelopmentExpenses": 0,
    "generalAndAdministrativeExpenses": 0,
    "sellingAndMarketingExpenses": 0,
    "sellingGeneralAndAdministrativeExpenses": 274846000,
    "otherExpenses": 0,
    "operatingExpenses": 274846000,
    "costAndExpenses": 3116220000,
    "interestIncome": 72000,
    "interestExpense": 17259000,
    "depreciationAndAmortization": 84388000,
    "ebitda": 338626000,
    "ebitdaratio": 0.1009835749,
    "operatingIncome": 237058000,
    "operatingIncomeRatio": 0.0706944071,
    "totalOtherIncomeExpensesNet": -79000,
    "incomeBeforeTax": 236979000,
    "incomeBeforeTaxRatio": 0.070670848,
    "incomeTaxExpense": 61581000,
    "netIncome": 174365000,
    "netIncomeRatio": 0.0519983729,
    "eps": 1.25,
    "epsdiluted": 1.21,
    "weightedAverageShsOut": 140008000,
    "weightedAverageShsOutDil": 144304000,
    "link": "https://www.sec.gov/Archives/edgar/data/1050915/000105091521000114/0001050915-21-000114-index.htm",
    "finalLink": "https://www.sec.gov/Archives/edgar/data/1050915/000105091521000114/pwr-20210930.htm"
  },
  {
    "date": "2021-06-30",
    "symbol": "PWR",
    "reportedCurrency": "USD",
    "cik": "0001050915",
    "fillingDate": "2021-08-06",
    "acceptedDate": "2021-08-05 18:10:00",
    "calendarYear": "2021",
    "period": "Q2",
    "revenue": 2999816000,
    "costOfRevenue": 2573396000,
    "grossProfit": 426420000,
    "grossProfitRatio": 0.1421487185,
    "researchAndDevelopmentExpenses": 0,
    "generalAndAdministrativeExpenses": 0,
    "sellingAndMarketingExpenses": 0,
    "sellingGeneralAndAdministrativeExpenses": 270110000,
    "otherExpenses": 0,
    "operatingExpenses": 270110000,
    "costAndExpenses": 2843506000,
    "interestIncome": 2909000,
    "interestExpense": 13109000,
    "depreciationAndAmortization": 84048000,
    "ebitda": 257079000,
    "ebitdaratio": 0.0856982562,
    "operatingIncome": 156310000,
    "operatingIncomeRatio": 0.0521065292,
    "totalOtherIncomeExpensesNet": 3612000,
    "incomeBeforeTax": 159922000,
    "incomeBeforeTaxRatio": 0.0533106031,
    "incomeTaxExpense": 40951000,
    "netIncome": 117033000,
    "netIncomeRatio": 0.0390133928,
    "eps": 0.83,
    "epsdiluted": 0.81,
    "weightedAverageShsOut": 140276000,
    "weightedAverageShsOutDil": 144607000,
    "link": "https://www.sec.gov/Archives/edgar/data/1050915/000105091521000103/0001050915-21-000103-index.htm",
    "finalLink": "https://www.sec.gov/Archives/edgar/data/1050915/000105091521000103/pwr-20210630.htm"
  },
  {
    "date": "2021-03-31",
    "symbol": "PWR",
    "reportedCurrency": "USD",
    "cik": "0001050915",
    "fillingDate": "2021-05-07",
    "acceptedDate": "2021-05-07 12:33:41",
    "calendarYear": "2021",
    "period": "Q1",
    "revenue": 2703581000,
    "costOfRevenue": 2352046000,
    "grossProfit": 351535000,
    "grossProfitRatio": 0.1300256955,
    "researchAndDevelopmentExpenses": 0,
    "generalAndAdministrativeExpenses": 0,
    "sellingAndMarketingExpenses": 0,
    "sellingGeneralAndAdministrativeExpenses": 243352000,
    "otherExpenses": 0,
    "operatingExpenses": 243352000,
    "costAndExpenses": 2595398000,
    "interestIncome": 117000,
    "interestExpense": 12475000,
    "depreciationAndAmortization": 83462000,
    "ebitda": 200980000,
    "ebitdaratio": 0.0743384422,
    "operatingIncome": 108183000,
    "operatingIncomeRatio": 0.0400147064,
    "totalOtherIncomeExpensesNet": -3140000,
    "incomeBeforeTax": 105043000,
    "incomeBeforeTaxRatio": 0.0388532838,
    "incomeTaxExpense": 13724000,
    "netIncome": 89761000,
    "netIncomeRatio": 0.0332007807,
    "eps": 0.64,
    "epsdiluted": 0.62,
    "weightedAverageShsOut": 140121000,
    "weightedAverageShsOutDil": 144447000,
    "link": "https://www.sec.gov/Archives/edgar/data/1050915/000105091521000072/0001050915-21-000072-index.htm",
    "finalLink": "https://www.sec.gov/Archives/edgar/data/1050915/000105091521000072/pwr-20210331.htm"
  },
  {
    "date": "2020-12-31",
    "symbol": "PWR",
    "reportedCurrency": "USD",
    "cik": "0001050915",
    "fillingDate": "2021-03-01",
    "acceptedDate": "2021-02-26 18:54:46",
    "calendarYear": "2020",
    "period": "Q4",
    "revenue": 2912185000,
    "costOfRevenue": 2467642000,
    "grossProfit": 444543000,
    "grossProfitRatio": 0.1526492994,
    "researchAndDevelopmentExpenses": 0,
    "generalAndAdministrativeExpenses": 0,
    "sellingAndMarketingExpenses": 0,
    "sellingGeneralAndAdministrativeExpenses": 252040000,
    "otherExpenses": 0,
    "operatingExpenses": 252040000,
    "costAndExpenses": 2719682000,
    "interestIncome": 1335000,
    "interestExpense": 11304000,
    "depreciationAndAmortization": 81406000,
    "ebitda": 264432000,
    "ebitdaratio": 0.0908019236,
    "operatingIncome": 192503000,
    "operatingIncomeRatio": 0.0661025999,
    "totalOtherIncomeExpensesNet": -20781000,
    "incomeBeforeTax": 171722000,
    "incomeBeforeTaxRatio": 0.0589667209,
    "incomeTaxExpense": -239000,
    "netIncome": 170051000,
    "netIncomeRatio": 0.0583929249,
    "eps": 1.21,
    "epsdiluted": 1.17,
    "weightedAverageShsOut": 140695000,
    "weightedAverageShsOutDil": 145020000,
    "link": "https://www.sec.gov/Archives/edgar/data/1050915/000105091521000009/0001050915-21-000009-index.htm",
    "finalLink": "https://www.sec.gov/Archives/edgar/data/1050915/000105091521000009/pwr-20201231.htm"
  },
  {
    "date": "2020-09-30",
    "symbol": "PWR",
    "reportedCurrency": "USD",
    "cik": "0001050915",
    "fillingDate": "2020-11-02",
    "acceptedDate": "2020-10-30 18:34:47",
    "calendarYear": "2020",
    "period": "Q3",
    "revenue": 3020161000,
    "costOfRevenue": 2532334000,
    "grossProfit": 487827000,
    "grossProfitRatio": 0.1615235082,
    "researchAndDevelopmentExpenses": 0,
    "generalAndAdministrativeExpenses": 0,
    "sellingAndMarketingExpenses": 0,
    "sellingGeneralAndAdministrativeExpenses": 240054000,
    "otherExpenses": 0,
    "operatingExpenses": 240054000,
    "costAndExpenses": 2772388000,
    "interestIncome": 80000,
    "interestExpense": 11049000,
    "depreciationAndAmortization": 75931000,
    "ebitda": 321157000,
    "ebitdaratio": 0.1063377085,
    "operatingIncome": 247773000,
    "operatingIncomeRatio": 0.0820396661,
    "totalOtherIncomeExpensesNet": -13596000,
    "incomeBeforeTax": 234177000,
    "incomeBeforeTaxRatio": 0.0775379193,
    "incomeTaxExpense": 70477000,
    "netIncome": 162913000,
    "netIncomeRatio": 0.0539418263,
    "eps": 1.16,
    "epsdiluted": 1.13,
    "weightedAverageShsOut": 140542000,
    "weightedAverageShsOutDil": 144363000,
    "link": "https://www.sec.gov/Archives/edgar/data/1050915/000105091520000107/0001050915-20-000107-index.htm",
    "finalLink": "https://www.sec.gov/Archives/edgar/data/1050915/000105091520000107/pwr-20200930.htm"
  },
  {
    "date": "2020-06-30",
    "symbol": "PWR",
    "reportedCurrency": "USD",
    "cik": "0001050915",
    "fillingDate": "2020-08-07",
    "acceptedDate": "2020-08-07 20:25:23",
    "calendarYear": "2020",
    "period": "Q2",
    "revenue": 2506231000,
    "costOfRevenue": 2168746000,
    "grossProfit": 337485000,
    "grossProfitRatio": 0.1346583775,
    "researchAndDevelopmentExpenses": 0,
    "generalAndAdministrativeExpenses": 0,
    "sellingAndMarketingExpenses": 0,
    "sellingGeneralAndAdministrativeExpenses": 227852000,
    "otherExpenses": 0,
    "operatingExpenses": 227852000,
    "costAndExpenses": 2396598000,
    "interestIncome": 275000,
    "interestExpense": 8654000,
    "depreciationAndAmortization": 72305000,
    "ebitda": 188743000,
    "ebitdaratio": 0.0753094986,
    "operatingIncome": 109633000,
    "operatingIncomeRatio": 0.043744172,
    "totalOtherIncomeExpensesNet": -1849000,
    "incomeBeforeTax": 107784000,
    "incomeBeforeTaxRatio": 0.0430064108,
    "incomeTaxExpense": 32989000,
    "netIncome": 73946000,
    "netIncomeRatio": 0.0295048621,
    "eps": 0.53,
    "epsdiluted": 0.52,
    "weightedAverageShsOut": 139856000,
    "weightedAverageShsOutDil": 143521000,
    "link": "https://www.sec.gov/Archives/edgar/data/1050915/000105091520000100/0001050915-20-000100-index.htm",
    "finalLink": "https://www.sec.gov/Archives/edgar/data/1050915/000105091520000100/pwr06-30x202010xq.htm"
  },
  {
    "date": "2020-03-31",
    "symbol": "PWR",
    "reportedCurrency": "USD",
    "cik": "0001050915",
    "fillingDate": "2020-05-08",
    "acceptedDate": "2020-05-08 16:52:01",
    "calendarYear": "2020",
    "period": "Q1",
    "revenue": 2764095000,
    "costOfRevenue": 2449807000,
    "grossProfit": 314288000,
    "grossProfitRatio": 0.113703762,
    "researchAndDevelopmentExpenses": 0,
    "generalAndAdministrativeExpenses": 0,
    "sellingAndMarketingExpenses": 0,
    "sellingGeneralAndAdministrativeExpenses": 230793000,
    "otherExpenses": 0,
    "operatingExpenses": 230793000,
    "costAndExpenses": 2680600000,
    "interestIncome": 759000,
    "interestExpense": 14006000,
    "depreciationAndAmortization": 72318000,
    "ebitda": 143987000,
    "ebitdaratio": 0.0520919144,
    "operatingIncome": 83495000,
    "operatingIncomeRatio": 0.0302069936,
    "totalOtherIncomeExpensesNet": -25832000,
    "incomeBeforeTax": 57663000,
    "incomeBeforeTaxRatio": 0.0208614393,
    "incomeTaxExpense": 16160000,
    "netIncome": 38686000,
    "netIncomeRatio": 0.013995901,
    "eps": 0.27,
    "epsdiluted": 0.26,
    "weightedAverageShsOut": 144454000,
    "weightedAverageShsOutDil": 146787000,
    "link": "https://www.sec.gov/Archives/edgar/data/1050915/000105091520000073/0001050915-20-000073-index.htm",
    "finalLink": "https://www.sec.gov/Archives/edgar/data/1050915/000105091520000073/pwr03-31x202010xq.htm"
  },
  {
    "date": "2019-12-31",
    "symbol": "PWR",
    "reportedCurrency": "USD",
    "cik": "0001050915",
    "fillingDate": "2020-02-28",
    "acceptedDate": "2020-02-28 17:10:05",
    "calendarYear": "2019",
    "period": "Q4",
    "revenue": 3112800000,
    "costOfRevenue": 2691026000,
    "grossProfit": 421774000,
    "grossProfitRatio": 0.135496659,
    "researchAndDevelopmentExpenses": 0,
    "generalAndAdministrativeExpenses": 0,
    "sellingAndMarketingExpenses": 0,
    "sellingGeneralAndAdministrativeExpenses": 255129000,
    "otherExpenses": 0,
    "operatingExpenses": 255129000,
    "costAndExpenses": 2946155000,
    "interestIncome": 165000,
    "interestExpense": 18824000,
    "depreciationAndAmortization": 78065000,
    "ebitda": 242822000,
    "ebitdaratio": 0.0780075816,
    "operatingIncome": 166645000,
    "operatingIncomeRatio": 0.0535354022,
    "totalOtherIncomeExpensesNet": -20712000,
    "incomeBeforeTax": 145933000,
    "incomeBeforeTaxRatio": 0.0468815857,
    "incomeTaxExpense": 25634000,
    "netIncome": 118144000,
    "netIncomeRatio": 0.0379542534,
    "eps": 0.81,
    "epsdiluted": 0.8,
    "weightedAverageShsOut": 145877000,
    "weightedAverageShsOutDil": 148092000,
    "link": "https://www.sec.gov/Archives/edgar/data/1050915/000105091520000020/0001050915-20-000020-index.htm",
    "finalLink": "https://www.sec.gov/Archives/edgar/data/1050915/000105091520000020/pwr-123119x10k.htm"
  },
  {
    "date": "2019-09-30",
    "symbol": "PWR",
    "reportedCurrency": "USD",
    "cik": "0001050915",
    "fillingDate": "2019-11-01",
    "acceptedDate": "2019-11-01 16:38:17",
    "calendarYear": "2019",
    "period": "Q3",
    "revenue": 3352895000,
    "costOfRevenue": 2894714000,
    "grossProfit": 458181000,
    "grossProfitRatio": 0.1366523557,
    "researchAndDevelopmentExpenses": 0,
    "generalAndAdministrativeExpenses": 0,
    "sellingAndMarketingExpenses": 0,
    "sellingGeneralAndAdministrativeExpenses": 245010000,
    "otherExpenses": 0,
    "operatingExpenses": 245010000,
    "costAndExpenses": 3139724000,
    "interestIncome": 186000,
    "interestExpense": 18369000,
    "depreciationAndAmortization": 70826000,
    "ebitda": 281123000,
    "ebitdaratio": 0.0838448565,
    "operatingIncome": 213171000,
    "operatingIncomeRatio": 0.0635781914,
    "totalOtherIncomeExpensesNet": -21243000,
    "incomeBeforeTax": 191928000,
    "incomeBeforeTaxRatio": 0.0572424725,
    "incomeTaxExpense": 54906000,
    "netIncome": 136068000,
    "netIncomeRatio": 0.0405822431,
    "eps": 0.93,
    "epsdiluted": 0.92,
    "weightedAverageShsOut": 145913000,
    "weightedAverageShsOutDil": 147438000,
    "link": "https://www.sec.gov/Archives/edgar/data/1050915/000105091519000081/0001050915-19-000081-index.htm",
    "finalLink": "https://www.sec.gov/Archives/edgar/data/1050915/000105091519000081/pwr9-30x201910xq.htm"
  },
  {
    "date": "2019-06-30",
    "symbol": "PWR",
    "reportedCurrency": "USD",
    "cik": "0001050915",
    "fillingDate": "2019-08-02",
    "acceptedDate": "2019-08-02 17:10:36",
    "calendarYear": "2019",
    "period": "Q2",
    "revenue": 2839199000,
    "costOfRevenue": 2532304000,
    "grossProfit": 306895000,
    "grossProfitRatio": 0.1080921063,
    "researchAndDevelopmentExpenses": 0,
    "generalAndAdministrativeExpenses": 0,
    "sellingAndMarketingExpenses": 0,
    "sellingGeneralAndAdministrativeExpenses": 223944000,
    "otherExpenses": 0,
    "operatingExpenses": 223944000,
    "costAndExpenses": 2756248000,
    "interestIncome": 267000,
    "interestExpense": 15821000,
    "depreciationAndAmortization": 66421000,
    "ebitda": 151789000,
    "ebitdaratio": 0.0534619095,
    "operatingIncome": 82951000,
    "operatingIncomeRatio": 0.0292163388,
    "totalOtherIncomeExpensesNet": -13404000,
    "incomeBeforeTax": 69547000,
    "incomeBeforeTaxRatio": 0.024495289,
    "incomeTaxExpense": 41088000,
    "netIncome": 27344000,
    "netIncomeRatio": 0.0096308853,
    "eps": 0.19,
    "epsdiluted": 0.19,
    "weightedAverageShsOut": 145935000,
    "weightedAverageShsOutDil": 147241000,
    "link": "https://www.sec.gov/Archives/edgar/data/1050915/000105091519000074/0001050915-19-000074-index.htm",
    "finalLink": "https://www.sec.gov/Archives/edgar/data/1050915/000105091519000074/pwr6-30x201910xq.htm"
  },
  {
    "date": "2019-03-31",
    "symbol": "PWR",
    "reportedCurrency": "USD",
    "cik": "0001050915",
    "fillingDate": "2019-05-06",
    "acceptedDate": "2019-05-06 14:10:43",
    "calendarYear": "2019",
    "period": "Q1",
    "revenue": 2807259000,
    "costOfRevenue": 2455948000,
    "grossProfit": 351311000,
    "grossProfitRatio": 0.125143779,
    "researchAndDevelopmentExpenses": 0,
    "generalAndAdministrativeExpenses": 0,
    "sellingAndMarketingExpenses": 0,
    "sellingGeneralAndAdministrativeExpenses": 231908000,
    "otherExpenses": 0,
    "operatingExpenses": 231908000,
    "costAndExpenses": 2687856000,
    "interestIncome": 309000,
    "interestExpense": 13876000,
    "depreciationAndAmortization": 64885999,
    "ebitda": 243641000,
    "ebitdaratio": 0.0867896407,
    "operatingIncome": 119403000,
    "operatingIncomeRatio": 0.0425336601,
    "totalOtherIncomeExpensesNet": 45476000,
    "incomeBeforeTax": 164879000,
    "incomeBeforeTaxRatio": 0.0587330916,
    "incomeTaxExpense": 43844000,
    "netIncome": 120488000,
    "netIncomeRatio": 0.0429201581,
    "eps": 0.83,
    "epsdiluted": 0.82,
    "weightedAverageShsOut": 145110000,
    "weightedAverageShsOutDil": 146458000,
    "link": "https://www.sec.gov/Archives/edgar/data/1050915/000105091519000049/0001050915-19-000049-index.htm",
    "finalLink": "https://www.sec.gov/Archives/edgar/data/1050915/000105091519000049/pwr3-31x201910xq.htm"
  },
  {
    "date": "2018-12-31",
    "symbol": "PWR",
    "reportedCurrency": "USD",
    "cik": "0001050915",
    "fillingDate": "2019-02-28",
    "acceptedDate": "2019-02-28 17:12:22",
    "calendarYear": "2018",
    "period": "Q4",
    "revenue": 3112218000,
    "costOfRevenue": 2704962000,
    "grossProfit": 407256000,
    "grossProfitRatio": 0.1308571572,
    "researchAndDevelopmentExpenses": 0,
    "generalAndAdministrativeExpenses": 0,
    "sellingAndMarketingExpenses": 0,
    "sellingGeneralAndAdministrativeExpenses": 212408000,
    "otherExpenses": 0,
    "operatingExpenses": 212408000,
    "costAndExpenses": 2917370000,
    "interestIncome": 427000,
    "interestExpense": 11770000,
    "depreciationAndAmortization": 64682000,
    "ebitda": 205243000,
    "ebitdaratio": 0.0659475011,
    "operatingIncome": 194848000,
    "operatingIncomeRatio": 0.0626074395,
    "totalOtherIncomeExpensesNet": -66057000,
    "incomeBeforeTax": 128791000,
    "incomeBeforeTaxRatio": 0.0413823839,
    "incomeTaxExpense": 71000000,
    "netIncome": 56816000,
    "netIncomeRatio": 0.0182557906,
    "eps": 0.38,
    "epsdiluted": 0.38,
    "weightedAverageShsOut": 149531000,
    "weightedAverageShsOutDil": 150827000,
    "link": "https://www.sec.gov/Archives/edgar/data/1050915/000105091519000014/0001050915-19-000014-index.htm",
    "finalLink": "https://www.sec.gov/Archives/edgar/data/1050915/000105091519000014/pwr-123118x10k.htm"
  },
  {
    "date": "2018-09-30",
    "symbol": "PWR",
    "reportedCurrency": "USD",
    "cik": "0001050915",
    "fillingDate": "2018-11-07",
    "acceptedDate": "2018-11-07 16:48:11",
    "calendarYear": "2018",
    "period": "Q3",
    "revenue": 2985281000,
    "costOfRevenue": 2570074000,
    "grossProfit": 415207000,
    "grossProfitRatio": 0.1390847294,
    "researchAndDevelopmentExpenses": 0,
    "generalAndAdministrativeExpenses": 0,
    "sellingAndMarketingExpenses": 0,
    "sellingGeneralAndAdministrativeExpenses": 221440000,
    "otherExpenses": 0,
    "operatingExpenses": 221440000,
    "costAndExpenses": 2791514000,
    "interestIncome": 322000,
    "interestExpense": 9219000,
    "depreciationAndAmortization": 62166000,
    "ebitda": 239551000,
    "ebitdaratio": 0.0802440373,
    "operatingIncome": 193767000,
    "operatingIncomeRatio": 0.0649074576,
    "totalOtherIncomeExpensesNet": -25601000,
    "incomeBeforeTax": 168166000,
    "incomeBeforeTaxRatio": 0.0563317155,
    "incomeTaxExpense": 43267000,
    "netIncome": 124551000,
    "netIncomeRatio": 0.0417217006,
    "eps": 0.82,
    "epsdiluted": 0.81,
    "weightedAverageShsOut": 152562000,
    "weightedAverageShsOutDil": 153687000,
    "link": "https://www.sec.gov/Archives/edgar/data/1050915/000105091518000065/0001050915-18-000065-index.htm",
    "finalLink": "https://www.sec.gov/Archives/edgar/data/1050915/000105091518000065/pwr9-30x201810xq.htm"
  },
  {
    "date": "2018-06-30",
    "symbol": "PWR",
    "reportedCurrency": "USD",
    "cik": "0001050915",
    "fillingDate": "2018-08-07",
    "acceptedDate": "2018-08-07 16:26:16",
    "calendarYear": "2018",
    "period": "Q2",
    "revenue": 2656348000,
    "costOfRevenue": 2333484000,
    "grossProfit": 322864000,
    "grossProfitRatio": 0.1215443157,
    "researchAndDevelopmentExpenses": 0,
    "generalAndAdministrativeExpenses": 0,
    "sellingAndMarketingExpenses": 0,
    "sellingGeneralAndAdministrativeExpenses": 205704000,
    "otherExpenses": 0,
    "operatingExpenses": 205704000,
    "costAndExpenses": 2539188000,
    "interestIncome": 660000,
    "interestExpense": 9178000,
    "depreciationAndAmortization": 60541000,
    "ebitda": 173814000,
    "ebitdaratio": 0.0654334447,
    "operatingIncome": 117160000,
    "operatingIncomeRatio": 0.0441056669,
    "totalOtherIncomeExpensesNet": -13065000,
    "incomeBeforeTax": 104095000,
    "incomeBeforeTaxRatio": 0.0391872601,
    "incomeTaxExpense": 29389000,
    "netIncome": 74365000,
    "netIncomeRatio": 0.0279952024,
    "eps": 0.49,
    "epsdiluted": 0.48,
    "weightedAverageShsOut": 153325000,
    "weightedAverageShsOutDil": 154595000,
    "link": "https://www.sec.gov/Archives/edgar/data/1050915/000105091518000061/0001050915-18-000061-index.htm",
    "finalLink": "https://www.sec.gov/Archives/edgar/data/1050915/000105091518000061/pwr6-30x201810xq.htm"
  },
  {
    "date": "2018-03-31",
    "symbol": "PWR",
    "reportedCurrency": "USD",
    "cik": "0001050915",
    "fillingDate": "2018-05-09",
    "acceptedDate": "2018-05-09 14:52:17",
    "calendarYear": "2018",
    "period": "Q1",
    "revenue": 2417576000,
    "costOfRevenue": 2126933000,
    "grossProfit": 290643000,
    "grossProfitRatio": 0.1202208328,
    "researchAndDevelopmentExpenses": 0,
    "generalAndAdministrativeExpenses": 0,
    "sellingAndMarketingExpenses": 0,
    "sellingGeneralAndAdministrativeExpenses": 209822000,
    "otherExpenses": 0,
    "operatingExpenses": 209822000,
    "costAndExpenses": 2336755000,
    "interestIncome": 146000,
    "interestExpense": 6778000,
    "depreciationAndAmortization": 59124000,
    "ebitda": 122516000,
    "ebitdaratio": 0.0506772073,
    "operatingIncome": 80821000,
    "operatingIncomeRatio": 0.0334305933,
    "totalOtherIncomeExpensesNet": -24207000,
    "incomeBeforeTax": 56614000,
    "incomeBeforeTaxRatio": 0.0234176713,
    "incomeTaxExpense": 18003000,
    "netIncome": 37614000,
    "netIncomeRatio": 0.0155585595,
    "eps": 0.24,
    "epsdiluted": 0.24,
    "weightedAverageShsOut": 156546000,
    "weightedAverageShsOutDil": 157556000,
    "link": "https://www.sec.gov/Archives/edgar/data/1050915/000105091518000027/0001050915-18-000027-index.htm",
    "finalLink": "https://www.sec.gov/Archives/edgar/data/1050915/000105091518000027/pwr3-31x201810xq.htm"
  },
  {
    "date": "2017-12-31",
    "symbol": "PWR",
    "reportedCurrency": "USD",
    "cik": "0001050915",
    "fillingDate": "2018-02-28",
    "acceptedDate": "2018-02-28 16:18:55",
    "calendarYear": "2017",
    "period": "Q4",
    "revenue": 2478627000,
    "costOfRevenue": 2165921000,
    "grossProfit": 312706000,
    "grossProfitRatio": 0.1261609754,
    "researchAndDevelopmentExpenses": 0,
    "generalAndAdministrativeExpenses": 0,
    "sellingAndMarketingExpenses": 0,
    "sellingGeneralAndAdministrativeExpenses": 206264000,
    "otherExpenses": 0,
    "operatingExpenses": 206264000,
    "costAndExpenses": 2372185000,
    "interestIncome": 185000,
    "interestExpense": 6652000,
    "depreciationAndAmortization": 58209000,
    "ebitda": 110786000,
    "ebitdaratio": 0.0446965195,
    "operatingIncome": 106442000,
    "operatingIncomeRatio": 0.0429439363,
    "totalOtherIncomeExpensesNet": -60517000,
    "incomeBeforeTax": 45925000,
    "incomeBeforeTaxRatio": 0.018528403,
    "incomeTaxExpense": -69651000,
    "netIncome": 113561000,
    "netIncomeRatio": 0.0458160909,
    "eps": 0.72,
    "epsdiluted": 0.72,
    "weightedAverageShsOut": 157457000,
    "weightedAverageShsOutDil": 158584000,
    "link": "https://www.sec.gov/Archives/edgar/data/1050915/000105091518000003/0001050915-18-000003-index.htm",
    "finalLink": "https://www.sec.gov/Archives/edgar/data/1050915/000105091518000003/pwr-123117x10k.htm"
  },
  {
    "date": "2017-09-30",
    "symbol": "PWR",
    "reportedCurrency": "USD",
    "cik": "0001050915",
    "fillingDate": "2017-11-09",
    "acceptedDate": "2017-11-09 15:25:41",
    "calendarYear": "2017",
    "period": "Q3",
    "revenue": 2609307000,
    "costOfRevenue": 2267655000,
    "grossProfit": 341652000,
    "grossProfitRatio": 0.1309359152,
    "researchAndDevelopmentExpenses": 0,
    "generalAndAdministrativeExpenses": 0,
    "sellingAndMarketingExpenses": 0,
    "sellingGeneralAndAdministrativeExpenses": 201224000,
    "otherExpenses": 0,
    "operatingExpenses": 201224000,
    "costAndExpenses": 2468879000,
    "interestIncome": 196000,
    "interestExpense": 6058000,
    "depreciationAndAmortization": 57405000,
    "ebitda": 195658000,
    "ebitdaratio": 0.0749846607,
    "operatingIncome": 140428000,
    "operatingIncomeRatio": 0.0538181211,
    "totalOtherIncomeExpensesNet": -8233000,
    "incomeBeforeTax": 132195000,
    "incomeBeforeTaxRatio": 0.0506628772,
    "incomeTaxExpense": 42346000,
    "netIncome": 89313000,
    "netIncomeRatio": 0.0342286285,
    "eps": 0.57,
    "epsdiluted": 0.56,
    "weightedAverageShsOut": 157484000,
    "weightedAverageShsOutDil": 158620000,
    "link": "https://www.sec.gov/Archives/edgar/data/1050915/000105091517000057/0001050915-17-000057-index.htm",
    "finalLink": "https://www.sec.gov/Archives/edgar/data/1050915/000105091517000057/pwr9-30x201710xq.htm"
  },
  {
    "date": "2017-06-30",
    "symbol": "PWR",
    "reportedCurrency": "USD",
    "cik": "0001050915",
    "fillingDate": "2017-08-08",
    "acceptedDate": "2017-08-08 17:08:24",
    "calendarYear": "2017",
    "period": "Q2",
    "revenue": 2200374000,
    "costOfRevenue": 1904703000,
    "grossProfit": 295671000,
    "grossProfitRatio": 0.1343730657,
    "researchAndDevelopmentExpenses": 0,
    "generalAndAdministrativeExpenses": 0,
    "sellingAndMarketingExpenses": 0,
    "sellingGeneralAndAdministrativeExpenses": 185880000,
    "otherExpenses": 0,
    "operatingExpenses": 185880000,
    "costAndExpenses": 2090583000,
    "interestIncome": 164000,
    "interestExpense": 4271000,
    "depreciationAndAmortization": 51144000,
    "ebitda": 160020000,
    "ebitdaratio": 0.0727240006,
    "operatingIncome": 109791000,
    "operatingIncomeRatio": 0.0498965176,
    "totalOtherIncomeExpensesNet": -5186000,
    "incomeBeforeTax": 104605000,
    "incomeBeforeTaxRatio": 0.0475396455,
    "incomeTaxExpense": 40245000,
    "netIncome": 63837000,
    "netIncomeRatio": 0.0290118862,
    "eps": 0.41,
    "epsdiluted": 0.41,
    "weightedAverageShsOut": 155090000,
    "weightedAverageShsOutDil": 156165000,
    "link": "https://www.sec.gov/Archives/edgar/data/1050915/000105091517000031/0001050915-17-000031-index.htm",
    "finalLink": "https://www.sec.gov/Archives/edgar/data/1050915/000105091517000031/pwr6-30x201710xq.htm"
  },
  {
    "date": "2017-03-31",
    "symbol": "PWR",
    "reportedCurrency": "USD",
    "cik": "0001050915",
    "fillingDate": "2017-05-09",
    "acceptedDate": "2017-05-09 17:23:10",
    "calendarYear": "2017",
    "period": "Q1",
    "revenue": 2178170000,
    "costOfRevenue": 1918544000,
    "grossProfit": 259625999,
    "grossProfitRatio": 0.1191945528,
    "researchAndDevelopmentExpenses": 0,
    "generalAndAdministrativeExpenses": 0,
    "sellingAndMarketingExpenses": 0,
    "sellingGeneralAndAdministrativeExpenses": 184552000,
    "otherExpenses": 0,
    "operatingExpenses": 184552000,
    "costAndExpenses": 2103096000,
    "interestIncome": 287000,
    "interestExpense": 3965000,
    "depreciationAndAmortization": 49255000,
    "ebitda": 124252000,
    "ebitdaratio": 0.057044216,
    "operatingIncome": 75074000,
    "operatingIncomeRatio": 0.0344665476,
    "totalOtherIncomeExpensesNet": -4042000,
    "incomeBeforeTax": 71032000,
    "incomeBeforeTaxRatio": 0.0326108614,
    "incomeTaxExpense": 22592000,
    "netIncome": 48267000,
    "netIncomeRatio": 0.0221594274,
    "eps": 0.31,
    "epsdiluted": 0.31,
    "weightedAverageShsOut": 155168000,
    "weightedAverageShsOutDil": 155168000,
    "link": "https://www.sec.gov/Archives/edgar/data/1050915/000119312517164407/0001193125-17-164407-index.htm",
    "finalLink": "https://www.sec.gov/Archives/edgar/data/1050915/000119312517164407/d353659d10q.htm"
  },
  {
    "date": "2016-12-31",
    "symbol": "PWR",
    "reportedCurrency": "USD",
    "cik": "0001050915",
    "fillingDate": "2017-03-01",
    "acceptedDate": "2017-03-01 13:07:31",
    "calendarYear": "2016",
    "period": "Q4",
    "revenue": 2102966000,
    "costOfRevenue": 1803233000,
    "grossProfit": 299733000,
    "grossProfitRatio": 0.1425286952,
    "researchAndDevelopmentExpenses": 0,
    "generalAndAdministrativeExpenses": 0,
    "sellingAndMarketingExpenses": 0,
    "sellingGeneralAndAdministrativeExpenses": 173882000,
    "otherExpenses": 0,
    "operatingExpenses": 173882000,
    "costAndExpenses": 1977115000,
    "interestIncome": 392000,
    "interestExpense": 3989000,
    "depreciationAndAmortization": 51588000,
    "ebitda": 169474000,
    "ebitdaratio": 0.0805880837,
    "operatingIncome": 125851000,
    "operatingIncomeRatio": 0.0598445244,
    "totalOtherIncomeExpensesNet": -11954000,
    "incomeBeforeTax": 113897000,
    "incomeBeforeTaxRatio": 0.0541601719,
    "incomeTaxExpense": 24592000,
    "netIncome": 87583000,
    "netIncomeRatio": 0.0416473685,
    "eps": 0.57,
    "epsdiluted": 0.57,
    "weightedAverageShsOut": 154956000,
    "weightedAverageShsOutDil": 154956000,
    "link": "https://www.sec.gov/Archives/edgar/data/1050915/000119312517064821/0001193125-17-064821-index.htm",
    "finalLink": "https://www.sec.gov/Archives/edgar/data/1050915/000119312517064821/d295903d10k.htm"
  },
  {
    "date": "2016-09-30",
    "symbol": "PWR",
    "reportedCurrency": "USD",
    "cik": "0001050915",
    "fillingDate": "2016-11-08",
    "acceptedDate": "2016-11-08 16:09:08",
    "calendarYear": "2016",
    "period": "Q3",
    "revenue": 2042186000,
    "costOfRevenue": 1747698000,
    "grossProfit": 294488000,
    "grossProfitRatio": 0.14420234,
    "researchAndDevelopmentExpenses": 0,
    "generalAndAdministrativeExpenses": 0,
    "sellingAndMarketingExpenses": 0,
    "sellingGeneralAndAdministrativeExpenses": 164325000,
    "otherExpenses": 0,
    "operatingExpenses": 164325000,
    "costAndExpenses": 1912023000,
    "interestIncome": 874000,
    "interestExpense": 3726000,
    "depreciationAndAmortization": 50772000,
    "ebitda": 182561000,
    "ebitdaratio": 0.0893948935,
    "operatingIncome": 130163000,
    "operatingIncomeRatio": 0.0637370935,
    "totalOtherIncomeExpensesNet": -2100000,
    "incomeBeforeTax": 128063000,
    "incomeBeforeTaxRatio": 0.0627087836,
    "incomeTaxExpense": 54516000,
    "netIncome": 73742000,
    "netIncomeRatio": 0.0361093456,
    "eps": 0.48,
    "epsdiluted": 0.48,
    "weightedAverageShsOut": 155024000,
    "weightedAverageShsOutDil": 155024000,
    "link": "https://www.sec.gov/Archives/edgar/data/1050915/000119312516762970/0001193125-16-762970-index.htm",
    "finalLink": "https://www.sec.gov/Archives/edgar/data/1050915/000119312516762970/d252110d10q.htm"
  },
  {
    "date": "2016-06-30",
    "symbol": "PWR",
    "reportedCurrency": "USD",
    "cik": "0001050915",
    "fillingDate": "2016-08-08",
    "acceptedDate": "2016-08-08 16:55:09",
    "calendarYear": "2016",
    "period": "Q2",
    "revenue": 1792430000,
    "costOfRevenue": 1592213000,
    "grossProfit": 200217000,
    "grossProfitRatio": 0.1117014332,
    "researchAndDevelopmentExpenses": 0,
    "generalAndAdministrativeExpenses": 156607000,
    "sellingAndMarketingExpenses": 0,
    "sellingGeneralAndAdministrativeExpenses": 156607000,
    "otherExpenses": -725000,
    "operatingExpenses": 164748000,
    "costAndExpenses": 1756961000,
    "interestIncome": 641000,
    "interestExpense": 3583000,
    "depreciationAndAmortization": 8141000,
    "ebitda": 86369000,
    "ebitdaratio": 0.0481854243,
    "operatingIncome": 35469000,
    "operatingIncomeRatio": 0.0197882205,
    "totalOtherIncomeExpensesNet": -4045000,
    "incomeBeforeTax": 31424000,
    "incomeBeforeTaxRatio": 0.0175315075,
    "incomeTaxExpense": 14695000,
    "netIncome": 16562000,
    "netIncomeRatio": 0.0092399703,
    "eps": 0.11,
    "epsdiluted": 0.11,
    "weightedAverageShsOut": 156128000,
    "weightedAverageShsOutDil": 156130000,
    "link": "https://www.sec.gov/Archives/edgar/data/1050915/000119312516675265/0001193125-16-675265-index.htm",
    "finalLink": "https://www.sec.gov/Archives/edgar/data/1050915/000119312516675265/d196610d10q.htm"
  },
  {
    "date": "2016-03-31",
    "symbol": "PWR",
    "reportedCurrency": "USD",
    "cik": "0001050915",
    "fillingDate": "2016-05-10",
    "acceptedDate": "2016-05-10 15:19:23",
    "calendarYear": "2016",
    "period": "Q1",
    "revenue": 1713737000,
    "costOfRevenue": 1510424000,
    "grossProfit": 203313000,
    "grossProfitRatio": 0.1186372238,
    "researchAndDevelopmentExpenses": 0,
    "generalAndAdministrativeExpenses": 158524000,
    "sellingAndMarketingExpenses": 0,
    "sellingGeneralAndAdministrativeExpenses": 158524000,
    "otherExpenses": 262000,
    "operatingExpenses": 166019000,
    "costAndExpenses": 1676443000,
    "interestIncome": 516000,
    "interestExpense": 3589000,
    "depreciationAndAmortization": 7495000,
    "ebitda": 92259000,
    "ebitdaratio": 0.0538349817,
    "operatingIncome": 37294000,
    "operatingIncomeRatio": 0.0217617989,
    "totalOtherIncomeExpensesNet": -2992000,
    "incomeBeforeTax": 34302000,
    "incomeBeforeTaxRatio": 0.0200159068,
    "incomeTaxExpense": 13443000,
    "netIncome": 20496000,
    "netIncomeRatio": 0.0119598281,
    "eps": 0.13,
    "epsdiluted": 0.13,
    "weightedAverageShsOut": 162803000,
    "weightedAverageShsOutDil": 162806000,
    "link": "https://www.sec.gov/Archives/edgar/data/1050915/000119312516585468/0001193125-16-585468-index.htm",
    "finalLink": "https://www.sec.gov/Archives/edgar/data/1050915/000119312516585468/d135432d10q.htm"
  },
  {
    "date": "2015-12-31",
    "symbol": "PWR",
    "reportedCurrency": "USD",
    "cik": "0001050915",
    "fillingDate": "2016-02-29",
    "acceptedDate": "2016-02-29 16:51:57",
    "calendarYear": "2015",
    "period": "Q4",
    "revenue": 1899272000,
    "costOfRevenue": 1676233000,
    "grossProfit": 223039000,
    "grossProfitRatio": 0.1174339431,
    "researchAndDevelopmentExpenses": 0,
    "generalAndAdministrativeExpenses": 151790000,
    "sellingAndMarketingExpenses": 0,
    "sellingGeneralAndAdministrativeExpenses": 151790000,
    "otherExpenses": -415000,
    "operatingExpenses": 160964000,
    "costAndExpenses": 1837197000,
    "interestIncome": 375000,
    "interestExpense": 2928000,
    "depreciationAndAmortization": 9174000,
    "ebitda": 116312000,
    "ebitdaratio": 0.0612403068,
    "operatingIncome": 3624000,
    "operatingIncomeRatio": 0.0019080995,
    "totalOtherIncomeExpensesNet": -3120000,
    "incomeBeforeTax": 504000,
    "incomeBeforeTaxRatio": 0.0002653648,
    "incomeTaxExpense": 2898000,
    "netIncome": -5074000,
    "netIncomeRatio": -0.0026715499,
    "eps": -0.031,
    "epsdiluted": -0.031,
    "weightedAverageShsOut": 163546000,
    "weightedAverageShsOutDil": 163546000,
    "link": "https://www.sec.gov/Archives/edgar/data/1050915/000119312516485494/0001193125-16-485494-index.htm",
    "finalLink": "https://www.sec.gov/Archives/edgar/data/1050915/000119312516485494/d69866d10k.htm"
  },
  {
    "date": "2015-09-30",
    "symbol": "PWR",
    "reportedCurrency": "USD",
    "cik": "0001050915",
    "fillingDate": "2015-11-06",
    "acceptedDate": "2015-11-06 17:17:21",
    "calendarYear": "2015",
    "period": "Q3",
    "revenue": 1939438000,
    "costOfRevenue": 1704223000,
    "grossProfit": 235215000,
    "grossProfitRatio": 0.121279979,
    "researchAndDevelopmentExpenses": 0,
    "generalAndAdministrativeExpenses": 145687000,
    "sellingAndMarketingExpenses": 0,
    "sellingGeneralAndAdministrativeExpenses": 145687000,
    "otherExpenses": -1070000,
    "operatingExpenses": 154337000,
    "costAndExpenses": 1858560000,
    "interestIncome": 346000,
    "interestExpense": 2021000,
    "depreciationAndAmortization": 8650000,
    "ebitda": 130482000,
    "ebitdaratio": 0.0672782528,
    "operatingIncome": 80878000,
    "operatingIncomeRatio": 0.0417017713,
    "totalOtherIncomeExpensesNet": -2745000,
    "incomeBeforeTax": 78133000,
    "incomeBeforeTaxRatio": 0.0402864129,
    "incomeTaxExpense": 32389000,
    "netIncome": 216388000,
    "netIncomeRatio": 0.1115725277,
    "eps": 1.15,
    "epsdiluted": 1.15,
    "weightedAverageShsOut": 188951000,
    "weightedAverageShsOutDil": 188961000,
    "link": "https://www.sec.gov/Archives/edgar/data/1050915/000119312515370391/0001193125-15-370391-index.htm",
    "finalLink": "https://www.sec.gov/Archives/edgar/data/1050915/000119312515370391/d69549d10q.htm"
  },
  {
    "date": "2015-06-30",
    "symbol": "PWR",
    "reportedCurrency": "USD",
    "cik": "0001050915",
    "fillingDate": "2015-08-10",
    "acceptedDate": "2015-08-10 15:00:06",
    "calendarYear": "2015",
    "period": "Q2",
    "revenue": 1872340000,
    "costOfRevenue": 1644835000,
    "grossProfit": 227505000,
    "grossProfitRatio": 0.1215083799,
    "researchAndDevelopmentExpenses": 0,
    "generalAndAdministrativeExpenses": 149923000,
    "sellingAndMarketingExpenses": 0,
    "sellingGeneralAndAdministrativeExpenses": 149923000,
    "otherExpenses": -134000,
    "operatingExpenses": 158654000,
    "costAndExpenses": 1803489000,
    "interestIncome": 319000,
    "interestExpense": 1675000,
    "depreciationAndAmortization": 8731000,
    "ebitda": 118612000,
    "ebitdaratio": 0.0633496053,
    "operatingIncome": 68851000,
    "operatingIncomeRatio": 0.0367727015,
    "totalOtherIncomeExpensesNet": -1804000,
    "incomeBeforeTax": 67047000,
    "incomeBeforeTaxRatio": 0.0358092013,
    "incomeTaxExpense": 31584000,
    "netIncome": 46109000,
    "netIncomeRatio": 0.0246264033,
    "eps": 0.22,
    "epsdiluted": 0.22,
    "weightedAverageShsOut": 213047000,
    "weightedAverageShsOutDil": 213059000,
    "link": "https://www.sec.gov/Archives/edgar/data/1050915/000119312515284664/0001193125-15-284664-index.htm",
    "finalLink": "https://www.sec.gov/Archives/edgar/data/1050915/000119312515284664/d928298d10q.htm"
  },
  {
    "date": "2015-03-31",
    "symbol": "PWR",
    "reportedCurrency": "USD",
    "cik": "0001050915",
    "fillingDate": "2015-05-08",
    "acceptedDate": "2015-05-08 16:15:02",
    "calendarYear": "2015",
    "period": "Q1",
    "revenue": 1886956000,
    "costOfRevenue": 1634295000,
    "grossProfit": 252661000,
    "grossProfitRatio": 0.1338987237,
    "researchAndDevelopmentExpenses": 0,
    "generalAndAdministrativeExpenses": 150238000,
    "sellingAndMarketingExpenses": 0,
    "sellingGeneralAndAdministrativeExpenses": 150238000,
    "otherExpenses": -212000,
    "operatingExpenses": 158944000,
    "costAndExpenses": 1793239000,
    "interestIncome": 455000,
    "interestExpense": 1400000,
    "depreciationAndAmortization": 8706000,
    "ebitda": 131841000,
    "ebitdaratio": 0.0698696737,
    "operatingIncome": 93717000,
    "operatingIncomeRatio": 0.049665705,
    "totalOtherIncomeExpensesNet": -1159000,
    "incomeBeforeTax": 92560000,
    "incomeBeforeTaxRatio": 0.0490525481,
    "incomeTaxExpense": 34375000,
    "netIncome": 53484000,
    "netIncomeRatio": 0.0283440631,
    "eps": 0.25,
    "epsdiluted": 0.25,
    "weightedAverageShsOut": 215473000,
    "weightedAverageShsOutDil": 215490000,
    "link": "https://www.sec.gov/Archives/edgar/data/1050915/000119312515179586/0001193125-15-179586-index.htm",
    "finalLink": "https://www.sec.gov/Archives/edgar/data/1050915/000119312515179586/d900758d10q.htm"
  },
  {
    "date": "2014-12-31",
    "symbol": "PWR",
    "reportedCurrency": "USD",
    "cik": "0001050915",
    "fillingDate": "2015-03-02",
    "acceptedDate": "2015-03-02 14:59:41",
    "calendarYear": "2014",
    "period": "Q4",
    "revenue": 2052982000,
    "costOfRevenue": 1725952000,
    "grossProfit": 327030000,
    "grossProfitRatio": 0.1592951132,
    "researchAndDevelopmentExpenses": 0,
    "generalAndAdministrativeExpenses": 208746000,
    "sellingAndMarketingExpenses": -49918000,
    "sellingGeneralAndAdministrativeExpenses": 158828000,
    "otherExpenses": -466000,
    "operatingExpenses": 218255000,
    "costAndExpenses": 1944207000,
    "interestIncome": 695000,
    "interestExpense": 1334000,
    "depreciationAndAmortization": 9509000,
    "ebitda": 118513000,
    "ebitdaratio": 0.0577272475,
    "operatingIncome": 108775000,
    "operatingIncomeRatio": 0.0529839034,
    "totalOtherIncomeExpensesNet": -1105000,
    "incomeBeforeTax": 107670000,
    "incomeBeforeTaxRatio": 0.052445662,
    "incomeTaxExpense": 36068000,
    "netIncome": 66576000,
    "netIncomeRatio": 0.0324289253,
    "eps": 0.3,
    "epsdiluted": 0.3,
    "weightedAverageShsOut": 220451000,
    "weightedAverageShsOutDil": 220472000,
    "link": "https://www.sec.gov/Archives/edgar/data/1050915/000119312515073003/0001193125-15-073003-index.htm",
    "finalLink": "https://www.sec.gov/Archives/edgar/data/1050915/000119312515073003/d834546d10k.htm"
  },
  {
    "date": "2014-09-30",
    "symbol": "PWR",
    "reportedCurrency": "USD",
    "cik": "0001050915",
    "fillingDate": "2014-11-06",
    "acceptedDate": "2014-11-05 19:50:34",
    "calendarYear": "2014",
    "period": "Q3",
    "revenue": 2171144000,
    "costOfRevenue": 1818173000,
    "grossProfit": 352971000,
    "grossProfitRatio": 0.1625737399,
    "researchAndDevelopmentExpenses": 0,
    "generalAndAdministrativeExpenses": 200521000,
    "sellingAndMarketingExpenses": -52542000,
    "sellingGeneralAndAdministrativeExpenses": 147979000,
    "otherExpenses": -378000,
    "operatingExpenses": 210059000,
    "costAndExpenses": 2028232000,
    "interestIncome": 902000,
    "interestExpense": 1321000,
    "depreciationAndAmortization": 9538000,
    "ebitda": 176894000,
    "ebitdaratio": 0.0814750196,
    "operatingIncome": 142912000,
    "operatingIncomeRatio": 0.0658233632,
    "totalOtherIncomeExpensesNet": -799000,
    "incomeBeforeTax": 142115000,
    "incomeBeforeTaxRatio": 0.0654562756,
    "incomeTaxExpense": 42100000,
    "netIncome": 94648000,
    "netIncomeRatio": 0.0435936078,
    "eps": 0.43,
    "epsdiluted": 0.43,
    "weightedAverageShsOut": 219492000,
    "weightedAverageShsOutDil": 219517000,
    "link": "https://www.sec.gov/Archives/edgar/data/1050915/000119312514399068/0001193125-14-399068-index.htm",
    "finalLink": "https://www.sec.gov/Archives/edgar/data/1050915/000119312514399068/d781429d10q.htm"
  },
  {
    "date": "2014-06-30",
    "symbol": "PWR",
    "reportedCurrency": "USD",
    "cik": "0001050915",
    "fillingDate": "2014-08-08",
    "acceptedDate": "2014-08-08 16:42:59",
    "calendarYear": "2014",
    "period": "Q2",
    "revenue": 1864550000,
    "costOfRevenue": 1583102000,
    "grossProfit": 281448000,
    "grossProfitRatio": 0.1509468773,
    "researchAndDevelopmentExpenses": 0,
    "generalAndAdministrativeExpenses": 139440000,
    "sellingAndMarketingExpenses": 0,
    "sellingGeneralAndAdministrativeExpenses": 139440000,
    "otherExpenses": -1233000,
    "operatingExpenses": 148055000,
    "costAndExpenses": 1731157000,
    "interestIncome": 599000,
    "interestExpense": 1128000,
    "depreciationAndAmortization": 8615000,
    "ebitda": 162906000,
    "ebitdaratio": 0.0873701429,
    "operatingIncome": 133393000,
    "operatingIncomeRatio": 0.0715416588,
    "totalOtherIncomeExpensesNet": -1762000,
    "incomeBeforeTax": 131631000,
    "incomeBeforeTaxRatio": 0.0705966587,
    "incomeTaxExpense": 46187000,
    "netIncome": 81082000,
    "netIncomeRatio": 0.0434860958,
    "eps": 0.37,
    "epsdiluted": 0.37,
    "weightedAverageShsOut": 219612000,
    "weightedAverageShsOutDil": 219642000,
    "link": "https://www.sec.gov/Archives/edgar/data/1050915/000119312514303240/0001193125-14-303240-index.htm",
    "finalLink": "https://www.sec.gov/Archives/edgar/data/1050915/000119312514303240/d728244d10q.htm"
  },
  {
    "date": "2014-03-31",
    "symbol": "PWR",
    "reportedCurrency": "USD",
    "cik": "0001050915",
    "fillingDate": "2014-05-08",
    "acceptedDate": "2014-05-08 16:47:30",
    "calendarYear": "2014",
    "period": "Q1",
    "revenue": 1762574000,
    "costOfRevenue": 1490503000,
    "grossProfit": 272071000,
    "grossProfitRatio": 0.1543600439,
    "researchAndDevelopmentExpenses": 0,
    "generalAndAdministrativeExpenses": 173331000,
    "sellingAndMarketingExpenses": -38848000,
    "sellingGeneralAndAdministrativeExpenses": 134483000,
    "otherExpenses": 643000,
    "operatingExpenses": 181576000,
    "costAndExpenses": 1672079000,
    "interestIncome": 1545000,
    "interestExpense": 982000,
    "depreciationAndAmortization": 8245000,
    "ebitda": 100928000,
    "ebitdaratio": 0.0572617093,
    "operatingIncome": 90495000,
    "operatingIncomeRatio": 0.0513425252,
    "totalOtherIncomeExpensesNet": 1206000,
    "incomeBeforeTax": 91701000,
    "incomeBeforeTaxRatio": 0.0520267518,
    "incomeTaxExpense": 33053000,
    "netIncome": 54408000,
    "netIncomeRatio": 0.0308684912,
    "eps": 0.25,
    "epsdiluted": 0.25,
    "weightedAverageShsOut": 219033000,
    "weightedAverageShsOutDil": 219075000,
    "link": "https://www.sec.gov/Archives/edgar/data/1050915/000119312514190173/0001193125-14-190173-index.htm",
    "finalLink": "https://www.sec.gov/Archives/edgar/data/1050915/000119312514190173/d692596d10q.htm"
  },
  {
    "date": "2013-12-31",
    "symbol": "PWR",
    "reportedCurrency": "USD",
    "cik": "0001050915",
    "fillingDate": "2014-03-03",
    "acceptedDate": "2014-03-03 14:09:08",
    "calendarYear": "2013",
    "period": "Q4",
    "revenue": 1817623000,
    "costOfRevenue": 1514780000,
    "grossProfit": 302843000,
    "grossProfitRatio": 0.1666148591,
    "researchAndDevelopmentExpenses": 0,
    "generalAndAdministrativeExpenses": 143349000,
    "sellingAndMarketingExpenses": 0,
    "sellingGeneralAndAdministrativeExpenses": 143349000,
    "otherExpenses": 555000,
    "operatingExpenses": 153458000,
    "costAndExpenses": 1668238000,
    "interestIncome": 1150000,
    "interestExpense": 1188000,
    "depreciationAndAmortization": 10109000,
    "ebitda": 190511000,
    "ebitdaratio": 0.1048132644,
    "operatingIncome": 149385000,
    "operatingIncomeRatio": 0.0821870102,
    "totalOtherIncomeExpensesNet": 113261000,
    "incomeBeforeTax": 262646000,
    "incomeBeforeTaxRatio": 0.144499712,
    "incomeTaxExpense": 91329000,
    "netIncome": 166697000,
    "netIncomeRatio": 0.0917115375,
    "eps": 0.77,
    "epsdiluted": 0.77,
    "weightedAverageShsOut": 217287000,
    "weightedAverageShsOutDil": 217338000,
    "link": "https://www.sec.gov/Archives/edgar/data/1050915/000119312514079763/0001193125-14-079763-index.htm",
    "finalLink": "https://www.sec.gov/Archives/edgar/data/1050915/000119312514079763/d637038d10k.htm"
  },
  {
    "date": "2013-09-30",
    "symbol": "PWR",
    "reportedCurrency": "USD",
    "cik": "0001050915",
    "fillingDate": "2013-11-08",
    "acceptedDate": "2013-11-08 16:15:55",
    "calendarYear": "2013",
    "period": "Q3",
    "revenue": 1645132000,
    "costOfRevenue": 1372079000,
    "grossProfit": 273053000,
    "grossProfitRatio": 0.1659763472,
    "researchAndDevelopmentExpenses": 0,
    "generalAndAdministrativeExpenses": 124949000,
    "sellingAndMarketingExpenses": 0,
    "sellingGeneralAndAdministrativeExpenses": 124949000,
    "otherExpenses": -824000,
    "operatingExpenses": 131975000,
    "costAndExpenses": 1504054000,
    "interestIncome": 1139000,
    "interestExpense": 475000,
    "depreciationAndAmortization": 7026000,
    "ebitda": 181977000,
    "ebitdaratio": 0.11061544,
    "operatingIncome": 141078000,
    "operatingIncomeRatio": 0.0857548209,
    "totalOtherIncomeExpensesNet": -160000,
    "incomeBeforeTax": 140918000,
    "incomeBeforeTaxRatio": 0.0856575643,
    "incomeTaxExpense": 42509000,
    "netIncome": 92906000,
    "netIncomeRatio": 0.05647328,
    "eps": 0.43,
    "epsdiluted": 0.43,
    "weightedAverageShsOut": 214866000,
    "weightedAverageShsOutDil": 214916000,
    "link": "https://www.sec.gov/Archives/edgar/data/1050915/000119312513435250/0001193125-13-435250-index.htm",
    "finalLink": "https://www.sec.gov/Archives/edgar/data/1050915/000119312513435250/d588907d10q.htm"
  },
  {
    "date": "2013-06-30",
    "symbol": "PWR",
    "reportedCurrency": "USD",
    "cik": "0001050915",
    "fillingDate": "2013-08-09",
    "acceptedDate": "2013-08-09 12:14:57",
    "calendarYear": "2013",
    "period": "Q2",
    "revenue": 1474377000,
    "costOfRevenue": 1233093000,
    "grossProfit": 241284000,
    "grossProfitRatio": 0.1636514948,
    "researchAndDevelopmentExpenses": 0,
    "generalAndAdministrativeExpenses": 119031000,
    "sellingAndMarketingExpenses": 0,
    "sellingGeneralAndAdministrativeExpenses": 119031000,
    "otherExpenses": -353000,
    "operatingExpenses": 124110000,
    "costAndExpenses": 1357203000,
    "interestIncome": 569000,
    "interestExpense": 503000,
    "depreciationAndAmortization": 5079000,
    "ebitda": 155509000,
    "ebitdaratio": 0.10547438,
    "operatingIncome": 117174000,
    "operatingIncomeRatio": 0.0794735675,
    "totalOtherIncomeExpensesNet": -287000,
    "incomeBeforeTax": 116887000,
    "incomeBeforeTaxRatio": 0.079278909,
    "incomeTaxExpense": 42161000,
    "netIncome": 70237000,
    "netIncomeRatio": 0.0476384263,
    "eps": 0.33,
    "epsdiluted": 0.33,
    "weightedAverageShsOut": 214314000,
    "weightedAverageShsOutDil": 214368000,
    "link": "https://www.sec.gov/Archives/edgar/data/1050915/000119312513328613/0001193125-13-328613-index.htm",
    "finalLink": "https://www.sec.gov/Archives/edgar/data/1050915/000119312513328613/d542165d10q.htm"
  },
  {
    "date": "2013-03-31",
    "symbol": "PWR",
    "reportedCurrency": "USD",
    "cik": "0001050915",
    "fillingDate": "2013-05-08",
    "acceptedDate": "2013-05-08 12:37:46",
    "calendarYear": "2013",
    "period": "Q1",
    "revenue": 1585710000,
    "costOfRevenue": 1347437000,
    "grossProfit": 238273000,
    "grossProfitRatio": 0.1502626584,
    "researchAndDevelopmentExpenses": 0,
    "generalAndAdministrativeExpenses": 113681000,
    "sellingAndMarketingExpenses": 0,
    "sellingGeneralAndAdministrativeExpenses": 113681000,
    "otherExpenses": -513000,
    "operatingExpenses": 118982000,
    "costAndExpenses": 1466419000,
    "interestIncome": 522000,
    "interestExpense": 502000,
    "depreciationAndAmortization": 5301000,
    "ebitda": 156481000,
    "ebitdaratio": 0.0986819784,
    "operatingIncome": 119291000,
    "operatingIncomeRatio": 0.0752287619,
    "totalOtherIncomeExpensesNet": -493000,
    "incomeBeforeTax": 118798000,
    "incomeBeforeTaxRatio": 0.0749178601,
    "incomeTaxExpense": 41941000,
    "netIncome": 72081000,
    "netIncomeRatio": 0.0454566093,
    "eps": 0.34,
    "epsdiluted": 0.34,
    "weightedAverageShsOut": 213453000,
    "weightedAverageShsOutDil": 213512000,
    "link": "https://www.sec.gov/Archives/edgar/data/1050915/000119312513206743/0001193125-13-206743-index.htm",
    "finalLink": "https://www.sec.gov/Archives/edgar/data/1050915/000119312513206743/d512186d10q.htm"
  },
  {
    "date": "2012-12-31",
    "symbol": "PWR",
    "reportedCurrency": "USD",
    "cik": "0001050915",
    "fillingDate": "2013-03-01",
    "acceptedDate": "2013-03-01 14:13:12",
    "calendarYear": "2012",
    "period": "Q4",
    "revenue": 1673342000,
    "costOfRevenue": 1386603000,
    "grossProfit": 286739000,
    "grossProfitRatio": 0.1713570806,
    "researchAndDevelopmentExpenses": 0,
    "generalAndAdministrativeExpenses": 89261000,
    "sellingAndMarketingExpenses": 27715000,
    "sellingGeneralAndAdministrativeExpenses": 116976000,
    "otherExpenses": 24000,
    "operatingExpenses": 125886000,
    "costAndExpenses": 1512489000,
    "interestIncome": 293000,
    "interestExpense": 1250000,
    "depreciationAndAmortization": 8910000,
    "ebitda": 164339000,
    "ebitdaratio": 0.0982100491,
    "operatingIncome": 160853000,
    "operatingIncomeRatio": 0.096126793,
    "totalOtherIncomeExpensesNet": -204000,
    "incomeBeforeTax": 160696000,
    "incomeBeforeTaxRatio": 0.0960329688,
    "incomeTaxExpense": 55323000,
    "netIncome": 98986000,
    "netIncomeRatio": 0.0591546737,
    "eps": 0.46,
    "epsdiluted": 0.46,
    "weightedAverageShsOut": 213285000,
    "weightedAverageShsOutDil": 213350000,
    "link": "https://www.sec.gov/Archives/edgar/data/1050915/000119312513087221/0001193125-13-087221-index.htm",
    "finalLink": "https://www.sec.gov/Archives/edgar/data/1050915/000119312513087221/d457733d10k.htm"
  },
  {
    "date": "2012-09-30",
    "symbol": "PWR",
    "reportedCurrency": "USD",
    "cik": "0001050915",
    "fillingDate": "2012-11-07",
    "acceptedDate": "2012-11-07 16:33:04",
    "calendarYear": "2012",
    "period": "Q3",
    "revenue": 1685201000,
    "costOfRevenue": 1404767000,
    "grossProfit": 280434000,
    "grossProfitRatio": 0.1664098229,
    "researchAndDevelopmentExpenses": 0,
    "generalAndAdministrativeExpenses": 124276000,
    "sellingAndMarketingExpenses": 0,
    "sellingGeneralAndAdministrativeExpenses": 124276000,
    "otherExpenses": 10504000,
    "operatingExpenses": 134780000,
    "costAndExpenses": 1539547000,
    "interestIncome": 384000,
    "interestExpense": 967000,
    "depreciationAndAmortization": 10504000,
    "ebitda": 169648000,
    "ebitdaratio": 0.100669297,
    "operatingIncome": 145654000,
    "operatingIncomeRatio": 0.0864312328,
    "totalOtherIncomeExpensesNet": 555000,
    "incomeBeforeTax": 146209000,
    "incomeBeforeTaxRatio": 0.0867605704,
    "incomeTaxExpense": 45353000,
    "netIncome": 96398000,
    "netIncomeRatio": 0.057202672,
    "eps": 0.45,
    "epsdiluted": 0.45,
    "weightedAverageShsOut": 213150000,
    "weightedAverageShsOutDil": 213242000,
    "link": "https://www.sec.gov/Archives/edgar/data/1050915/000119312512457556/0001193125-12-457556-index.htm",
    "finalLink": "https://www.sec.gov/Archives/edgar/data/1050915/000119312512457556/d395060d10q.htm"
  },
  {
    "date": "2012-06-30",
    "symbol": "PWR",
    "reportedCurrency": "USD",
    "cik": "0001050915",
    "fillingDate": "2012-08-08",
    "acceptedDate": "2012-08-08 16:21:05",
    "calendarYear": "2012",
    "period": "Q2",
    "revenue": 1516696000,
    "costOfRevenue": 1281289000,
    "grossProfit": 235407000,
    "grossProfitRatio": 0.1552104047,
    "researchAndDevelopmentExpenses": 0,
    "generalAndAdministrativeExpenses": 114711000,
    "sellingAndMarketingExpenses": 0,
    "sellingGeneralAndAdministrativeExpenses": 114711000,
    "otherExpenses": 9549000,
    "operatingExpenses": 124260000,
    "costAndExpenses": 1405549000,
    "interestIncome": 387000,
    "interestExpense": 959000,
    "depreciationAndAmortization": 9549000,
    "ebitda": 137108000,
    "ebitdaratio": 0.0903991307,
    "operatingIncome": 111147000,
    "operatingIncomeRatio": 0.0732823189,
    "totalOtherIncomeExpensesNet": -882000,
    "incomeBeforeTax": 110265000,
    "incomeBeforeTaxRatio": 0.0727007917,
    "incomeTaxExpense": 40468000,
    "netIncome": 65538000,
    "netIncomeRatio": 0.0432110324,
    "eps": 0.31,
    "epsdiluted": 0.31,
    "weightedAverageShsOut": 212987000,
    "weightedAverageShsOutDil": 213087000,
    "link": "https://www.sec.gov/Archives/edgar/data/1050915/000119312512344072/0001193125-12-344072-index.htm",
    "finalLink": "https://www.sec.gov/Archives/edgar/data/1050915/000119312512344072/d355839d10q.htm"
  },
  {
    "date": "2012-03-31",
    "symbol": "PWR",
    "reportedCurrency": "USD",
    "cik": "0001050915",
    "fillingDate": "2012-05-09",
    "acceptedDate": "2012-05-09 13:01:44",
    "calendarYear": "2012",
    "period": "Q1",
    "revenue": 1425177000,
    "costOfRevenue": 1229662000,
    "grossProfit": 195515000,
    "grossProfitRatio": 0.1371864688,
    "researchAndDevelopmentExpenses": 0,
    "generalAndAdministrativeExpenses": 106646000,
    "sellingAndMarketingExpenses": 0,
    "sellingGeneralAndAdministrativeExpenses": 106646000,
    "otherExpenses": 9394000,
    "operatingExpenses": 116040000,
    "costAndExpenses": 1345702000,
    "interestIncome": 408000,
    "interestExpense": 584000,
    "depreciationAndAmortization": 9394000,
    "ebitda": 89277000,
    "ebitdaratio": 0.0626427454,
    "operatingIncome": 79475000,
    "operatingIncomeRatio": 0.0557650032,
    "totalOtherIncomeExpensesNet": -11000,
    "incomeBeforeTax": 79464000,
    "incomeBeforeTaxRatio": 0.0557572849,
    "incomeTaxExpense": 29470000,
    "netIncome": 45707000,
    "netIncomeRatio": 0.0320711042,
    "eps": 0.22,
    "epsdiluted": 0.22,
    "weightedAverageShsOut": 211481000,
    "weightedAverageShsOutDil": 211592000,
    "link": "https://www.sec.gov/Archives/edgar/data/1050915/000119312512221254/0001193125-12-221254-index.htm",
    "finalLink": "https://www.sec.gov/Archives/edgar/data/1050915/000119312512221254/d319862d10q.htm"
  },
  {
    "date": "2011-12-31",
    "symbol": "PWR",
    "reportedCurrency": "USD",
    "cik": "0001050915",
    "fillingDate": "2012-02-29",
    "acceptedDate": "2012-02-29 15:25:36",
    "calendarYear": "2011",
    "period": "Q4",
    "revenue": 1513137000,
    "costOfRevenue": 1312209000,
    "grossProfit": 200928000,
    "grossProfitRatio": 0.1327890336,
    "researchAndDevelopmentExpenses": 0,
    "generalAndAdministrativeExpenses": 99519000,
    "sellingAndMarketingExpenses": 0,
    "sellingGeneralAndAdministrativeExpenses": 99519000,
    "otherExpenses": 8521000,
    "operatingExpenses": 108040000,
    "costAndExpenses": 1420249000,
    "interestIncome": 305000,
    "interestExpense": 573000,
    "depreciationAndAmortization": 8521000,
    "ebitda": 131119000,
    "ebitdaratio": 0.0866537531,
    "operatingIncome": 92888000,
    "operatingIncomeRatio": 0.0613876999,
    "totalOtherIncomeExpensesNet": -432000,
    "incomeBeforeTax": 92456000,
    "incomeBeforeTaxRatio": 0.0611022003,
    "incomeTaxExpense": 21648000,
    "netIncome": 66314000,
    "netIncomeRatio": 0.0438255095,
    "eps": 0.32,
    "epsdiluted": 0.32,
    "weightedAverageShsOut": 210085000,
    "weightedAverageShsOutDil": 210204000,
    "link": "https://www.sec.gov/Archives/edgar/data/1050915/000119312512088822/0001193125-12-088822-index.htm",
    "finalLink": "https://www.sec.gov/Archives/edgar/data/1050915/000119312512088822/d264834d10k.htm"
  },
  {
    "date": "2011-09-30",
    "symbol": "PWR",
    "reportedCurrency": "USD",
    "cik": "0001050915",
    "fillingDate": "2011-11-08",
    "acceptedDate": "2011-11-08 15:51:40",
    "calendarYear": "2011",
    "period": "Q3",
    "revenue": 1250819000,
    "costOfRevenue": 1056129000,
    "grossProfit": 194690000,
    "grossProfitRatio": 0.1556500181,
    "researchAndDevelopmentExpenses": 0,
    "generalAndAdministrativeExpenses": 92414000,
    "sellingAndMarketingExpenses": 0,
    "sellingGeneralAndAdministrativeExpenses": 92414000,
    "otherExpenses": 8295000,
    "operatingExpenses": 100709000,
    "costAndExpenses": 1156838000,
    "interestIncome": 226000,
    "interestExpense": 738000,
    "depreciationAndAmortization": 8295000,
    "ebitda": 102502000,
    "ebitdaratio": 0.0819479077,
    "operatingIncome": 93981000,
    "operatingIncomeRatio": 0.0751355712,
    "totalOtherIncomeExpensesNet": -1040000,
    "incomeBeforeTax": 92941000,
    "incomeBeforeTaxRatio": 0.0743041159,
    "incomeTaxExpense": 37341000,
    "netIncome": 51994000,
    "netIncomeRatio": 0.0415679647,
    "eps": 0.25,
    "epsdiluted": 0.25,
    "weightedAverageShsOut": 210583000,
    "weightedAverageShsOutDil": 210692000,
    "link": "https://www.sec.gov/Archives/edgar/data/1050915/000095012311096452/0000950123-11-096452-index.htm",
    "finalLink": "https://www.sec.gov/Archives/edgar/data/1050915/000095012311096452/h84188e10vq.htm"
  },
  {
    "date": "2011-06-30",
    "symbol": "PWR",
    "reportedCurrency": "USD",
    "cik": "0001050915",
    "fillingDate": "2011-08-05",
    "acceptedDate": "2011-08-05 17:29:13",
    "calendarYear": "2011",
    "period": "Q2",
    "revenue": 1010914000,
    "costOfRevenue": 856824000,
    "grossProfit": 154090000,
    "grossProfitRatio": 0.1524264181,
    "researchAndDevelopmentExpenses": 0,
    "generalAndAdministrativeExpenses": 89489000,
    "sellingAndMarketingExpenses": 0,
    "sellingGeneralAndAdministrativeExpenses": 89489000,
    "otherExpenses": 6871000,
    "operatingExpenses": 96360000,
    "costAndExpenses": 953184000,
    "interestIncome": 249000,
    "interestExpense": 255000,
    "depreciationAndAmortization": 6871000,
    "ebitda": 64850000,
    "ebitdaratio": 0.0641498683,
    "operatingIncome": 57730000,
    "operatingIncomeRatio": 0.0571067371,
    "totalOtherIncomeExpensesNet": 193000,
    "incomeBeforeTax": 57923000,
    "incomeBeforeTaxRatio": 0.0572976534,
    "incomeTaxExpense": 23610000,
    "netIncome": 31801000,
    "netIncomeRatio": 0.031457671,
    "eps": 0.15,
    "epsdiluted": 0.15,
    "weightedAverageShsOut": 214827000,
    "weightedAverageShsOutDil": 215023000,
    "link": "https://www.sec.gov/Archives/edgar/data/1050915/000095012311073814/0000950123-11-073814-index.htm",
    "finalLink": "https://www.sec.gov/Archives/edgar/data/1050915/000095012311073814/h82687e10vq.htm"
  },
  {
    "date": "2011-03-31",
    "symbol": "PWR",
    "reportedCurrency": "USD",
    "cik": "0001050915",
    "fillingDate": "2011-05-06",
    "acceptedDate": "2011-05-06 15:49:41",
    "calendarYear": "2011",
    "period": "Q1",
    "revenue": 848959000,
    "costOfRevenue": 778068000,
    "grossProfit": 70891000,
    "grossProfitRatio": 0.0835034436,
    "researchAndDevelopmentExpenses": 0,
    "generalAndAdministrativeExpenses": 91541000,
    "sellingAndMarketingExpenses": 0,
    "sellingGeneralAndAdministrativeExpenses": 91541000,
    "otherExpenses": 6266000,
    "operatingExpenses": 97807000,
    "costAndExpenses": 875875000,
    "interestIncome": 286000,
    "interestExpense": 255000,
    "depreciationAndAmortization": 6266000,
    "ebitda": -20364000,
    "ebitdaratio": -0.0239870241,
    "operatingIncome": -26916000,
    "operatingIncomeRatio": -0.0317047113,
    "totalOtherIncomeExpensesNet": -34000,
    "incomeBeforeTax": -26950000,
    "incomeBeforeTaxRatio": -0.0317447603,
    "incomeTaxExpense": -10645000,
    "netIncome": -17594000,
    "netIncomeRatio": -0.0207242046,
    "eps": -0.0822,
    "epsdiluted": -0.0822,
    "weightedAverageShsOut": 214167000,
    "weightedAverageShsOutDil": 214167000,
    "link": "https://www.sec.gov/Archives/edgar/data/1050915/000095012311046577/0000950123-11-046577-index.htm",
    "finalLink": "https://www.sec.gov/Archives/edgar/data/1050915/000095012311046577/h81497e10vq.htm"
  },
  {
    "date": "2010-12-31",
    "symbol": "PWR",
    "reportedCurrency": "USD",
    "cik": "0001050915",
    "fillingDate": "2011-03-01",
    "acceptedDate": "2011-03-01 16:43:17",
    "calendarYear": "2010",
    "period": "Q4",
    "revenue": 1106426000,
    "costOfRevenue": 947176000,
    "grossProfit": 159250000,
    "grossProfitRatio": 0.1439319033,
    "researchAndDevelopmentExpenses": 0,
    "generalAndAdministrativeExpenses": 94509000,
    "sellingAndMarketingExpenses": 0,
    "sellingGeneralAndAdministrativeExpenses": 94509000,
    "otherExpenses": 10234000,
    "operatingExpenses": 104743000,
    "costAndExpenses": 1051919000,
    "interestIncome": 251000,
    "interestExpense": 253000,
    "depreciationAndAmortization": 37364000,
    "ebitda": 92426000,
    "ebitdaratio": 0.0835356364,
    "operatingIncome": 54507000,
    "operatingIncomeRatio": 0.0492640267,
    "totalOtherIncomeExpensesNet": 302000,
    "incomeBeforeTax": 54809000,
    "incomeBeforeTaxRatio": 0.0495369776,
    "incomeTaxExpense": 20375000,
    "netIncome": 33666000,
    "netIncomeRatio": 0.0304277014,
    "eps": 0.16,
    "epsdiluted": 0.16,
    "weightedAverageShsOut": 212809000,
    "weightedAverageShsOutDil": 214167000,
    "link": "https://www.sec.gov/Archives/edgar/data/1050915/000095012311020719/0000950123-11-020719-index.htm",
    "finalLink": "https://www.sec.gov/Archives/edgar/data/1050915/000095012311020719/h78392e10vk.htm"
  },
  {
    "date": "2010-09-30",
    "symbol": "PWR",
    "reportedCurrency": "USD",
    "cik": "0001050915",
    "fillingDate": "2010-11-09",
    "acceptedDate": "2010-11-09 14:16:10",
    "calendarYear": "2010",
    "period": "Q3",
    "revenue": 1206007000,
    "costOfRevenue": 1016013000,
    "grossProfit": 189994000,
    "grossProfitRatio": 0.1575397158,
    "researchAndDevelopmentExpenses": 0,
    "generalAndAdministrativeExpenses": 82037000,
    "sellingAndMarketingExpenses": 0,
    "sellingGeneralAndAdministrativeExpenses": 82037000,
    "otherExpenses": 13396000,
    "operatingExpenses": 95433000,
    "costAndExpenses": 1111446000,
    "interestIncome": 418000,
    "interestExpense": 269000,
    "depreciationAndAmortization": 13396000,
    "ebitda": 108375000,
    "ebitdaratio": 0.0898626625,
    "operatingIncome": 94561000,
    "operatingIncomeRatio": 0.0784083343,
    "totalOtherIncomeExpensesNet": 628000,
    "incomeBeforeTax": 95189000,
    "incomeBeforeTaxRatio": 0.0789290609,
    "incomeTaxExpense": 31489000,
    "netIncome": 62780000,
    "netIncomeRatio": 0.0520560826,
    "eps": 0.3,
    "epsdiluted": 0.3,
    "weightedAverageShsOut": 209428000,
    "weightedAverageShsOutDil": 211096000,
    "link": "https://www.sec.gov/Archives/edgar/data/1050915/000095012310103127/0000950123-10-103127-index.htm",
    "finalLink": "https://www.sec.gov/Archives/edgar/data/1050915/000095012310103127/h76863e10vq.htm"
  },
  {
    "date": "2010-06-30",
    "symbol": "PWR",
    "reportedCurrency": "USD",
    "cik": "0001050915",
    "fillingDate": "2010-08-09",
    "acceptedDate": "2010-08-09 14:40:27",
    "calendarYear": "2010",
    "period": "Q2",
    "revenue": 870502000,
    "costOfRevenue": 714465000,
    "grossProfit": 156037000,
    "grossProfitRatio": 0.1792494446,
    "researchAndDevelopmentExpenses": 0,
    "generalAndAdministrativeExpenses": 82122000,
    "sellingAndMarketingExpenses": 0,
    "sellingGeneralAndAdministrativeExpenses": 82122000,
    "otherExpenses": 9090000,
    "operatingExpenses": 91212000,
    "costAndExpenses": 805677000,
    "interestIncome": 379000,
    "interestExpense": 1527000,
    "depreciationAndAmortization": 9090000,
    "ebitda": 93999000,
    "ebitdaratio": 0.1079825204,
    "operatingIncome": 64825000,
    "operatingIncomeRatio": 0.0744685251,
    "totalOtherIncomeExpensesNet": -8734000,
    "incomeBeforeTax": 56091000,
    "incomeBeforeTaxRatio": 0.0644352339,
    "incomeTaxExpense": 22768000,
    "netIncome": 32986000,
    "netIncomeRatio": 0.0378930778,
    "eps": 0.16,
    "epsdiluted": 0.16,
    "weightedAverageShsOut": 209399000,
    "weightedAverageShsOutDil": 211082000,
    "link": "https://www.sec.gov/Archives/edgar/data/1050915/000095012310074910/0000950123-10-074910-index.htm",
    "finalLink": "https://www.sec.gov/Archives/edgar/data/1050915/000095012310074910/h74954e10vq.htm"
  },
  {
    "date": "2010-03-31",
    "symbol": "PWR",
    "reportedCurrency": "USD",
    "cik": "0001050915",
    "fillingDate": "2010-05-10",
    "acceptedDate": "2010-05-10 16:21:31",
    "calendarYear": "2010",
    "period": "Q1",
    "revenue": 748283000,
    "costOfRevenue": 619141000,
    "grossProfit": 129142000,
    "grossProfitRatio": 0.1725844366,
    "researchAndDevelopmentExpenses": 0,
    "generalAndAdministrativeExpenses": 81004000,
    "sellingAndMarketingExpenses": 0,
    "sellingGeneralAndAdministrativeExpenses": 81004000,
    "otherExpenses": 5848000,
    "operatingExpenses": 86852000,
    "costAndExpenses": 705993000,
    "interestIncome": 369000,
    "interestExpense": 2864000,
    "depreciationAndAmortization": 5848000,
    "ebitda": 48507000,
    "ebitdaratio": 0.0648244047,
    "operatingIncome": 42290000,
    "operatingIncomeRatio": 0.0565160507,
    "totalOtherIncomeExpensesNet": -2124000,
    "incomeBeforeTax": 40166000,
    "incomeBeforeTaxRatio": 0.0536775525,
    "incomeTaxExpense": 16066000,
    "netIncome": 23744000,
    "netIncomeRatio": 0.0317313102,
    "eps": 0.11,
    "epsdiluted": 0.11,
    "weightedAverageShsOut": 208673000,
    "weightedAverageShsOutDil": 210342000,
    "link": "https://www.sec.gov/Archives/edgar/data/1050915/000095012310047183/0000950123-10-047183-index.htm",
    "finalLink": "https://www.sec.gov/Archives/edgar/data/1050915/000095012310047183/h70198e10vq.htm"
  },
  {
    "date": "2009-12-31",
    "symbol": "PWR",
    "reportedCurrency": "USD",
    "cik": "0001050915",
    "fillingDate": "2010-03-01",
    "acceptedDate": "2010-03-01 15:02:39",
    "calendarYear": "2009",
    "period": "Q4",
    "revenue": 985423000,
    "costOfRevenue": 794476000,
    "grossProfit": 190947000,
    "grossProfitRatio": 0.1937716087,
    "researchAndDevelopmentExpenses": 0,
    "generalAndAdministrativeExpenses": 94823000,
    "sellingAndMarketingExpenses": 0,
    "sellingGeneralAndAdministrativeExpenses": 94823000,
    "otherExpenses": 23692000,
    "operatingExpenses": 118515000,
    "costAndExpenses": 912991000,
    "interestIncome": 409000,
    "interestExpense": 2832000,
    "depreciationAndAmortization": 50017000,
    "ebitda": 122453000,
    "ebitdaratio": 0.1242644022,
    "operatingIncome": 72432000,
    "operatingIncomeRatio": 0.0735034599,
    "totalOtherIncomeExpensesNet": -2828000,
    "incomeBeforeTax": 69604000,
    "incomeBeforeTaxRatio": 0.0706336264,
    "incomeTaxExpense": 25159000,
    "netIncome": 43945000,
    "netIncomeRatio": 0.0445950622,
    "eps": 0.21,
    "epsdiluted": 0.21,
    "weightedAverageShsOut": 207078000,
    "weightedAverageShsOutDil": 208673000,
    "link": "https://www.sec.gov/Archives/edgar/data/1050915/000095012310019204/0000950123-10-019204-index.htm",
    "finalLink": "https://www.sec.gov/Archives/edgar/data/1050915/000095012310019204/h68032e10vk.htm"
  },
  {
    "date": "2009-09-30",
    "symbol": "PWR",
    "reportedCurrency": "USD",
    "cik": "0001050915",
    "fillingDate": "2009-11-09",
    "acceptedDate": "2009-11-09 17:08:22",
    "calendarYear": "2009",
    "period": "Q3",
    "revenue": 780794000,
    "costOfRevenue": 633166000,
    "grossProfit": 147628000,
    "grossProfitRatio": 0.1890741988,
    "researchAndDevelopmentExpenses": 0,
    "generalAndAdministrativeExpenses": 71018000,
    "sellingAndMarketingExpenses": 0,
    "sellingGeneralAndAdministrativeExpenses": 71018000,
    "otherExpenses": 5448000,
    "operatingExpenses": 76466000,
    "costAndExpenses": 709632000,
    "interestIncome": 338000,
    "interestExpense": 2816000,
    "depreciationAndAmortization": 5448000,
    "ebitda": 76948000,
    "ebitdaratio": 0.0985509622,
    "operatingIncome": 71162000,
    "operatingIncomeRatio": 0.0911405569,
    "totalOtherIncomeExpensesNet": -1886000,
    "incomeBeforeTax": 69276000,
    "incomeBeforeTaxRatio": 0.088725067,
    "incomeTaxExpense": 5320000,
    "netIncome": 63436000,
    "netIncomeRatio": 0.0812455014,
    "eps": 0.32,
    "epsdiluted": 0.32,
    "weightedAverageShsOut": 198608000,
    "weightedAverageShsOutDil": 205224000,
    "link": "https://www.sec.gov/Archives/edgar/data/1050915/000095012309060286/0000950123-09-060286-index.htm",
    "finalLink": "https://www.sec.gov/Archives/edgar/data/1050915/000095012309060286/h67778e10vq.htm"
  },
  {
    "date": "2009-06-30",
    "symbol": "PWR",
    "reportedCurrency": "USD",
    "cik": "0001050915",
    "fillingDate": "2009-08-10",
    "acceptedDate": "2009-08-10 15:41:10",
    "calendarYear": "2009",
    "period": "Q2",
    "revenue": 813379000,
    "costOfRevenue": 675597000,
    "grossProfit": 137782000,
    "grossProfitRatio": 0.1693945873,
    "researchAndDevelopmentExpenses": 0,
    "generalAndAdministrativeExpenses": 72970000,
    "sellingAndMarketingExpenses": 0,
    "sellingGeneralAndAdministrativeExpenses": 72970000,
    "otherExpenses": 4906000,
    "operatingExpenses": 77876000,
    "costAndExpenses": 753473000,
    "interestIncome": 628000,
    "interestExpense": 2803000,
    "depreciationAndAmortization": 4906000,
    "ebitda": 65440000,
    "ebitdaratio": 0.0804544991,
    "operatingIncome": 59906000,
    "operatingIncomeRatio": 0.0736507827,
    "totalOtherIncomeExpensesNet": -2017000,
    "incomeBeforeTax": 57889000,
    "incomeBeforeTaxRatio": 0.0711710039,
    "incomeTaxExpense": 24245000,
    "netIncome": 33427000,
    "netIncomeRatio": 0.041096463,
    "eps": 0.17,
    "epsdiluted": 0.17,
    "weightedAverageShsOut": 198300000,
    "weightedAverageShsOutDil": 198379000,
    "link": "https://www.sec.gov/Archives/edgar/data/1050915/000095012309032827/0000950123-09-032827-index.htm",
    "finalLink": "https://www.sec.gov/Archives/edgar/data/1050915/000095012309032827/h67380e10vq.htm"
  },
  {
    "date": "2009-03-31",
    "symbol": "PWR",
    "reportedCurrency": "USD",
    "cik": "0001050915",
    "fillingDate": "2009-05-11",
    "acceptedDate": "2009-05-11 15:54:54",
    "calendarYear": "2009",
    "period": "Q1",
    "revenue": 738530000,
    "costOfRevenue": 621399000,
    "grossProfit": 117131000,
    "grossProfitRatio": 0.1586001923,
    "researchAndDevelopmentExpenses": 0,
    "generalAndAdministrativeExpenses": 73603000,
    "sellingAndMarketingExpenses": 0,
    "sellingGeneralAndAdministrativeExpenses": 73603000,
    "otherExpenses": 4906000,
    "operatingExpenses": 78509000,
    "costAndExpenses": 699908000,
    "interestIncome": 1081000,
    "interestExpense": 2818000,
    "depreciationAndAmortization": 24674000,
    "ebitda": 64453000,
    "ebitdaratio": 0.0872720133,
    "operatingIncome": 38622000,
    "operatingIncomeRatio": 0.0522957767,
    "totalOtherIncomeExpensesNet": -1661000,
    "incomeBeforeTax": 36961000,
    "incomeBeforeTaxRatio": 0.0500467144,
    "incomeTaxExpense": 15471000,
    "netIncome": 21354000,
    "netIncomeRatio": 0.0289141944,
    "eps": 0.11,
    "epsdiluted": 0.11,
    "weightedAverageShsOut": 197704000,
    "weightedAverageShsOutDil": 197733000,
    "link": "https://www.sec.gov/Archives/edgar/data/1050915/000095012909001584/0000950129-09-001584-index.htm",
    "finalLink": "https://www.sec.gov/Archives/edgar/data/1050915/000095012909001584/h66663e10vq.htm"
  },
  {
    "date": "2008-12-31",
    "symbol": "PWR",
    "reportedCurrency": "USD",
    "cik": "0001050915",
    "fillingDate": "2009-03-02",
    "acceptedDate": "2009-03-02 17:04:59",
    "calendarYear": "2008",
    "period": "Q4",
    "revenue": 921534000,
    "costOfRevenue": 754801000,
    "grossProfit": 166733000,
    "grossProfitRatio": 0.1809298409,
    "researchAndDevelopmentExpenses": 0,
    "generalAndAdministrativeExpenses": 82265000,
    "sellingAndMarketingExpenses": 0,
    "sellingGeneralAndAdministrativeExpenses": 82265000,
    "otherExpenses": 6836000,
    "operatingExpenses": 89101000,
    "costAndExpenses": 843902000,
    "interestIncome": 0,
    "interestExpense": 0,
    "depreciationAndAmortization": 26504000,
    "ebitda": 104136000,
    "ebitdaratio": 0.1130028843,
    "operatingIncome": 77632000,
    "operatingIncomeRatio": 0.0842421441,
    "totalOtherIncomeExpensesNet": -269000,
    "incomeBeforeTax": 77363000,
    "incomeBeforeTaxRatio": 0.0839502395,
    "incomeTaxExpense": 30250000,
    "netIncome": 47113000,
    "netIncomeRatio": 0.051124538,
    "eps": 0.24,
    "epsdiluted": 0.24,
    "weightedAverageShsOut": 195628000,
    "weightedAverageShsOutDil": 197704000,
    "link": "https://www.sec.gov/Archives/edgar/data/1050915/000095013409004251/0000950134-09-004251-index.htm",
    "finalLink": "https://www.sec.gov/Archives/edgar/data/1050915/000095013409004251/h65892e10vk.htm"
  },
  {
    "date": "2008-09-30",
    "symbol": "PWR",
    "reportedCurrency": "USD",
    "cik": "0001050915",
    "fillingDate": "2008-11-10",
    "acceptedDate": "2008-11-10 16:21:14",
    "calendarYear": "2008",
    "period": "Q3",
    "revenue": 1053355000,
    "costOfRevenue": 867789000,
    "grossProfit": 185566000,
    "grossProfitRatio": 0.1761666295,
    "researchAndDevelopmentExpenses": 0,
    "generalAndAdministrativeExpenses": 80126000,
    "sellingAndMarketingExpenses": 0,
    "sellingGeneralAndAdministrativeExpenses": 80126000,
    "otherExpenses": 8998000,
    "operatingExpenses": 89124000,
    "costAndExpenses": 956913000,
    "interestIncome": 2022000,
    "interestExpense": 5223000,
    "depreciationAndAmortization": 31746000,
    "ebitda": 127192000,
    "ebitdaratio": 0.120749415,
    "operatingIncome": 96442000,
    "operatingIncomeRatio": 0.0915569775,
    "totalOtherIncomeExpensesNet": -7891000,
    "incomeBeforeTax": 93165000,
    "incomeBeforeTaxRatio": 0.0884459655,
    "incomeTaxExpense": 38307000,
    "netIncome": 51937000,
    "netIncomeRatio": 0.0493062643,
    "eps": 0.3,
    "epsdiluted": 0.28,
    "weightedAverageShsOut": 173007000,
    "weightedAverageShsOutDil": 203930000,
    "link": "https://www.sec.gov/Archives/edgar/data/1050915/000095012908005551/0000950129-08-005551-index.htm",
    "finalLink": "https://www.sec.gov/Archives/edgar/data/1050915/000095012908005551/h64740e10vq.htm"
  },
  {
    "date": "2008-06-30",
    "symbol": "PWR",
    "reportedCurrency": "USD",
    "cik": "0001050915",
    "fillingDate": "2008-08-11",
    "acceptedDate": "2008-08-11 15:19:17",
    "calendarYear": "2008",
    "period": "Q2",
    "revenue": 960882000,
    "costOfRevenue": 802192000,
    "grossProfit": 158690000,
    "grossProfitRatio": 0.1651503514,
    "researchAndDevelopmentExpenses": 0,
    "generalAndAdministrativeExpenses": 76292000,
    "sellingAndMarketingExpenses": 0,
    "sellingGeneralAndAdministrativeExpenses": 76292000,
    "otherExpenses": 9876000,
    "operatingExpenses": 86168000,
    "costAndExpenses": 888360000,
    "interestIncome": 2088000,
    "interestExpense": 9722000,
    "depreciationAndAmortization": 25468000,
    "ebitda": 103952000,
    "ebitdaratio": 0.1081839393,
    "operatingIncome": 72522000,
    "operatingIncomeRatio": 0.0754744079,
    "totalOtherIncomeExpensesNet": -7356000,
    "incomeBeforeTax": 69669000,
    "incomeBeforeTaxRatio": 0.0725052608,
    "incomeTaxExpense": 29151000,
    "netIncome": 37668000,
    "netIncomeRatio": 0.0392014836,
    "eps": 0.22,
    "epsdiluted": 0.21,
    "weightedAverageShsOut": 172393000,
    "weightedAverageShsOutDil": 197021000,
    "link": "https://www.sec.gov/Archives/edgar/data/1050915/000095012908004408/0000950129-08-004408-index.htm",
    "finalLink": "https://www.sec.gov/Archives/edgar/data/1050915/000095012908004408/h58590e10vq.htm"
  },
  {
    "date": "2008-03-31",
    "symbol": "PWR",
    "reportedCurrency": "USD",
    "cik": "0001050915",
    "fillingDate": "2008-05-12",
    "acceptedDate": "2008-05-12 16:44:35",
    "calendarYear": "2008",
    "period": "Q1",
    "revenue": 844442000,
    "costOfRevenue": 720565000,
    "grossProfit": 123877000,
    "grossProfitRatio": 0.146696872,
    "researchAndDevelopmentExpenses": 0,
    "generalAndAdministrativeExpenses": 70716000,
    "sellingAndMarketingExpenses": 0,
    "sellingGeneralAndAdministrativeExpenses": 70716000,
    "otherExpenses": 10590000,
    "operatingExpenses": 81306000,
    "costAndExpenses": 801871000,
    "interestIncome": 3995000,
    "interestExpense": 9594000,
    "depreciationAndAmortization": 30236000,
    "ebitda": 76352000,
    "ebitdaratio": 0.0904171038,
    "operatingIncome": 42571000,
    "operatingIncomeRatio": 0.0504131722,
    "totalOtherIncomeExpensesNet": -5395000,
    "incomeBeforeTax": 41570000,
    "incomeBeforeTaxRatio": 0.0492277741,
    "incomeTaxExpense": 17318000,
    "netIncome": 21471000,
    "netIncomeRatio": 0.0254262578,
    "eps": 0.13,
    "epsdiluted": 0.13,
    "weightedAverageShsOut": 171137000,
    "weightedAverageShsOutDil": 171587000,
    "link": "https://www.sec.gov/Archives/edgar/data/1050915/000095012908002948/0000950129-08-002948-index.htm",
    "finalLink": "https://www.sec.gov/Archives/edgar/data/1050915/000095012908002948/h55884e10vq.htm"
  },
  {
    "date": "2007-12-31",
    "symbol": "PWR",
    "reportedCurrency": "USD",
    "cik": "0001050915",
    "fillingDate": "2008-02-29",
    "acceptedDate": "2008-02-29 15:58:40",
    "calendarYear": "2007",
    "period": "Q4",
    "revenue": 878992000,
    "costOfRevenue": 728117000,
    "grossProfit": 150875000,
    "grossProfitRatio": 0.1716454757,
    "researchAndDevelopmentExpenses": 0,
    "generalAndAdministrativeExpenses": 84715000,
    "sellingAndMarketingExpenses": 0,
    "sellingGeneralAndAdministrativeExpenses": 84715000,
    "otherExpenses": 12427000,
    "operatingExpenses": 97142000,
    "costAndExpenses": 825259000,
    "interestIncome": 0,
    "interestExpense": 0,
    "depreciationAndAmortization": 30320000,
    "ebitda": 84053000,
    "ebitdaratio": 0.095624306,
    "operatingIncome": 53733000,
    "operatingIncomeRatio": 0.0611302492,
    "totalOtherIncomeExpensesNet": -596000,
    "incomeBeforeTax": 53137000,
    "incomeBeforeTaxRatio": 0.0604521998,
    "incomeTaxExpense": 19596000,
    "netIncome": 33587000,
    "netIncomeRatio": 0.0382108142,
    "eps": 0.2,
    "epsdiluted": 0.2,
    "weightedAverageShsOut": 170050000,
    "weightedAverageShsOutDil": 170050000,
    "link": "https://www.sec.gov/Archives/edgar/data/1050915/000095012908001378/0000950129-08-001378-index.htm",
    "finalLink": "https://www.sec.gov/Archives/edgar/data/1050915/000095012908001378/h54156e10vk.htm"
  },
  {
    "date": "2007-09-30",
    "symbol": "PWR",
    "reportedCurrency": "USD",
    "cik": "0001050915",
    "fillingDate": "2007-11-09",
    "acceptedDate": "2007-11-09 16:32:26",
    "calendarYear": "2007",
    "period": "Q3",
    "revenue": 655865000,
    "costOfRevenue": 540812000,
    "grossProfit": 115053000,
    "grossProfitRatio": 0.1754217712,
    "researchAndDevelopmentExpenses": 0,
    "generalAndAdministrativeExpenses": 59816000,
    "sellingAndMarketingExpenses": 0,
    "sellingGeneralAndAdministrativeExpenses": 59816000,
    "otherExpenses": 4868000,
    "operatingExpenses": 64684000,
    "costAndExpenses": 605496000,
    "interestIncome": 0,
    "interestExpense": 0,
    "depreciationAndAmortization": 19309000,
    "ebitda": 50369000,
    "ebitdaratio": 0.0767978166,
    "operatingIncome": 50369000,
    "operatingIncomeRatio": 0.0767978166,
    "totalOtherIncomeExpensesNet": -489000,
    "incomeBeforeTax": 49880000,
    "incomeBeforeTaxRatio": 0.0760522364,
    "incomeTaxExpense": 2930000,
    "netIncome": 49321000,
    "netIncomeRatio": 0.0751999268,
    "eps": 0.36,
    "epsdiluted": 0.31,
    "weightedAverageShsOut": 136279000,
    "weightedAverageShsOutDil": 167869000,
    "link": "https://www.sec.gov/Archives/edgar/data/1050915/000095012907005546/0000950129-07-005546-index.htm",
    "finalLink": "https://www.sec.gov/Archives/edgar/data/1050915/000095012907005546/h51216e10vq.htm"
  },
  {
    "date": "2007-06-30",
    "symbol": "PWR",
    "reportedCurrency": "USD",
    "cik": "0001050915",
    "fillingDate": "2007-08-09",
    "acceptedDate": "2007-08-09 09:56:28",
    "calendarYear": "2007",
    "period": "Q2",
    "revenue": 557600000,
    "costOfRevenue": 471931000,
    "grossProfit": 85669000,
    "grossProfitRatio": 0.1536388092,
    "researchAndDevelopmentExpenses": 0,
    "generalAndAdministrativeExpenses": 47310000,
    "sellingAndMarketingExpenses": 0,
    "sellingGeneralAndAdministrativeExpenses": 47310000,
    "otherExpenses": 692000,
    "operatingExpenses": 48002000,
    "costAndExpenses": 519933000,
    "interestIncome": 5654000,
    "interestExpense": 5544000,
    "depreciationAndAmortization": 13889000,
    "ebitda": 51423000,
    "ebitdaratio": 0.092222023,
    "operatingIncome": 37667000,
    "operatingIncomeRatio": 0.0675520086,
    "totalOtherIncomeExpensesNet": 192000,
    "incomeBeforeTax": 37859000,
    "incomeBeforeTaxRatio": 0.0678963415,
    "incomeTaxExpense": 15993000,
    "netIncome": 21866000,
    "netIncomeRatio": 0.0392144907,
    "eps": 0.18,
    "epsdiluted": 0.17,
    "weightedAverageShsOut": 118578000,
    "weightedAverageShsOutDil": 149964000,
    "link": "https://www.sec.gov/Archives/edgar/data/1050915/000095012907003886/0000950129-07-003886-index.htm",
    "finalLink": "https://www.sec.gov/Archives/edgar/data/1050915/000095012907003886/h48823e10vq.htm"
  },
  {
    "date": "2007-03-31",
    "symbol": "PWR",
    "reportedCurrency": "USD",
    "cik": "0001050915",
    "fillingDate": "2007-05-09",
    "acceptedDate": "2007-05-09 17:04:57",
    "calendarYear": "2007",
    "period": "Q1",
    "revenue": 574880000,
    "costOfRevenue": 496474000,
    "grossProfit": 78406000,
    "grossProfitRatio": 0.1363867242,
    "researchAndDevelopmentExpenses": 0,
    "generalAndAdministrativeExpenses": 49232000,
    "sellingAndMarketingExpenses": 0,
    "sellingGeneralAndAdministrativeExpenses": 49232000,
    "otherExpenses": 772000,
    "operatingExpenses": 50004000,
    "costAndExpenses": 546478000,
    "interestIncome": 0,
    "interestExpense": 0,
    "depreciationAndAmortization": 13794000,
    "ebitda": 41639000,
    "ebitdaratio": 0.0724307682,
    "operatingIncome": 28402000,
    "operatingIncomeRatio": 0.0494050932,
    "totalOtherIncomeExpensesNet": -668000,
    "incomeBeforeTax": 27177000,
    "incomeBeforeTaxRatio": 0.0472742137,
    "incomeTaxExpense": -4027000,
    "netIncome": 31204000,
    "netIncomeRatio": 0.0542791539,
    "eps": 0.26,
    "epsdiluted": 0.23,
    "weightedAverageShsOut": 118030000,
    "weightedAverageShsOutDil": 149608000,
    "link": "https://www.sec.gov/Archives/edgar/data/1050915/000095012907002403/0000950129-07-002403-index.htm",
    "finalLink": "https://www.sec.gov/Archives/edgar/data/1050915/000095012907002403/h46159e10vq.htm"
  },
  {
    "date": "2006-12-31",
    "symbol": "PWR",
    "reportedCurrency": "USD",
    "cik": "0001050915",
    "fillingDate": "2007-02-28",
    "acceptedDate": "2007-02-27 19:12:33",
    "calendarYear": "2006",
    "period": "Q4",
    "revenue": 592028000,
    "costOfRevenue": 499151000,
    "grossProfit": 92877000,
    "grossProfitRatio": 0.1568794044,
    "researchAndDevelopmentExpenses": 0,
    "generalAndAdministrativeExpenses": 48984000,
    "sellingAndMarketingExpenses": 0,
    "sellingGeneralAndAdministrativeExpenses": 48984000,
    "otherExpenses": 56812000,
    "operatingExpenses": 105796000,
    "costAndExpenses": 604947000,
    "interestIncome": 3612000,
    "interestExpense": 5409000,
    "depreciationAndAmortization": 12545000,
    "ebitda": -374000,
    "ebitdaratio": -0.0006317269,
    "operatingIncome": -12919000,
    "operatingIncomeRatio": -0.021821603,
    "totalOtherIncomeExpensesNet": -1759000,
    "incomeBeforeTax": -14678000,
    "incomeBeforeTaxRatio": -0.0247927463,
    "incomeTaxExpense": 15780000,
    "netIncome": -30458000,
    "netIncomeRatio": -0.051446891,
    "eps": -0.26,
    "epsdiluted": -0.26,
    "weightedAverageShsOut": 117231000,
    "weightedAverageShsOutDil": 118030000,
    "link": "https://www.sec.gov/Archives/edgar/data/1050915/000095012907000940/0000950129-07-000940-index.htm",
    "finalLink": "https://www.sec.gov/Archives/edgar/data/1050915/000095012907000940/h42746e10vk.htm"
  },
  {
    "date": "2006-09-30",
    "symbol": "PWR",
    "reportedCurrency": "USD",
    "cik": "0001050915",
    "fillingDate": "2006-11-09",
    "acceptedDate": "2006-11-09 16:23:30",
    "calendarYear": "2006",
    "period": "Q3",
    "revenue": 528468000,
    "costOfRevenue": 445332000,
    "grossProfit": 83136000,
    "grossProfitRatio": 0.1573151071,
    "researchAndDevelopmentExpenses": 0,
    "generalAndAdministrativeExpenses": 45103000,
    "sellingAndMarketingExpenses": 0,
    "sellingGeneralAndAdministrativeExpenses": 45103000,
    "otherExpenses": 0,
    "operatingExpenses": 45103000,
    "costAndExpenses": 490435000,
    "interestIncome": 0,
    "interestExpense": 0,
    "depreciationAndAmortization": 12962000,
    "ebitda": 50845000,
    "ebitdaratio": 0.0962120696,
    "operatingIncome": 38033000,
    "operatingIncomeRatio": 0.0719684068,
    "totalOtherIncomeExpensesNet": -1380000,
    "incomeBeforeTax": 36653000,
    "incomeBeforeTaxRatio": 0.069357085,
    "incomeTaxExpense": 14230000,
    "netIncome": 22423000,
    "netIncomeRatio": 0.0424301944,
    "eps": 0.19,
    "epsdiluted": 0.17,
    "weightedAverageShsOut": 117202000,
    "weightedAverageShsOutDil": 148534000,
    "link": "https://www.sec.gov/Archives/edgar/data/1050915/000095012906009585/0000950129-06-009585-index.htm",
    "finalLink": "https://www.sec.gov/Archives/edgar/data/1050915/000095012906009585/h40917e10vq.htm"
  },
  {
    "date": "2006-06-30",
    "symbol": "PWR",
    "reportedCurrency": "USD",
    "cik": "0001050915",
    "fillingDate": "2006-11-09",
    "acceptedDate": "2006-11-09 16:18:32",
    "calendarYear": "2006",
    "period": "Q2",
    "revenue": 514048000,
    "costOfRevenue": 433693000,
    "grossProfit": 80355000,
    "grossProfitRatio": 0.156318087,
    "researchAndDevelopmentExpenses": 0,
    "generalAndAdministrativeExpenses": 46640000,
    "sellingAndMarketingExpenses": 0,
    "sellingGeneralAndAdministrativeExpenses": 46640000,
    "otherExpenses": 0,
    "operatingExpenses": 46640000,
    "costAndExpenses": 480333000,
    "interestIncome": 0,
    "interestExpense": 0,
    "depreciationAndAmortization": 18053000,
    "ebitda": 33715000,
    "ebitdaratio": 0.0655872603,
    "operatingIncome": 33715000,
    "operatingIncomeRatio": 0.0655872603,
    "totalOtherIncomeExpensesNet": -4980000,
    "incomeBeforeTax": 28735000,
    "incomeBeforeTaxRatio": 0.0558994491,
    "incomeTaxExpense": 11075000,
    "netIncome": 17660000,
    "netIncomeRatio": 0.0343547684,
    "eps": 0.15,
    "epsdiluted": 0.14,
    "weightedAverageShsOut": 117152000,
    "weightedAverageShsOutDil": 142014000,
    "link": "https://www.sec.gov/Archives/edgar/data/1050915/000095012906009583/0000950129-06-009583-index.htm",
    "finalLink": "https://www.sec.gov/Archives/edgar/data/1050915/000095012906009583/h40921a1e10vqza.htm"
  },
  {
    "date": "2006-03-31",
    "symbol": "PWR",
    "reportedCurrency": "USD",
    "cik": "0001050915",
    "fillingDate": "2006-11-09",
    "acceptedDate": "2006-11-09 16:14:31",
    "calendarYear": "2006",
    "period": "Q1",
    "revenue": 496494000,
    "costOfRevenue": 437046000,
    "grossProfit": 59448000,
    "grossProfitRatio": 0.1197355859,
    "researchAndDevelopmentExpenses": 0,
    "generalAndAdministrativeExpenses": 42275000,
    "sellingAndMarketingExpenses": 0,
    "sellingGeneralAndAdministrativeExpenses": 42275000,
    "otherExpenses": 0,
    "operatingExpenses": 42275000,
    "costAndExpenses": 479321000,
    "interestIncome": 0,
    "interestExpense": 0,
    "depreciationAndAmortization": 12680000,
    "ebitda": 17173000,
    "ebitdaratio": 0.0345885348,
    "operatingIncome": 17173000,
    "operatingIncomeRatio": 0.0345885348,
    "totalOtherIncomeExpensesNet": -2757000,
    "incomeBeforeTax": 14416000,
    "incomeBeforeTaxRatio": 0.0290355976,
    "incomeTaxExpense": 6558000,
    "netIncome": 7858000,
    "netIncomeRatio": 0.0158269788,
    "eps": 0.07,
    "epsdiluted": 0.07,
    "weightedAverageShsOut": 116525000,
    "weightedAverageShsOutDil": 117058000,
    "link": "https://www.sec.gov/Archives/edgar/data/1050915/000095012906009582/0000950129-06-009582-index.htm",
    "finalLink": "https://www.sec.gov/Archives/edgar/data/1050915/000095012906009582/h41019a1e10vqza.htm"
  },
  {
    "date": "2005-12-31",
    "symbol": "PWR",
    "reportedCurrency": "USD",
    "cik": "0001050915",
    "fillingDate": "2006-03-02",
    "acceptedDate": "2006-03-02 16:39:20",
    "calendarYear": "2005",
    "period": "Q4",
    "revenue": 523494000,
    "costOfRevenue": 436827000,
    "grossProfit": 86667000,
    "grossProfitRatio": 0.1655549061,
    "researchAndDevelopmentExpenses": 0,
    "generalAndAdministrativeExpenses": 52447000,
    "sellingAndMarketingExpenses": 0,
    "sellingGeneralAndAdministrativeExpenses": 52447000,
    "otherExpenses": 0,
    "operatingExpenses": 52447000,
    "costAndExpenses": 489274000,
    "interestIncome": 2280000,
    "interestExpense": 5986000,
    "depreciationAndAmortization": 14653000,
    "ebitda": 48873000,
    "ebitdaratio": 0.0933592362,
    "operatingIncome": 34220000,
    "operatingIncomeRatio": 0.0653684665,
    "totalOtherIncomeExpensesNet": -3795000,
    "incomeBeforeTax": 30425000,
    "incomeBeforeTaxRatio": 0.0581190997,
    "incomeTaxExpense": 11963000,
    "netIncome": 18462000,
    "netIncomeRatio": 0.0352668798,
    "eps": 0.16,
    "epsdiluted": 0.16,
    "weightedAverageShsOut": 116104000,
    "weightedAverageShsOutDil": 116525000,
    "link": "https://www.sec.gov/Archives/edgar/data/1050915/000095012906002185/0000950129-06-002185-index.htm",
    "finalLink": "https://www.sec.gov/Archives/edgar/data/1050915/000095012906002185/h33202e10vk.htm"
  },
  {
    "date": "2005-09-30",
    "symbol": "PWR",
    "reportedCurrency": "USD",
    "cik": "0001050915",
    "fillingDate": "2005-11-09",
    "acceptedDate": "2005-11-09 12:33:21",
    "calendarYear": "2005",
    "period": "Q3",
    "revenue": 523340000,
    "costOfRevenue": 443167000,
    "grossProfit": 80173000,
    "grossProfitRatio": 0.1531948638,
    "researchAndDevelopmentExpenses": 0,
    "generalAndAdministrativeExpenses": 49420000,
    "sellingAndMarketingExpenses": 0,
    "sellingGeneralAndAdministrativeExpenses": 49420000,
    "otherExpenses": 0,
    "operatingExpenses": 49420000,
    "costAndExpenses": 492587000,
    "interestIncome": 0,
    "interestExpense": 0,
    "depreciationAndAmortization": 15367000,
    "ebitda": 30753000,
    "ebitdaratio": 0.0587629457,
    "operatingIncome": 30753000,
    "operatingIncomeRatio": 0.0587629457,
    "totalOtherIncomeExpensesNet": -4058000,
    "incomeBeforeTax": 26695000,
    "incomeBeforeTaxRatio": 0.0510089043,
    "incomeTaxExpense": 13815000,
    "netIncome": 12880000,
    "netIncomeRatio": 0.0246111515,
    "eps": 0.11,
    "epsdiluted": 0.11,
    "weightedAverageShsOut": 115970000,
    "weightedAverageShsOutDil": 141177000,
    "link": "https://www.sec.gov/Archives/edgar/data/1050915/000095012905010787/0000950129-05-010787-index.htm",
    "finalLink": "https://www.sec.gov/Archives/edgar/data/1050915/000095012905010787/h29912e10vq.htm"
  },
  {
    "date": "2005-06-30",
    "symbol": "PWR",
    "reportedCurrency": "USD",
    "cik": "0001050915",
    "fillingDate": "2005-08-09",
    "acceptedDate": "2005-08-09 15:21:59",
    "calendarYear": "2005",
    "period": "Q2",
    "revenue": 439287000,
    "costOfRevenue": 385471000,
    "grossProfit": 53816000,
    "grossProfitRatio": 0.1225076089,
    "researchAndDevelopmentExpenses": 0,
    "generalAndAdministrativeExpenses": 43874000,
    "sellingAndMarketingExpenses": 0,
    "sellingGeneralAndAdministrativeExpenses": 43874000,
    "otherExpenses": 0,
    "operatingExpenses": 43874000,
    "costAndExpenses": 429345000,
    "interestIncome": 1696000,
    "interestExpense": 5904000,
    "depreciationAndAmortization": 14906000,
    "ebitda": 9942000,
    "ebitdaratio": 0.0226321289,
    "operatingIncome": 9942000,
    "operatingIncomeRatio": 0.0226321289,
    "totalOtherIncomeExpensesNet": -4111000,
    "incomeBeforeTax": 5831000,
    "incomeBeforeTaxRatio": 0.0132737823,
    "incomeTaxExpense": 2488000,
    "netIncome": 3343000,
    "netIncomeRatio": 0.007610059,
    "eps": 0.03,
    "epsdiluted": 0.03,
    "weightedAverageShsOut": 115713000,
    "weightedAverageShsOutDil": 116341000,
    "link": "https://www.sec.gov/Archives/edgar/data/1050915/000095012905007998/0000950129-05-007998-index.htm",
    "finalLink": "https://www.sec.gov/Archives/edgar/data/1050915/000095012905007998/h27803e10vq.htm"
  },
  {
    "date": "2005-03-31",
    "symbol": "PWR",
    "reportedCurrency": "USD",
    "cik": "0001050915",
    "fillingDate": "2005-05-10",
    "acceptedDate": "2005-05-10 13:07:38",
    "calendarYear": "2005",
    "period": "Q1",
    "revenue": 372505000,
    "costOfRevenue": 336413000,
    "grossProfit": 36092000,
    "grossProfitRatio": 0.0968899746,
    "researchAndDevelopmentExpenses": 0,
    "generalAndAdministrativeExpenses": 42462000,
    "sellingAndMarketingExpenses": 0,
    "sellingGeneralAndAdministrativeExpenses": 42462000,
    "otherExpenses": 0,
    "operatingExpenses": 42462000,
    "costAndExpenses": 378875000,
    "interestIncome": 0,
    "interestExpense": 0,
    "depreciationAndAmortization": 15453000,
    "ebitda": 7845000,
    "ebitdaratio": 0.02106012,
    "operatingIncome": -6370000,
    "operatingIncomeRatio": -0.0171004416,
    "totalOtherIncomeExpensesNet": -4334000,
    "incomeBeforeTax": -10704000,
    "incomeBeforeTaxRatio": -0.0287351848,
    "incomeTaxExpense": -5576000,
    "netIncome": -5128000,
    "netIncomeRatio": -0.0137662582,
    "eps": -0.0445,
    "epsdiluted": -0.0445,
    "weightedAverageShsOut": 115229000,
    "weightedAverageShsOutDil": 115229000,
    "link": "https://www.sec.gov/Archives/edgar/data/1050915/000095012905005020/0000950129-05-005020-index.htm",
    "finalLink": "https://www.sec.gov/Archives/edgar/data/1050915/000095012905005020/h23556e10vq.htm"
  },
  {
    "date": "2004-12-31",
    "symbol": "PWR",
    "reportedCurrency": "USD",
    "cik": "0001050915",
    "fillingDate": "2005-03-16",
    "acceptedDate": "2005-03-16 16:02:39",
    "calendarYear": "2004",
    "period": "Q4",
    "revenue": 419242000,
    "costOfRevenue": 369341000,
    "grossProfit": 49901000,
    "grossProfitRatio": 0.1190267197,
    "researchAndDevelopmentExpenses": 0,
    "generalAndAdministrativeExpenses": 43141000,
    "sellingAndMarketingExpenses": 0,
    "sellingGeneralAndAdministrativeExpenses": 43141000,
    "otherExpenses": 0,
    "operatingExpenses": 43141000,
    "costAndExpenses": 412482000,
    "interestIncome": 0,
    "interestExpense": 0,
    "depreciationAndAmortization": 17189000,
    "ebitda": 23949000,
    "ebitdaratio": 0.0571245247,
    "operatingIncome": 6760000,
    "operatingIncomeRatio": 0.0161243387,
    "totalOtherIncomeExpensesNet": -5071000,
    "incomeBeforeTax": 1689000,
    "incomeBeforeTaxRatio": 0.0040286994,
    "incomeTaxExpense": -147000,
    "netIncome": 1836000,
    "netIncomeRatio": 0.0043793322,
    "eps": 0.0159,
    "epsdiluted": 0.0159,
    "weightedAverageShsOut": 115229000,
    "weightedAverageShsOutDil": 115229000,
    "link": "https://www.sec.gov/Archives/edgar/data/1050915/000095012905002505/0000950129-05-002505-index.htm",
    "finalLink": "https://www.sec.gov/Archives/edgar/data/1050915/000095012905002505/h22727e10vk.htm"
  },
  {
    "date": "2004-09-30",
    "symbol": "PWR",
    "reportedCurrency": "USD",
    "cik": "0001050915",
    "fillingDate": "2004-11-09",
    "acceptedDate": "2004-11-09 15:24:06",
    "calendarYear": "2004",
    "period": "Q3",
    "revenue": 463077000,
    "costOfRevenue": 404652000,
    "grossProfit": 58425000,
    "grossProfitRatio": 0.1261669226,
    "researchAndDevelopmentExpenses": 0,
    "generalAndAdministrativeExpenses": 44265000,
    "sellingAndMarketingExpenses": 0,
    "sellingGeneralAndAdministrativeExpenses": 44265000,
    "otherExpenses": 0,
    "operatingExpenses": 44265000,
    "costAndExpenses": 448917000,
    "interestIncome": 0,
    "interestExpense": 0,
    "depreciationAndAmortization": 15742000,
    "ebitda": 14160000,
    "ebitdaratio": 0.030578068,
    "operatingIncome": 14160000,
    "operatingIncomeRatio": 0.030578068,
    "totalOtherIncomeExpensesNet": -5556000,
    "incomeBeforeTax": 8604000,
    "incomeBeforeTaxRatio": 0.0185800634,
    "incomeTaxExpense": 4448000,
    "netIncome": 4156000,
    "netIncomeRatio": 0.0089747493,
    "eps": 0.04,
    "epsdiluted": 0.04,
    "weightedAverageShsOut": 114683000,
    "weightedAverageShsOutDil": 115385000,
    "link": "https://www.sec.gov/Archives/edgar/data/1050915/000095012904008758/0000950129-04-008758-index.htm",
    "finalLink": "https://www.sec.gov/Archives/edgar/data/1050915/000095012904008758/h19888e10vq.htm"
  },
  {
    "date": "2004-06-30",
    "symbol": "PWR",
    "reportedCurrency": "USD",
    "cik": "0001050915",
    "fillingDate": "2004-08-09",
    "acceptedDate": "2004-08-09 14:32:02",
    "calendarYear": "2004",
    "period": "Q2",
    "revenue": 389194000,
    "costOfRevenue": 342853000,
    "grossProfit": 46341000,
    "grossProfitRatio": 0.1190691532,
    "researchAndDevelopmentExpenses": 0,
    "generalAndAdministrativeExpenses": 40589000,
    "sellingAndMarketingExpenses": 0,
    "sellingGeneralAndAdministrativeExpenses": 40589000,
    "otherExpenses": 0,
    "operatingExpenses": 40589000,
    "costAndExpenses": 383442000,
    "interestIncome": 0,
    "interestExpense": 0,
    "depreciationAndAmortization": 16181000,
    "ebitda": 5752000,
    "ebitdaratio": 0.0147792618,
    "operatingIncome": 5752000,
    "operatingIncomeRatio": 0.0147792618,
    "totalOtherIncomeExpensesNet": -5979000,
    "incomeBeforeTax": -227000,
    "incomeBeforeTaxRatio": -0.0005832567,
    "incomeTaxExpense": 3265000,
    "netIncome": -3492000,
    "netIncomeRatio": -0.0089723891,
    "eps": -0.0305,
    "epsdiluted": -0.0305,
    "weightedAverageShsOut": 114425000,
    "weightedAverageShsOutDil": 114425000,
    "link": "https://www.sec.gov/Archives/edgar/data/1050915/000095012904005784/0000950129-04-005784-index.htm",
    "finalLink": "https://www.sec.gov/Archives/edgar/data/1050915/000095012904005784/h17104e10vq.htm"
  },
  {
    "date": "2004-03-31",
    "symbol": "PWR",
    "reportedCurrency": "USD",
    "cik": "0001050915",
    "fillingDate": "2004-05-10",
    "acceptedDate": "2004-05-10 15:47:31",
    "calendarYear": "2004",
    "period": "Q1",
    "revenue": 354997000,
    "costOfRevenue": 328273000,
    "grossProfit": 26724000,
    "grossProfitRatio": 0.0752795094,
    "researchAndDevelopmentExpenses": 0,
    "generalAndAdministrativeExpenses": 43370000,
    "sellingAndMarketingExpenses": 0,
    "sellingGeneralAndAdministrativeExpenses": 43370000,
    "otherExpenses": 0,
    "operatingExpenses": 43370000,
    "costAndExpenses": 371643000,
    "interestIncome": 0,
    "interestExpense": 6366000,
    "depreciationAndAmortization": 15876000,
    "ebitda": -972000,
    "ebitdaratio": -0.0027380513,
    "operatingIncome": -16646000,
    "operatingIncomeRatio": -0.0468905371,
    "totalOtherIncomeExpensesNet": -6065000,
    "incomeBeforeTax": -22711000,
    "incomeBeforeTaxRatio": -0.0639751885,
    "incomeTaxExpense": -11017000,
    "netIncome": -11694000,
    "netIncomeRatio": -0.0329411234,
    "eps": -0.1,
    "epsdiluted": -0.1,
    "weightedAverageShsOut": 113918000,
    "weightedAverageShsOutDil": 113918000,
    "link": "https://www.sec.gov/Archives/edgar/data/1050915/000095012904003077/0000950129-04-003077-index.htm",
    "finalLink": "https://www.sec.gov/Archives/edgar/data/1050915/000095012904003077/h15138e10vq.htm"
  },
  {
    "date": "2003-12-31",
    "symbol": "PWR",
    "reportedCurrency": "USD",
    "cik": "0001050915",
    "fillingDate": "2004-03-15",
    "acceptedDate": "2004-03-15 15:41:45",
    "calendarYear": "2003",
    "period": "Q4",
    "revenue": 431289000,
    "costOfRevenue": 377677000,
    "grossProfit": 53612000,
    "grossProfitRatio": 0.1243064395,
    "researchAndDevelopmentExpenses": 0,
    "generalAndAdministrativeExpenses": 40909000,
    "sellingAndMarketingExpenses": 0,
    "sellingGeneralAndAdministrativeExpenses": 40909000,
    "otherExpenses": 6452000,
    "operatingExpenses": 47361000,
    "costAndExpenses": 425038000,
    "interestIncome": 0,
    "interestExpense": 7640000,
    "depreciationAndAmortization": 15820000,
    "ebitda": 22071000,
    "ebitdaratio": 0.0511745025,
    "operatingIncome": 6251000,
    "operatingIncomeRatio": 0.0144937617,
    "totalOtherIncomeExpensesNet": -45530000,
    "incomeBeforeTax": -39279000,
    "incomeBeforeTaxRatio": -0.0910735029,
    "incomeTaxExpense": -13569000,
    "netIncome": -25710000,
    "netIncomeRatio": -0.0596120003,
    "eps": -0.23,
    "epsdiluted": -0.23,
    "weightedAverageShsOut": 113918000,
    "weightedAverageShsOutDil": 113918000,
    "link": "https://www.sec.gov/Archives/edgar/data/1050915/000095012904001307/0000950129-04-001307-index.htm",
    "finalLink": "https://www.sec.gov/Archives/edgar/data/1050915/000095012904001307/h13605e10vk.htm"
  },
  {
    "date": "2003-09-30",
    "symbol": "PWR",
    "reportedCurrency": "USD",
    "cik": "0001050915",
    "fillingDate": "2003-11-14",
    "acceptedDate": "2003-11-13 18:15:05",
    "calendarYear": "2003",
    "period": "Q3",
    "revenue": 436133000,
    "costOfRevenue": 381125000,
    "grossProfit": 55008000,
    "grossProfitRatio": 0.1261266632,
    "researchAndDevelopmentExpenses": 0,
    "generalAndAdministrativeExpenses": 38886000,
    "sellingAndMarketingExpenses": 0,
    "sellingGeneralAndAdministrativeExpenses": 38886000,
    "otherExpenses": 0,
    "operatingExpenses": 38886000,
    "costAndExpenses": 420011000,
    "interestIncome": 0,
    "interestExpense": 8080000,
    "depreciationAndAmortization": 15759000,
    "ebitda": 31881000,
    "ebitdaratio": 0.073099261,
    "operatingIncome": 16122000,
    "operatingIncomeRatio": 0.036965788,
    "totalOtherIncomeExpensesNet": -7898000,
    "incomeBeforeTax": 8224000,
    "incomeBeforeTaxRatio": 0.0188566332,
    "incomeTaxExpense": 2825000,
    "netIncome": 5399000,
    "netIncomeRatio": 0.0123792513,
    "eps": 0.05,
    "epsdiluted": 0.05,
    "weightedAverageShsOut": 116567000,
    "weightedAverageShsOutDil": 116645000,
    "link": "https://www.sec.gov/Archives/edgar/data/1050915/000095012903005638/0000950129-03-005638-index.htm",
    "finalLink": "https://www.sec.gov/Archives/edgar/data/1050915/000095012903005638/h10560e10vq.txt"
  },
  {
    "date": "2003-06-30",
    "symbol": "PWR",
    "reportedCurrency": "USD",
    "cik": "0001050915",
    "fillingDate": "2003-08-14",
    "acceptedDate": "2003-08-14 12:10:39",
    "calendarYear": "2003",
    "period": "Q2",
    "revenue": 408302000,
    "costOfRevenue": 354784000,
    "grossProfit": 53518000,
    "grossProfitRatio": 0.1310745478,
    "researchAndDevelopmentExpenses": 0,
    "generalAndAdministrativeExpenses": 58107000,
    "sellingAndMarketingExpenses": 0,
    "sellingGeneralAndAdministrativeExpenses": 58107000,
    "otherExpenses": 0,
    "operatingExpenses": 58107000,
    "costAndExpenses": 412891000,
    "interestIncome": 0,
    "interestExpense": 0,
    "depreciationAndAmortization": 16391000,
    "ebitda": 11596000,
    "ebitdaratio": 0.0284005467,
    "operatingIncome": -4589000,
    "operatingIncomeRatio": -0.0112392298,
    "totalOtherIncomeExpensesNet": -8464000,
    "incomeBeforeTax": -13053000,
    "incomeBeforeTaxRatio": -0.0319689837,
    "incomeTaxExpense": -3218000,
    "netIncome": -9835000,
    "netIncomeRatio": -0.0240875626,
    "eps": -0.0849,
    "epsdiluted": -0.0849,
    "weightedAverageShsOut": 115799000,
    "weightedAverageShsOutDil": 115799000,
    "link": "https://www.sec.gov/Archives/edgar/data/1050915/000095012903004232/0000950129-03-004232-index.htm",
    "finalLink": "https://www.sec.gov/Archives/edgar/data/1050915/000095012903004232/h08130e10vq.txt"
  },
  {
    "date": "2003-03-31",
    "symbol": "PWR",
    "reportedCurrency": "USD",
    "cik": "0001050915",
    "fillingDate": "2003-05-15",
    "acceptedDate": "2003-05-15 13:57:42",
    "calendarYear": "2003",
    "period": "Q1",
    "revenue": 367129000,
    "costOfRevenue": 329372000,
    "grossProfit": 37757000,
    "grossProfitRatio": 0.1028439595,
    "researchAndDevelopmentExpenses": 0,
    "generalAndAdministrativeExpenses": 38970000,
    "sellingAndMarketingExpenses": 0,
    "sellingGeneralAndAdministrativeExpenses": 38970000,
    "otherExpenses": 0,
    "operatingExpenses": 38970000,
    "costAndExpenses": 368342000,
    "interestIncome": 0,
    "interestExpense": 0,
    "depreciationAndAmortization": 14901000,
    "ebitda": 13894000,
    "ebitdaratio": 0.0378450082,
    "operatingIncome": -1213000,
    "operatingIncomeRatio": -0.0033040158,
    "totalOtherIncomeExpensesNet": -7748000,
    "incomeBeforeTax": -8961000,
    "incomeBeforeTaxRatio": -0.0244083142,
    "incomeTaxExpense": -4118000,
    "netIncome": -4843000,
    "netIncomeRatio": -0.0131915485,
    "eps": -0.0465,
    "epsdiluted": -0.0465,
    "weightedAverageShsOut": 104073000,
    "weightedAverageShsOutDil": 104073000,
    "link": "https://www.sec.gov/Archives/edgar/data/1050915/000095012903002790/0000950129-03-002790-index.htm",
    "finalLink": "https://www.sec.gov/Archives/edgar/data/1050915/000095012903002790/h05597e10vq.htm"
  },
  {
    "date": "2002-12-31",
    "symbol": "PWR",
    "reportedCurrency": "USD",
    "cik": "0001050915",
    "fillingDate": "2003-03-31",
    "acceptedDate": "2003-03-31 13:19:48",
    "calendarYear": "2002",
    "period": "Q4",
    "revenue": 432756000,
    "costOfRevenue": 374098000,
    "grossProfit": 58658000,
    "grossProfitRatio": 0.1355452033,
    "researchAndDevelopmentExpenses": 0,
    "generalAndAdministrativeExpenses": 46769000,
    "sellingAndMarketingExpenses": 0,
    "sellingGeneralAndAdministrativeExpenses": 46769000,
    "otherExpenses": 0,
    "operatingExpenses": 46769000,
    "costAndExpenses": 420867000,
    "interestIncome": 0,
    "interestExpense": 0,
    "depreciationAndAmortization": 15283000,
    "ebitda": 27172000,
    "ebitdaratio": 0.0627882687,
    "operatingIncome": 11889000,
    "operatingIncomeRatio": 0.027472756,
    "totalOtherIncomeExpensesNet": -12560000,
    "incomeBeforeTax": -671000,
    "incomeBeforeTaxRatio": -0.0015505273,
    "incomeTaxExpense": -1784000,
    "netIncome": 1113000,
    "netIncomeRatio": 0.0025718881,
    "eps": 0.0099,
    "epsdiluted": 0.0099,
    "weightedAverageShsOut": 112535000,
    "weightedAverageShsOutDil": 112535000,
    "link": "https://www.sec.gov/Archives/edgar/data/1050915/000095012903001726/0000950129-03-001726-index.htm",
    "finalLink": "https://www.sec.gov/Archives/edgar/data/1050915/000095012903001726/h02158e10vk.htm"
  },
  {
    "date": "2002-09-30",
    "symbol": "PWR",
    "reportedCurrency": "USD",
    "cik": "0001050915",
    "fillingDate": "2002-11-14",
    "acceptedDate": "2002-11-14 18:22:28",
    "calendarYear": "2002",
    "period": "Q3",
    "revenue": 436215000,
    "costOfRevenue": 381947000,
    "grossProfit": 54268000,
    "grossProfitRatio": 0.1244065426,
    "researchAndDevelopmentExpenses": 0,
    "generalAndAdministrativeExpenses": 68747000,
    "sellingAndMarketingExpenses": 0,
    "sellingGeneralAndAdministrativeExpenses": 68747000,
    "otherExpenses": 0,
    "operatingExpenses": 68747000,
    "costAndExpenses": 450694000,
    "interestIncome": 0,
    "interestExpense": 0,
    "depreciationAndAmortization": 15276000,
    "ebitda": 797000,
    "ebitdaratio": 0.0018270807,
    "operatingIncome": -14479000,
    "operatingIncomeRatio": -0.0331923478,
    "totalOtherIncomeExpensesNet": -11481000,
    "incomeBeforeTax": -25960000,
    "incomeBeforeTaxRatio": -0.0595119379,
    "incomeTaxExpense": -17644000,
    "netIncome": -8316000,
    "netIncomeRatio": -0.0190639937,
    "eps": -0.11,
    "epsdiluted": -0.11,
    "weightedAverageShsOut": 78033000,
    "weightedAverageShsOutDil": 78033000,
    "link": "https://www.sec.gov/Archives/edgar/data/1050915/000095012902005708/0000950129-02-005708-index.htm",
    "finalLink": "https://www.sec.gov/Archives/edgar/data/1050915/000095012902005708/h01103e10vq.txt"
  },
  {
    "date": "2002-06-30",
    "symbol": "PWR",
    "reportedCurrency": "USD",
    "cik": "0001050915",
    "fillingDate": "2002-08-14",
    "acceptedDate": "2002-08-14 16:32:07",
    "calendarYear": "2002",
    "period": "Q2",
    "revenue": 432522000,
    "costOfRevenue": 384362000,
    "grossProfit": 48160000,
    "grossProfitRatio": 0.1113469373,
    "researchAndDevelopmentExpenses": 0,
    "generalAndAdministrativeExpenses": 59489000,
    "sellingAndMarketingExpenses": 0,
    "sellingGeneralAndAdministrativeExpenses": 59489000,
    "otherExpenses": 166580000,
    "operatingExpenses": 226069000,
    "costAndExpenses": 610431000,
    "interestIncome": 0,
    "interestExpense": 8035000,
    "depreciationAndAmortization": 15442000,
    "ebitda": -162467000,
    "ebitdaratio": -0.3756271357,
    "operatingIncome": -177909000,
    "operatingIncomeRatio": -0.4113293659,
    "totalOtherIncomeExpensesNet": -6852000,
    "incomeBeforeTax": -184761000,
    "incomeBeforeTaxRatio": -0.4271713346,
    "incomeTaxExpense": -7564000,
    "netIncome": -177197000,
    "netIncomeRatio": -0.4096832069,
    "eps": -2.26,
    "epsdiluted": -2.26,
    "weightedAverageShsOut": 78272000,
    "weightedAverageShsOutDil": 78272000,
    "link": "https://www.sec.gov/Archives/edgar/data/1050915/000095012902004214/0000950129-02-004214-index.htm",
    "finalLink": "https://www.sec.gov/Archives/edgar/data/1050915/000095012902004214/h98967e10vq.txt"
  },
  {
    "date": "2002-03-31",
    "symbol": "PWR",
    "reportedCurrency": "USD",
    "cik": "0001050915",
    "fillingDate": "2002-05-15",
    "acceptedDate": "2002-05-15 14:19:24",
    "calendarYear": "2002",
    "period": "Q1",
    "revenue": 449220000,
    "costOfRevenue": 373533000,
    "grossProfit": 75687000,
    "grossProfitRatio": 0.1684853746,
    "researchAndDevelopmentExpenses": 0,
    "generalAndAdministrativeExpenses": 50720000,
    "sellingAndMarketingExpenses": 0,
    "sellingGeneralAndAdministrativeExpenses": 50720000,
    "otherExpenses": 0,
    "operatingExpenses": 50720000,
    "costAndExpenses": 424253000,
    "interestIncome": 0,
    "interestExpense": 0,
    "depreciationAndAmortization": 14575000,
    "ebitda": 39542000,
    "ebitdaratio": 0.0880236855,
    "operatingIncome": 24967000,
    "operatingIncomeRatio": 0.0555785584,
    "totalOtherIncomeExpensesNet": -7419000,
    "incomeBeforeTax": 17548000,
    "incomeBeforeTaxRatio": 0.0390632652,
    "incomeTaxExpense": 7282000,
    "netIncome": 10034000,
    "netIncomeRatio": 0.0223364944,
    "eps": 0.13,
    "epsdiluted": 0.13,
    "weightedAverageShsOut": 78264000,
    "weightedAverageShsOutDil": 78739000,
    "link": "https://www.sec.gov/Archives/edgar/data/1050915/000095012902002564/0000950129-02-002564-index.htm",
    "finalLink": "https://www.sec.gov/Archives/edgar/data/1050915/000095012902002564/h96740e10-q.txt"
  },
  {
    "date": "2001-12-31",
    "symbol": "PWR",
    "reportedCurrency": "USD",
    "cik": "0001050915",
    "fillingDate": "2002-04-01",
    "acceptedDate": "2002-04-01 00:00:00",
    "calendarYear": "2001",
    "period": "Q4",
    "revenue": 488045000,
    "costOfRevenue": 404136000,
    "grossProfit": 83909000,
    "grossProfitRatio": 0.171928818,
    "researchAndDevelopmentExpenses": 0,
    "generalAndAdministrativeExpenses": 46766000,
    "sellingAndMarketingExpenses": 0,
    "sellingGeneralAndAdministrativeExpenses": 46766000,
    "otherExpenses": 6572000,
    "operatingExpenses": 53338000,
    "costAndExpenses": 457474000,
    "interestIncome": 0,
    "interestExpense": 0,
    "depreciationAndAmortization": 20819000,
    "ebitda": 51390000,
    "ebitdaratio": 0.1052976672,
    "operatingIncome": 30571000,
    "operatingIncomeRatio": 0.0626397156,
    "totalOtherIncomeExpensesNet": -8385000,
    "incomeBeforeTax": 22186000,
    "incomeBeforeTaxRatio": 0.0454589228,
    "incomeTaxExpense": 8729000,
    "netIncome": 13225000,
    "netIncomeRatio": 0.0270979111,
    "eps": 0.17,
    "epsdiluted": 0.17,
    "weightedAverageShsOut": 78201000,
    "weightedAverageShsOutDil": 78264000,
    "link": "https://www.sec.gov/Archives/edgar/data/1050915/000095012902001681/0000950129-02-001681-index.htm",
    "finalLink": "https://www.sec.gov/Archives/edgar/data/1050915/000095012902001681/h94363e10-k.txt"
  },
  {
    "date": "2001-09-30",
    "symbol": "PWR",
    "reportedCurrency": "USD",
    "cik": "0001050915",
    "fillingDate": "2001-11-14",
    "acceptedDate": "2001-11-14 00:00:00",
    "calendarYear": "2001",
    "period": "Q3",
    "revenue": 504472000,
    "costOfRevenue": 394249000,
    "grossProfit": 110223000,
    "grossProfitRatio": 0.2184918093,
    "researchAndDevelopmentExpenses": 0,
    "generalAndAdministrativeExpenses": 45281000,
    "sellingAndMarketingExpenses": 0,
    "sellingGeneralAndAdministrativeExpenses": 45281000,
    "otherExpenses": 6569000,
    "operatingExpenses": 51850000,
    "costAndExpenses": 446099000,
    "interestIncome": 0,
    "interestExpense": 0,
    "depreciationAndAmortization": 20397000,
    "ebitda": 78770000,
    "ebitdaratio": 0.156143453,
    "operatingIncome": 58373000,
    "operatingIncomeRatio": 0.1157110801,
    "totalOtherIncomeExpensesNet": -8989000,
    "incomeBeforeTax": 49384000,
    "incomeBeforeTaxRatio": 0.0978924499,
    "incomeTaxExpense": 23061000,
    "netIncome": 26089000,
    "netIncomeRatio": 0.051715457,
    "eps": 0.34,
    "epsdiluted": 0.34,
    "weightedAverageShsOut": 77552000,
    "weightedAverageShsOutDil": 78206000,
    "link": "https://www.sec.gov/Archives/edgar/data/1050915/000095012901504086/0000950129-01-504086-index.htm",
    "finalLink": "https://www.sec.gov/Archives/edgar/data/1050915/000095012901504086/h90950e10-q.txt"
  },
  {
    "date": "2001-06-30",
    "symbol": "PWR",
    "reportedCurrency": "USD",
    "cik": "0001050915",
    "fillingDate": "2001-08-14",
    "acceptedDate": "2001-08-14 00:00:00",
    "calendarYear": "2001",
    "period": "Q2",
    "revenue": 503342000,
    "costOfRevenue": 392588000,
    "grossProfit": 110754000,
    "grossProfitRatio": 0.2200372709,
    "researchAndDevelopmentExpenses": 0,
    "generalAndAdministrativeExpenses": 60495000,
    "sellingAndMarketingExpenses": 0,
    "sellingGeneralAndAdministrativeExpenses": 60495000,
    "otherExpenses": 6553000,
    "operatingExpenses": 67048000,
    "costAndExpenses": 459636000,
    "interestIncome": 0,
    "interestExpense": 0,
    "depreciationAndAmortization": 19496000,
    "ebitda": 63202000,
    "ebitdaratio": 0.1255647254,
    "operatingIncome": 43706000,
    "operatingIncomeRatio": 0.0868316175,
    "totalOtherIncomeExpensesNet": -9719000,
    "incomeBeforeTax": 33987000,
    "incomeBeforeTaxRatio": 0.0675226784,
    "incomeTaxExpense": 17304000,
    "netIncome": 16451000,
    "netIncomeRatio": 0.0326835432,
    "eps": 0.21,
    "epsdiluted": 0.21,
    "weightedAverageShsOut": 77073000,
    "weightedAverageShsOutDil": 78649000,
    "link": "https://www.sec.gov/Archives/edgar/data/1050915/000095012901502576/0000950129-01-502576-index.htm",
    "finalLink": "https://www.sec.gov/Archives/edgar/data/1050915/000095012901502576/h89736e10-q.txt"
  },
  {
    "date": "2001-03-31",
    "symbol": "PWR",
    "reportedCurrency": "USD",
    "cik": "0001050915",
    "fillingDate": "2001-05-15",
    "acceptedDate": "2001-05-15 00:00:00",
    "calendarYear": "2001",
    "period": "Q1",
    "revenue": 519018000,
    "costOfRevenue": 410066000,
    "grossProfit": 108952000,
    "grossProfitRatio": 0.2099195018,
    "researchAndDevelopmentExpenses": 0,
    "generalAndAdministrativeExpenses": 42033000,
    "sellingAndMarketingExpenses": 0,
    "sellingGeneralAndAdministrativeExpenses": 42033000,
    "otherExpenses": 6304000,
    "operatingExpenses": 48337000,
    "costAndExpenses": 458403000,
    "interestIncome": 0,
    "interestExpense": 0,
    "depreciationAndAmortization": 18662000,
    "ebitda": 79277000,
    "ebitdaratio": 0.1527442208,
    "operatingIncome": 60615000,
    "operatingIncomeRatio": 0.1167878571,
    "totalOtherIncomeExpensesNet": -9206000,
    "incomeBeforeTax": 51409000,
    "incomeBeforeTaxRatio": 0.0990505146,
    "incomeTaxExpense": 22106000,
    "netIncome": 29071000,
    "netIncomeRatio": 0.0560115449,
    "eps": 0.38,
    "epsdiluted": 0.38,
    "weightedAverageShsOut": 76128000,
    "weightedAverageShsOutDil": 80802000,
    "link": "https://www.sec.gov/Archives/edgar/data/1050915/000095012901500776/0000950129-01-500776-index.htm",
    "finalLink": "https://www.sec.gov/Archives/edgar/data/1050915/000095012901500776/h87256e10-q.txt"
  },
  {
    "date": "2000-12-31",
    "symbol": "PWR",
    "reportedCurrency": "USD",
    "cik": "0001050915",
    "fillingDate": "2001-04-02",
    "acceptedDate": "2001-04-02 00:00:00",
    "calendarYear": "2000",
    "period": "Q4",
    "revenue": 548193000,
    "costOfRevenue": 413520000,
    "grossProfit": 134673000,
    "grossProfitRatio": 0.2456671282,
    "researchAndDevelopmentExpenses": 0,
    "generalAndAdministrativeExpenses": 44058000,
    "sellingAndMarketingExpenses": 0,
    "sellingGeneralAndAdministrativeExpenses": 44058000,
    "otherExpenses": 16917000,
    "operatingExpenses": 60975000,
    "costAndExpenses": 474495000,
    "interestIncome": 0,
    "interestExpense": 7837000,
    "depreciationAndAmortization": 16917000,
    "ebitda": 90615000,
    "ebitdaratio": 0.1652976233,
    "operatingIncome": 73698000,
    "operatingIncomeRatio": 0.1344380538,
    "totalOtherIncomeExpensesNet": -36009000,
    "incomeBeforeTax": 37689000,
    "incomeBeforeTaxRatio": 0.0687513339,
    "incomeTaxExpense": 23297000,
    "netIncome": 14160000,
    "netIncomeRatio": 0.0258303189,
    "eps": 0.19,
    "epsdiluted": 0.19,
    "weightedAverageShsOut": 76128000,
    "weightedAverageShsOutDil": 76128000,
    "link": "https://www.sec.gov/Archives/edgar/data/1050915/000095012901001845/0000950129-01-001845-index.htm",
    "finalLink": "https://www.sec.gov/Archives/edgar/data/1050915/000095012901001845/h85578e10-k.txt"
  },
  {
    "date": "2000-09-30",
    "symbol": "PWR",
    "reportedCurrency": "USD",
    "cik": "0001050915",
    "fillingDate": "2000-11-14",
    "acceptedDate": "2000-11-14 00:00:00",
    "calendarYear": "2000",
    "period": "Q3",
    "revenue": 487845000,
    "costOfRevenue": 358827000,
    "grossProfit": 129018000,
    "grossProfitRatio": 0.2644651477,
    "researchAndDevelopmentExpenses": 0,
    "generalAndAdministrativeExpenses": 36040000,
    "sellingAndMarketingExpenses": 0,
    "sellingGeneralAndAdministrativeExpenses": 36040000,
    "otherExpenses": 14972000,
    "operatingExpenses": 51012000,
    "costAndExpenses": 409839000,
    "interestIncome": 0,
    "interestExpense": 0,
    "depreciationAndAmortization": 14972000,
    "ebitda": 92978000,
    "ebitdaratio": 0.190589224,
    "operatingIncome": 78006000,
    "operatingIncomeRatio": 0.1598991483,
    "totalOtherIncomeExpensesNet": -6112000,
    "incomeBeforeTax": 71894000,
    "incomeBeforeTaxRatio": 0.1473705788,
    "incomeTaxExpense": 31202000,
    "netIncome": 40458000,
    "netIncomeRatio": 0.0829320788,
    "eps": 0.64,
    "epsdiluted": 0.53,
    "weightedAverageShsOut": 63351000,
    "weightedAverageShsOutDil": 78696000,
    "link": "https://www.sec.gov/Archives/edgar/data/1050915/000095012900005517/0000950129-00-005517-index.htm",
    "finalLink": "https://www.sec.gov/Archives/edgar/data/1050915/000095012900005517/h81658e10-q.txt"
  },
  {
    "date": "2000-06-30",
    "symbol": "PWR",
    "reportedCurrency": "USD",
    "cik": "0001050915",
    "fillingDate": "2000-08-14",
    "acceptedDate": "2000-08-14 00:00:00",
    "calendarYear": "2000",
    "period": "Q2",
    "revenue": 423526000,
    "costOfRevenue": 316503000,
    "grossProfit": 107023000,
    "grossProfitRatio": 0.25269523,
    "researchAndDevelopmentExpenses": 0,
    "generalAndAdministrativeExpenses": 33515000,
    "sellingAndMarketingExpenses": 0,
    "sellingGeneralAndAdministrativeExpenses": 33515000,
    "otherExpenses": 12998000,
    "operatingExpenses": 46513000,
    "costAndExpenses": 363016000,
    "interestIncome": 0,
    "interestExpense": 0,
    "depreciationAndAmortization": 12998000,
    "ebitda": 73508000,
    "ebitdaratio": 0.1735619537,
    "operatingIncome": 60510000,
    "operatingIncomeRatio": 0.1428719842,
    "totalOtherIncomeExpensesNet": -5572000,
    "incomeBeforeTax": 54938000,
    "incomeBeforeTaxRatio": 0.1297157672,
    "incomeTaxExpense": 23843000,
    "netIncome": 30863000,
    "netIncomeRatio": 0.0728715592,
    "eps": 0.52,
    "epsdiluted": 0.42,
    "weightedAverageShsOut": 58860000,
    "weightedAverageShsOutDil": 75496000,
    "link": "https://www.sec.gov/Archives/edgar/data/1050915/000095012900004166/0000950129-00-004166-index.htm",
    "finalLink": "https://www.sec.gov/Archives/edgar/data/1050915/000095012900004166/e10-q.txt"
  },
  {
    "date": "2000-03-31",
    "symbol": "PWR",
    "reportedCurrency": "USD",
    "cik": "0001050915",
    "fillingDate": "2000-05-15",
    "acceptedDate": "2000-05-15 00:00:00",
    "calendarYear": "2000",
    "period": "Q1",
    "revenue": 333737000,
    "costOfRevenue": 252865000,
    "grossProfit": 80872000,
    "grossProfitRatio": 0.2423225474,
    "researchAndDevelopmentExpenses": 0,
    "generalAndAdministrativeExpenses": 29951000,
    "sellingAndMarketingExpenses": 0,
    "sellingGeneralAndAdministrativeExpenses": 29951000,
    "otherExpenses": 12407000,
    "operatingExpenses": 42358000,
    "costAndExpenses": 295223000,
    "interestIncome": 0,
    "interestExpense": 0,
    "depreciationAndAmortization": 12407000,
    "ebitda": 50921000,
    "ebitdaratio": 0.1525782278,
    "operatingIncome": 38514000,
    "operatingIncomeRatio": 0.1154022479,
    "totalOtherIncomeExpensesNet": -3984000,
    "incomeBeforeTax": 34530000,
    "incomeBeforeTaxRatio": 0.1034647042,
    "incomeTaxExpense": 14986000,
    "netIncome": 19312000,
    "netIncomeRatio": 0.0578659244,
    "eps": 0.23,
    "epsdiluted": 0.19,
    "weightedAverageShsOut": 84081000,
    "weightedAverageShsOutDil": 108852000,
    "link": "https://www.sec.gov/Archives/edgar/data/1050915/000095012900002434/0000950129-00-002434-index.html",
    "finalLink": "https://www.sec.gov/Archives/edgar/data/1050915/000095012900002434/"
  },
  {
    "date": "1999-12-31",
    "symbol": "PWR",
    "reportedCurrency": "USD",
    "cik": "0001050915",
    "fillingDate": "2000-03-30",
    "acceptedDate": "2000-03-30 00:00:00",
    "calendarYear": "1999",
    "period": "Q4",
    "revenue": 332400000,
    "costOfRevenue": 242700000,
    "grossProfit": 89700000,
    "grossProfitRatio": 0.2698555957,
    "researchAndDevelopmentExpenses": 0,
    "generalAndAdministrativeExpenses": 26600000,
    "sellingAndMarketingExpenses": 0,
    "sellingGeneralAndAdministrativeExpenses": 26600000,
    "otherExpenses": 11900000,
    "operatingExpenses": 38500000,
    "costAndExpenses": 281200000,
    "interestIncome": 0,
    "interestExpense": 0,
    "depreciationAndAmortization": 11900000,
    "ebitda": 63100000,
    "ebitdaratio": 0.1898315283,
    "operatingIncome": 51200000,
    "operatingIncomeRatio": 0.1540312876,
    "totalOtherIncomeExpensesNet": -4100000,
    "incomeBeforeTax": 47100000,
    "incomeBeforeTaxRatio": 0.1416967509,
    "incomeTaxExpense": 20600000,
    "netIncome": 26500000,
    "netIncomeRatio": 0.079723225,
    "eps": 0.32,
    "epsdiluted": 0.32,
    "weightedAverageShsOut": 80930852,
    "weightedAverageShsOutDil": 84081000,
    "link": "https://www.sec.gov/Archives/edgar/data/1050915/000095012900001546/0000950129-00-001546-index.html",
    "finalLink": "https://www.sec.gov/Archives/edgar/data/1050915/000095012900001546/"
  },
  {
    "date": "1999-09-30",
    "symbol": "PWR",
    "reportedCurrency": "USD",
    "cik": "0001050915",
    "fillingDate": "1999-11-15",
    "acceptedDate": "1999-11-15 00:00:00",
    "calendarYear": "1999",
    "period": "Q3",
    "revenue": 271800000,
    "costOfRevenue": 198400000,
    "grossProfit": 73400000,
    "grossProfitRatio": 0.2700515085,
    "researchAndDevelopmentExpenses": 0,
    "generalAndAdministrativeExpenses": 23600000,
    "sellingAndMarketingExpenses": 0,
    "sellingGeneralAndAdministrativeExpenses": 23600000,
    "otherExpenses": 10500000,
    "operatingExpenses": 34100000,
    "costAndExpenses": 232500000,
    "interestIncome": 0,
    "interestExpense": 0,
    "depreciationAndAmortization": 10500000,
    "ebitda": 49800000,
    "ebitdaratio": 0.1832229581,
    "operatingIncome": 39300000,
    "operatingIncomeRatio": 0.1445916115,
    "totalOtherIncomeExpensesNet": -4900000,
    "incomeBeforeTax": 34400000,
    "incomeBeforeTaxRatio": 0.1265636497,
    "incomeTaxExpense": 15300000,
    "netIncome": 19100000,
    "netIncomeRatio": 0.070272259,
    "eps": 0.26,
    "epsdiluted": 0.23,
    "weightedAverageShsOut": 53190000,
    "weightedAverageShsOutDil": 53190000,
    "link": "https://www.sec.gov/Archives/edgar/data/1050915/000095012999005044/0000950129-99-005044-index.html",
    "finalLink": "https://www.sec.gov/Archives/edgar/data/1050915/000095012999005044/"
  },
  {
    "date": "1999-06-30",
    "symbol": "PWR",
    "reportedCurrency": "USD",
    "cik": "0001050915",
    "fillingDate": "1999-08-16",
    "acceptedDate": "1999-08-16 00:00:00",
    "calendarYear": "1999",
    "period": "Q2",
    "revenue": 193800000,
    "costOfRevenue": 145100000,
    "grossProfit": 48700000,
    "grossProfitRatio": 0.2512899897,
    "researchAndDevelopmentExpenses": 0,
    "generalAndAdministrativeExpenses": 17900000,
    "sellingAndMarketingExpenses": 0,
    "sellingGeneralAndAdministrativeExpenses": 17900000,
    "otherExpenses": 7400000,
    "operatingExpenses": 25300000,
    "costAndExpenses": 170400000,
    "interestIncome": 0,
    "interestExpense": 0,
    "depreciationAndAmortization": 7400000,
    "ebitda": 30800000,
    "ebitdaratio": 0.1589267286,
    "operatingIncome": 23400000,
    "operatingIncomeRatio": 0.1207430341,
    "totalOtherIncomeExpensesNet": -9500000,
    "incomeBeforeTax": 13900000,
    "incomeBeforeTaxRatio": 0.0717234262,
    "incomeTaxExpense": 9100000,
    "netIncome": 4800000,
    "netIncomeRatio": 0.0247678019,
    "eps": 0.0733,
    "epsdiluted": 0.0733,
    "weightedAverageShsOut": 41511000,
    "weightedAverageShsOutDil": 41511000,
    "link": "https://www.sec.gov/Archives/edgar/data/1050915/000089924399001797/0000899243-99-001797-index.html",
    "finalLink": "https://www.sec.gov/Archives/edgar/data/1050915/000089924399001797/"
  },
  {
    "date": "1999-03-31",
    "symbol": "PWR",
    "reportedCurrency": "USD",
    "cik": "0001050915",
    "fillingDate": "1999-05-17",
    "acceptedDate": "1999-05-17 00:00:00",
    "calendarYear": "1999",
    "period": "Q1",
    "revenue": 127800000,
    "costOfRevenue": 101000000,
    "grossProfit": 26800000,
    "grossProfitRatio": 0.2097026604,
    "researchAndDevelopmentExpenses": 0,
    "generalAndAdministrativeExpenses": 12000000,
    "sellingAndMarketingExpenses": 0,
    "sellingGeneralAndAdministrativeExpenses": 12000000,
    "otherExpenses": 5400000,
    "operatingExpenses": 17400000,
    "costAndExpenses": 118400000,
    "interestIncome": 0,
    "interestExpense": 0,
    "depreciationAndAmortization": 5400000,
    "ebitda": 14779000,
    "ebitdaratio": 0.1156416275,
    "operatingIncome": 9400000,
    "operatingIncomeRatio": 0.0735524257,
    "totalOtherIncomeExpensesNet": -1979000,
    "incomeBeforeTax": 7400000,
    "incomeBeforeTaxRatio": 0.0579029734,
    "incomeTaxExpense": 4000000,
    "netIncome": 3400000,
    "netIncomeRatio": 0.0266040689,
    "eps": 0.06,
    "epsdiluted": 0.06,
    "weightedAverageShsOut": 38496000,
    "weightedAverageShsOutDil": 38496000,
    "link": "https://www.sec.gov/Archives/edgar/data/1050915/000089924399001111/0000899243-99-001111-index.html",
    "finalLink": "https://www.sec.gov/Archives/edgar/data/1050915/"
  },
  {
    "date": "1998-12-31",
    "symbol": "PWR",
    "reportedCurrency": "USD",
    "cik": "0001050915",
    "fillingDate": "1999-03-31",
    "acceptedDate": "1999-03-31 00:00:00",
    "calendarYear": "1998",
    "period": "Q4",
    "revenue": 114800000,
    "costOfRevenue": 89000000,
    "grossProfit": 25800000,
    "grossProfitRatio": 0.224738676,
    "researchAndDevelopmentExpenses": 0,
    "generalAndAdministrativeExpenses": 9900000,
    "sellingAndMarketingExpenses": 0,
    "sellingGeneralAndAdministrativeExpenses": 9900000,
    "otherExpenses": 4000000,
    "operatingExpenses": 13900000,
    "costAndExpenses": 102900000,
    "interestIncome": 0,
    "interestExpense": 0,
    "depreciationAndAmortization": 4000000,
    "ebitda": 15900000,
    "ebitdaratio": 0.1385017422,
    "operatingIncome": 11900000,
    "operatingIncomeRatio": 0.1036585366,
    "totalOtherIncomeExpensesNet": -1800000,
    "incomeBeforeTax": 10100000,
    "incomeBeforeTaxRatio": 0.0879790941,
    "incomeTaxExpense": 4300000,
    "netIncome": 5800000,
    "netIncomeRatio": 0.0505226481,
    "eps": 0.15,
    "epsdiluted": 0.15,
    "weightedAverageShsOut": 38496000,
    "weightedAverageShsOutDil": 38496000,
    "link": "https://www.sec.gov/Archives/edgar/data/1050915/000095012999001324/0000950129-99-001324-index.html",
    "finalLink": "https://www.sec.gov/Archives/edgar/data/1050915/"
  },
  {
    "date": "1998-09-30",
    "symbol": "PWR",
    "reportedCurrency": "USD",
    "cik": "0001050915",
    "fillingDate": "1998-11-16",
    "acceptedDate": "1998-11-16 00:00:00",
    "calendarYear": "1998",
    "period": "Q3",
    "revenue": 100600000,
    "costOfRevenue": 78100000,
    "grossProfit": 22500000,
    "grossProfitRatio": 0.2236580517,
    "researchAndDevelopmentExpenses": 0,
    "generalAndAdministrativeExpenses": 7700000,
    "sellingAndMarketingExpenses": 0,
    "sellingGeneralAndAdministrativeExpenses": 7700000,
    "otherExpenses": 3300000,
    "operatingExpenses": 11000000,
    "costAndExpenses": 89100000,
    "interestIncome": 0,
    "interestExpense": 1400000,
    "depreciationAndAmortization": 3200000,
    "ebitda": 15400000,
    "ebitdaratio": 0.1530815109,
    "operatingIncome": 11500000,
    "operatingIncomeRatio": 0.1143141153,
    "totalOtherIncomeExpensesNet": -600000,
    "incomeBeforeTax": 10500000,
    "incomeBeforeTaxRatio": 0.1043737575,
    "incomeTaxExpense": 4500000,
    "netIncome": 6400000,
    "netIncomeRatio": 0.0636182903,
    "eps": 0.16,
    "epsdiluted": 0.16,
    "weightedAverageShsOut": 40848000,
    "weightedAverageShsOutDil": 40848000,
    "link": "https://www.sec.gov/Archives/edgar/data/1050915/000089924398002156/0000899243-98-002156-index.html",
    "finalLink": "https://www.sec.gov/Archives/edgar/data/1050915/"
  },
  {
    "date": "1998-06-30",
    "symbol": "PWR",
    "reportedCurrency": "USD",
    "cik": "0001050915",
    "fillingDate": "1998-08-14",
    "acceptedDate": "1998-08-14 00:00:00",
    "calendarYear": "1998",
    "period": "Q2",
    "revenue": 63700000,
    "costOfRevenue": 49400000,
    "grossProfit": 14300000,
    "grossProfitRatio": 0.2244897959,
    "researchAndDevelopmentExpenses": 0,
    "generalAndAdministrativeExpenses": 5500000,
    "sellingAndMarketingExpenses": 0,
    "sellingGeneralAndAdministrativeExpenses": 5500000,
    "otherExpenses": 2400000,
    "operatingExpenses": 7900000,
    "costAndExpenses": 57300000,
    "interestIncome": 0,
    "interestExpense": 0,
    "depreciationAndAmortization": 2400000,
    "ebitda": 8900000,
    "ebitdaratio": 0.1397174254,
    "operatingIncome": 6400000,
    "operatingIncomeRatio": 0.1004709576,
    "totalOtherIncomeExpensesNet": -900000,
    "incomeBeforeTax": 5500000,
    "incomeBeforeTaxRatio": 0.0863422292,
    "incomeTaxExpense": 2500000,
    "netIncome": 3100000,
    "netIncomeRatio": 0.0486656201,
    "eps": 0.0759,
    "epsdiluted": 0.0759,
    "weightedAverageShsOut": 40848000,
    "weightedAverageShsOutDil": 40848000,
    "link": "https://www.sec.gov/Archives/edgar/data/1050915/000089924398001618/0000899243-98-001618-index.html",
    "finalLink": "https://www.sec.gov/Archives/edgar/data/1050915/"
  },
  {
    "date": "1998-03-31",
    "symbol": "PWR",
    "reportedCurrency": "USD",
    "cik": "0001050915",
    "fillingDate": "1998-05-15",
    "acceptedDate": "1998-05-15 00:00:00",
    "calendarYear": "1998",
    "period": "Q1",
    "revenue": 24100000,
    "costOfRevenue": 20000000,
    "grossProfit": 4100000,
    "grossProfitRatio": 0.1701244813,
    "researchAndDevelopmentExpenses": 0,
    "generalAndAdministrativeExpenses": 2200000,
    "sellingAndMarketingExpenses": 0,
    "sellingGeneralAndAdministrativeExpenses": 2200000,
    "otherExpenses": 1000000,
    "operatingExpenses": 3200000,
    "costAndExpenses": 23200000,
    "interestIncome": 0,
    "interestExpense": 0,
    "depreciationAndAmortization": 1000000,
    "ebitda": 2700000,
    "ebitdaratio": 0.112033195,
    "operatingIncome": 900000,
    "operatingIncomeRatio": 0.0373443983,
    "totalOtherIncomeExpensesNet": 300000,
    "incomeBeforeTax": 800000,
    "incomeBeforeTaxRatio": 0.0331950207,
    "incomeTaxExpense": 400000,
    "netIncome": 400000,
    "netIncomeRatio": 0.0165975104,
    "eps": 0.0098,
    "epsdiluted": 0.0098,
    "weightedAverageShsOut": 40848000,
    "weightedAverageShsOutDil": 40848000,
    "link": "https://www.sec.gov/Archives/edgar/data/1050915/000089924398000989/0000899243-98-000989-index.html",
    "finalLink": "https://www.sec.gov/Archives/edgar/data/1050915/"
  },
  {
    "date": "1997-12-31",
    "symbol": "PWR",
    "reportedCurrency": "USD",
    "cik": "0001050915",
    "fillingDate": "1998-03-31",
    "acceptedDate": "1998-03-31 00:00:00",
    "calendarYear": "1997",
    "period": "Q4",
    "revenue": -32500000,
    "costOfRevenue": 0,
    "grossProfit": -32500000,
    "grossProfitRatio": 1,
    "researchAndDevelopmentExpenses": 0,
    "generalAndAdministrativeExpenses": 0,
    "sellingAndMarketingExpenses": 0,
    "sellingGeneralAndAdministrativeExpenses": 0,
    "otherExpenses": -70600000,
    "operatingExpenses": -70600000,
    "costAndExpenses": -70600000,
    "interestIncome": 0,
    "interestExpense": 0,
    "depreciationAndAmortization": 1000000,
    "ebitda": -103100000,
    "ebitdaratio": 3.1723076923,
    "operatingIncome": -103100000,
    "operatingIncomeRatio": 3.1723076923,
    "totalOtherIncomeExpensesNet": 103100000,
    "incomeBeforeTax": 0,
    "incomeBeforeTaxRatio": 0,
    "incomeTaxExpense": -99400000,
    "netIncome": -4700000,
    "netIncomeRatio": 0.1446153846,
    "eps": -0.23,
    "epsdiluted": -0.23,
    "weightedAverageShsOut": 20000000,
    "weightedAverageShsOutDil": 20000000,
    "link": "https://www.sec.gov/Archives/edgar/data/1050915/000089924398000535/0000899243-98-000535-index.html",
    "finalLink": "https://www.sec.gov/Archives/edgar/data/1050915/"
  },
  {
    "date": "1997-09-30",
    "symbol": "PWR",
    "reportedCurrency": "USD",
    "cik": "0001050915",
    "fillingDate": "1997-09-30",
    "acceptedDate": "1997-09-29 20:00:00",
    "calendarYear": "1997",
    "period": "Q3",
    "revenue": 36300000,
    "costOfRevenue": 0,
    "grossProfit": 36300000,
    "grossProfitRatio": 1,
    "researchAndDevelopmentExpenses": 0,
    "generalAndAdministrativeExpenses": 0,
    "sellingAndMarketingExpenses": 0,
    "sellingGeneralAndAdministrativeExpenses": 0,
    "otherExpenses": 0,
    "operatingExpenses": 0,
    "costAndExpenses": 0,
    "interestIncome": 0,
    "interestExpense": 0,
    "depreciationAndAmortization": 0,
    "ebitda": 36300000,
    "ebitdaratio": 1,
    "operatingIncome": 36300000,
    "operatingIncomeRatio": 1,
    "totalOtherIncomeExpensesNet": -36300000,
    "incomeBeforeTax": 0,
    "incomeBeforeTaxRatio": 0,
    "incomeTaxExpense": -2400000,
    "netIncome": 2400000,
    "netIncomeRatio": 0.0661157025,
    "eps": 0.0667,
    "epsdiluted": 0.0667,
    "weightedAverageShsOut": 36000000,
    "weightedAverageShsOutDil": 36000000,
    "link": "",
    "finalLink": ""
  },
  {
    "date": "1997-06-30",
    "symbol": "PWR",
    "reportedCurrency": "USD",
    "cik": "0001050915",
    "fillingDate": "1997-06-30",
    "acceptedDate": "1997-06-29 20:00:00",
    "calendarYear": "1997",
    "period": "Q2",
    "revenue": 36200000,
    "costOfRevenue": 0,
    "grossProfit": 36200000,
    "grossProfitRatio": 1,
    "researchAndDevelopmentExpenses": 0,
    "generalAndAdministrativeExpenses": 0,
    "sellingAndMarketingExpenses": 0,
    "sellingGeneralAndAdministrativeExpenses": 0,
    "otherExpenses": 0,
    "operatingExpenses": 0,
    "costAndExpenses": 0,
    "interestIncome": 0,
    "interestExpense": 0,
    "depreciationAndAmortization": 0,
    "ebitda": 36200000,
    "ebitdaratio": 1,
    "operatingIncome": 36200000,
    "operatingIncomeRatio": 1,
    "totalOtherIncomeExpensesNet": -36200000,
    "incomeBeforeTax": 0,
    "incomeBeforeTaxRatio": 0,
    "incomeTaxExpense": -2400000,
    "netIncome": 2400000,
    "netIncomeRatio": 0.0662983425,
    "eps": 0.0667,
    "epsdiluted": 0.0667,
    "weightedAverageShsOut": 36000000,
    "weightedAverageShsOutDil": 36000000,
    "link": "",
    "finalLink": ""
  },
  {
    "date": "1997-03-31",
    "symbol": "PWR",
    "reportedCurrency": "USD",
    "cik": "0001050915",
    "fillingDate": "1997-03-31",
    "acceptedDate": "1997-03-30 19:00:00",
    "calendarYear": "1997",
    "period": "Q1",
    "revenue": 36200000,
    "costOfRevenue": 0,
    "grossProfit": 36200000,
    "grossProfitRatio": 1,
    "researchAndDevelopmentExpenses": 0,
    "generalAndAdministrativeExpenses": 0,
    "sellingAndMarketingExpenses": 0,
    "sellingGeneralAndAdministrativeExpenses": 0,
    "otherExpenses": 0,
    "operatingExpenses": 0,
    "costAndExpenses": 0,
    "interestIncome": 0,
    "interestExpense": 0,
    "depreciationAndAmortization": 0,
    "ebitda": 36200000,
    "ebitdaratio": 1,
    "operatingIncome": 36200000,
    "operatingIncomeRatio": 1,
    "totalOtherIncomeExpensesNet": -36200000,
    "incomeBeforeTax": 0,
    "incomeBeforeTaxRatio": 0,
    "incomeTaxExpense": -2400000,
    "netIncome": 2400000,
    "netIncomeRatio": 0.0662983425,
    "eps": 0.0667,
    "epsdiluted": 0.0667,
    "weightedAverageShsOut": 36000000,
    "weightedAverageShsOutDil": 36000000,
    "link": "",
    "finalLink": ""
  }
]