[
  {
    "date": "2024-12-31",
    "symbol": "PWR",
    "reportedCurrency": "USD",
    "cik": "0001050915",
    "fillingDate": "2025-02-20",
    "acceptedDate": "2025-02-20 10:10:36",
    "calendarYear": "2024",
    "period": "FY",
    "revenue": 23672795000,
    "costOfRevenue": 20544993000,
    "grossProfit": 3127802000,
    "grossProfitRatio": 0.1321264346,
    "researchAndDevelopmentExpenses": 0,
    "generalAndAdministrativeExpenses": 0,
    "sellingAndMarketingExpenses": 0,
    "sellingGeneralAndAdministrativeExpenses": 1790390000,
    "otherExpenses": 0,
    "operatingExpenses": 1790390000,
    "costAndExpenses": 22335383000,
    "interestIncome": 32404000,
    "interestExpense": 202687000,
    "depreciationAndAmortization": 742322000,
    "ebitda": 2157039000,
    "ebitdaratio": 0.0911188983,
    "operatingIncome": 1337412000,
    "operatingIncomeRatio": 0.056495737,
    "totalOtherIncomeExpensesNet": -125382000,
    "incomeBeforeTax": 1212030000,
    "incomeBeforeTaxRatio": 0.0511992775,
    "incomeTaxExpense": 284747000,
    "netIncome": 904824000,
    "netIncomeRatio": 0.0382221026,
    "eps": 6.16,
    "epsdiluted": 6.03,
    "weightedAverageShsOut": 146929000,
    "weightedAverageShsOutDil": 150056000,
    "link": "https://www.sec.gov/Archives/edgar/data/1050915/000105091525000005/0001050915-25-000005-index.htm",
    "finalLink": "https://www.sec.gov/Archives/edgar/data/1050915/000105091525000005/pwr-20241231.htm"
  },
  {
    "date": "2023-12-31",
    "symbol": "PWR",
    "reportedCurrency": "USD",
    "cik": "0001050915",
    "fillingDate": "2024-02-22",
    "acceptedDate": "2024-02-22 09:56:10",
    "calendarYear": "2023",
    "period": "FY",
    "revenue": 20882206000,
    "costOfRevenue": 18234134000,
    "grossProfit": 2648072000,
    "grossProfitRatio": 0.126809974,
    "researchAndDevelopmentExpenses": 0,
    "generalAndAdministrativeExpenses": 0,
    "sellingAndMarketingExpenses": 0,
    "sellingGeneralAndAdministrativeExpenses": 1513796000,
    "otherExpenses": 0,
    "operatingExpenses": 1513796000,
    "costAndExpenses": 19747930000,
    "interestIncome": 10830000,
    "interestExpense": 186913000,
    "depreciationAndAmortization": 613800000,
    "ebitda": 1770669000,
    "ebitdaratio": 0.0847931967,
    "operatingIncome": 1134276000,
    "operatingIncomeRatio": 0.0543178245,
    "totalOtherIncomeExpensesNet": -164320000,
    "incomeBeforeTax": 969956000,
    "incomeBeforeTaxRatio": 0.046448924,
    "incomeTaxExpense": 219267000,
    "netIncome": 744689000,
    "netIncomeRatio": 0.0356614143,
    "eps": 5.13,
    "epsdiluted": 5,
    "weightedAverageShsOut": 145222000,
    "weightedAverageShsOutDil": 148823000,
    "link": "https://www.sec.gov/Archives/edgar/data/1050915/000105091524000009/0001050915-24-000009-index.htm",
    "finalLink": "https://www.sec.gov/Archives/edgar/data/1050915/000105091524000009/pwr-20231231.htm"
  },
  {
    "date": "2022-12-31",
    "symbol": "PWR",
    "reportedCurrency": "USD",
    "cik": "0001050915",
    "fillingDate": "2023-02-23",
    "acceptedDate": "2023-02-23 10:03:37",
    "calendarYear": "2022",
    "period": "FY",
    "revenue": 17073903000,
    "costOfRevenue": 14898721000,
    "grossProfit": 2175182000,
    "grossProfitRatio": 0.127398053,
    "researchAndDevelopmentExpenses": 0,
    "generalAndAdministrativeExpenses": 0,
    "sellingAndMarketingExpenses": 0,
    "sellingGeneralAndAdministrativeExpenses": 1220002000,
    "otherExpenses": 0,
    "operatingExpenses": 1220002000,
    "costAndExpenses": 16118723000,
    "interestIncome": 2606000,
    "interestExpense": 124363000,
    "depreciationAndAmortization": 644620000,
    "ebitda": 1472869000,
    "ebitdaratio": 0.0862643416,
    "operatingIncome": 955180000,
    "operatingIncomeRatio": 0.0559438577,
    "totalOtherIncomeExpensesNet": -251294000,
    "incomeBeforeTax": 703886000,
    "incomeBeforeTaxRatio": 0.0412258404,
    "incomeTaxExpense": 192243000,
    "netIncome": 491189000,
    "netIncomeRatio": 0.0287684076,
    "eps": 3.42,
    "epsdiluted": 3.32,
    "weightedAverageShsOut": 143488000,
    "weightedAverageShsOutDil": 147992000,
    "link": "https://www.sec.gov/Archives/edgar/data/1050915/000105091523000010/0001050915-23-000010-index.htm",
    "finalLink": "https://www.sec.gov/Archives/edgar/data/1050915/000105091523000010/pwr-20221231.htm"
  },
  {
    "date": "2021-12-31",
    "symbol": "PWR",
    "reportedCurrency": "USD",
    "cik": "0001050915",
    "fillingDate": "2022-02-25",
    "acceptedDate": "2022-02-25 17:10:27",
    "calendarYear": "2021",
    "period": "FY",
    "revenue": 12980213000,
    "costOfRevenue": 11192320000,
    "grossProfit": 1787893000,
    "grossProfitRatio": 0.1377398815,
    "researchAndDevelopmentExpenses": 0,
    "generalAndAdministrativeExpenses": 0,
    "sellingAndMarketingExpenses": 0,
    "sellingGeneralAndAdministrativeExpenses": 1108588000,
    "otherExpenses": 0,
    "operatingExpenses": 1108588000,
    "costAndExpenses": 12300908000,
    "interestIncome": 3194000,
    "interestExpense": 68899000,
    "depreciationAndAmortization": 420895000,
    "ebitda": 1112695000,
    "ebitdaratio": 0.0857223992,
    "operatingIncome": 679305000,
    "operatingIncomeRatio": 0.052333887,
    "totalOtherIncomeExpensesNet": -56404000,
    "incomeBeforeTax": 622901000,
    "incomeBeforeTaxRatio": 0.0479885037,
    "incomeTaxExpense": 130918000,
    "netIncome": 485956000,
    "netIncomeRatio": 0.0374382146,
    "eps": 3.45,
    "epsdiluted": 3.34,
    "weightedAverageShsOut": 140824000,
    "weightedAverageShsOutDil": 145373000,
    "link": "https://www.sec.gov/Archives/edgar/data/1050915/000105091522000008/0001050915-22-000008-index.htm",
    "finalLink": "https://www.sec.gov/Archives/edgar/data/1050915/000105091522000008/pwr-20211231.htm"
  },
  {
    "date": "2020-12-31",
    "symbol": "PWR",
    "reportedCurrency": "USD",
    "cik": "0001050915",
    "fillingDate": "2021-03-01",
    "acceptedDate": "2021-02-26 18:54:46",
    "calendarYear": "2020",
    "period": "FY",
    "revenue": 11202672000,
    "costOfRevenue": 9618529000,
    "grossProfit": 1584143000,
    "grossProfitRatio": 0.1414076035,
    "researchAndDevelopmentExpenses": 0,
    "generalAndAdministrativeExpenses": 0,
    "sellingAndMarketingExpenses": 0,
    "sellingGeneralAndAdministrativeExpenses": 948457000,
    "otherExpenses": 0,
    "operatingExpenses": 948457000,
    "costAndExpenses": 10566986000,
    "interestIncome": 2449000,
    "interestExpense": 45013000,
    "depreciationAndAmortization": 301960000,
    "ebitda": 918319000,
    "ebitdaratio": 0.0819732114,
    "operatingIncome": 635686000,
    "operatingIncomeRatio": 0.056744141,
    "totalOtherIncomeExpensesNet": -64340000,
    "incomeBeforeTax": 571346000,
    "incomeBeforeTaxRatio": 0.0510008684,
    "incomeTaxExpense": 119387000,
    "netIncome": 445596000,
    "netIncomeRatio": 0.0397758678,
    "eps": 3.15,
    "epsdiluted": 3.07,
    "weightedAverageShsOut": 141380000,
    "weightedAverageShsOutDil": 145247000,
    "link": "https://www.sec.gov/Archives/edgar/data/1050915/000105091521000009/0001050915-21-000009-index.htm",
    "finalLink": "https://www.sec.gov/Archives/edgar/data/1050915/000105091521000009/pwr-20201231.htm"
  },
  {
    "date": "2019-12-31",
    "symbol": "PWR",
    "reportedCurrency": "USD",
    "cik": "0001050915",
    "fillingDate": "2020-02-28",
    "acceptedDate": "2020-02-28 17:10:05",
    "calendarYear": "2019",
    "period": "FY",
    "revenue": 12112153000,
    "costOfRevenue": 10573992000,
    "grossProfit": 1538161000,
    "grossProfitRatio": 0.1269931944,
    "researchAndDevelopmentExpenses": 0,
    "generalAndAdministrativeExpenses": 0,
    "sellingAndMarketingExpenses": 0,
    "sellingGeneralAndAdministrativeExpenses": 955991000,
    "otherExpenses": 0,
    "operatingExpenses": 955991000,
    "costAndExpenses": 11529983000,
    "interestIncome": 927000,
    "interestExpense": 66890000,
    "depreciationAndAmortization": 280198000,
    "ebitda": 919375000,
    "ebitdaratio": 0.0759051673,
    "operatingIncome": 582170000,
    "operatingIncomeRatio": 0.0480649477,
    "totalOtherIncomeExpensesNet": -9883000,
    "incomeBeforeTax": 572287000,
    "incomeBeforeTaxRatio": 0.0472489903,
    "incomeTaxExpense": 165472000,
    "netIncome": 402044000,
    "netIncomeRatio": 0.033193438,
    "eps": 2.76,
    "epsdiluted": 2.73,
    "weightedAverageShsOut": 145710000,
    "weightedAverageShsOutDil": 147534000,
    "link": "https://www.sec.gov/Archives/edgar/data/1050915/000105091520000020/0001050915-20-000020-index.htm",
    "finalLink": "https://www.sec.gov/Archives/edgar/data/1050915/000105091520000020/pwr-123119x10k.htm"
  },
  {
    "date": "2018-12-31",
    "symbol": "PWR",
    "reportedCurrency": "USD",
    "cik": "0001050915",
    "fillingDate": "2019-02-28",
    "acceptedDate": "2019-02-28 17:12:22",
    "calendarYear": "2018",
    "period": "FY",
    "revenue": 11171423000,
    "costOfRevenue": 9735453000,
    "grossProfit": 1435970000,
    "grossProfitRatio": 0.1285395782,
    "researchAndDevelopmentExpenses": 0,
    "generalAndAdministrativeExpenses": 0,
    "sellingAndMarketingExpenses": 0,
    "sellingGeneralAndAdministrativeExpenses": 849574000,
    "otherExpenses": 0,
    "operatingExpenses": 849574000,
    "costAndExpenses": 10585027000,
    "interestIncome": 1555000,
    "interestExpense": 36945000,
    "depreciationAndAmortization": 246513000,
    "ebitda": 741124000,
    "ebitdaratio": 0.0663410561,
    "operatingIncome": 586396000,
    "operatingIncomeRatio": 0.0524907167,
    "totalOtherIncomeExpensesNet": -128730000,
    "incomeBeforeTax": 457666000,
    "incomeBeforeTaxRatio": 0.0409675652,
    "incomeTaxExpense": 161659000,
    "netIncome": 293346000,
    "netIncomeRatio": 0.0262586064,
    "eps": 1.92,
    "epsdiluted": 1.9,
    "weightedAverageShsOut": 152963000,
    "weightedAverageShsOutDil": 154226000,
    "link": "https://www.sec.gov/Archives/edgar/data/1050915/000105091519000014/0001050915-19-000014-index.htm",
    "finalLink": "https://www.sec.gov/Archives/edgar/data/1050915/000105091519000014/pwr-123118x10k.htm"
  },
  {
    "date": "2017-12-31",
    "symbol": "PWR",
    "reportedCurrency": "USD",
    "cik": "0001050915",
    "fillingDate": "2018-02-28",
    "acceptedDate": "2018-02-28 16:18:55",
    "calendarYear": "2017",
    "period": "FY",
    "revenue": 9466478000,
    "costOfRevenue": 8256823000,
    "grossProfit": 1209655000,
    "grossProfitRatio": 0.1277830044,
    "researchAndDevelopmentExpenses": 0,
    "generalAndAdministrativeExpenses": 0,
    "sellingAndMarketingExpenses": 0,
    "sellingGeneralAndAdministrativeExpenses": 777920000,
    "otherExpenses": 0,
    "operatingExpenses": 777920000,
    "costAndExpenses": 9034743000,
    "interestIncome": 832000,
    "interestExpense": 20946000,
    "depreciationAndAmortization": 216013000,
    "ebitda": 590716000,
    "ebitdaratio": 0.0624008211,
    "operatingIncome": 431735000,
    "operatingIncomeRatio": 0.0456067188,
    "totalOtherIncomeExpensesNet": -77978000,
    "incomeBeforeTax": 353757000,
    "incomeBeforeTaxRatio": 0.0373694419,
    "incomeTaxExpense": 35532000,
    "netIncome": 314978000,
    "netIncomeRatio": 0.0332729871,
    "eps": 2.02,
    "epsdiluted": 2,
    "weightedAverageShsOut": 156124000,
    "weightedAverageShsOutDil": 157155000,
    "link": "https://www.sec.gov/Archives/edgar/data/1050915/000105091518000003/0001050915-18-000003-index.htm",
    "finalLink": "https://www.sec.gov/Archives/edgar/data/1050915/000105091518000003/pwr-123117x10k.htm"
  },
  {
    "date": "2016-12-31",
    "symbol": "PWR",
    "reportedCurrency": "USD",
    "cik": "0001050915",
    "fillingDate": "2017-03-01",
    "acceptedDate": "2017-03-01 13:07:31",
    "calendarYear": "2016",
    "period": "FY",
    "revenue": 7651319000,
    "costOfRevenue": 6669204000,
    "grossProfit": 982115000,
    "grossProfitRatio": 0.1283589143,
    "researchAndDevelopmentExpenses": 0,
    "generalAndAdministrativeExpenses": 0,
    "sellingAndMarketingExpenses": 0,
    "sellingGeneralAndAdministrativeExpenses": 647038000,
    "otherExpenses": 0,
    "operatingExpenses": 647038000,
    "costAndExpenses": 7316242000,
    "interestIncome": 2423000,
    "interestExpense": 14887000,
    "depreciationAndAmortization": 201925000,
    "ebitda": 524498000,
    "ebitdaratio": 0.0685500108,
    "operatingIncome": 335077000,
    "operatingIncomeRatio": 0.0437933643,
    "totalOtherIncomeExpensesNet": -27391000,
    "incomeBeforeTax": 307686000,
    "incomeBeforeTaxRatio": 0.0402134586,
    "incomeTaxExpense": 107246000,
    "netIncome": 198383000,
    "netIncomeRatio": 0.0259279478,
    "eps": 1.26,
    "epsdiluted": 1.26,
    "weightedAverageShsOut": 157287000,
    "weightedAverageShsOutDil": 157288000,
    "link": "https://www.sec.gov/Archives/edgar/data/1050915/000119312517064821/0001193125-17-064821-index.htm",
    "finalLink": "https://www.sec.gov/Archives/edgar/data/1050915/000119312517064821/d295903d10k.htm"
  },
  {
    "date": "2015-12-31",
    "symbol": "PWR",
    "reportedCurrency": "USD",
    "cik": "0001050915",
    "fillingDate": "2016-02-29",
    "acceptedDate": "2016-02-29 16:51:57",
    "calendarYear": "2015",
    "period": "FY",
    "revenue": 7572436000,
    "costOfRevenue": 6683619000,
    "grossProfit": 892417000,
    "grossProfitRatio": 0.1178507154,
    "researchAndDevelopmentExpenses": 0,
    "generalAndAdministrativeExpenses": 0,
    "sellingAndMarketingExpenses": 0,
    "sellingGeneralAndAdministrativeExpenses": 592863000,
    "otherExpenses": 0,
    "operatingExpenses": 592863000,
    "costAndExpenses": 7276482000,
    "interestIncome": 1493000,
    "interestExpense": 8023999,
    "depreciationAndAmortization": 197693000,
    "ebitda": 434392000,
    "ebitdaratio": 0.0573648955,
    "operatingIncome": 299554000,
    "operatingIncomeRatio": 0.0395584723,
    "totalOtherIncomeExpensesNet": -70879000,
    "incomeBeforeTax": 228675000,
    "incomeBeforeTaxRatio": 0.0301983404,
    "incomeTaxExpense": 97472000,
    "netIncome": 310907000,
    "netIncomeRatio": 0.0410577257,
    "eps": 1.59,
    "epsdiluted": 1.59,
    "weightedAverageShsOut": 195113000,
    "weightedAverageShsOutDil": 195120000,
    "link": "https://www.sec.gov/Archives/edgar/data/1050915/000119312516485494/0001193125-16-485494-index.htm",
    "finalLink": "https://www.sec.gov/Archives/edgar/data/1050915/000119312516485494/d69866d10k.htm"
  },
  {
    "date": "2014-12-31",
    "symbol": "PWR",
    "reportedCurrency": "USD",
    "cik": "0001050915",
    "fillingDate": "2015-03-02",
    "acceptedDate": "2015-03-02 14:59:41",
    "calendarYear": "2014",
    "period": "FY",
    "revenue": 7851250000,
    "costOfRevenue": 6653637000,
    "grossProfit": 1209213000,
    "grossProfitRatio": 0.1540153479,
    "researchAndDevelopmentExpenses": 0,
    "generalAndAdministrativeExpenses": 0,
    "sellingAndMarketingExpenses": 0,
    "sellingGeneralAndAdministrativeExpenses": 683238000,
    "otherExpenses": 0,
    "operatingExpenses": 683238000,
    "costAndExpenses": 7336875000,
    "interestIncome": 3741000,
    "interestExpense": 4765000,
    "depreciationAndAmortization": 194017000,
    "ebitda": 671899000,
    "ebitdaratio": 0.0855786021,
    "operatingIncome": 525975000,
    "operatingIncomeRatio": 0.0669925171,
    "totalOtherIncomeExpensesNet": -52858000,
    "incomeBeforeTax": 473117000,
    "incomeBeforeTaxRatio": 0.060260086,
    "incomeTaxExpense": 157408000,
    "netIncome": 296714000,
    "netIncomeRatio": 0.037791944,
    "eps": 1.35,
    "epsdiluted": 1.35,
    "weightedAverageShsOut": 219668000,
    "weightedAverageShsOutDil": 219690000,
    "link": "https://www.sec.gov/Archives/edgar/data/1050915/000119312515073003/0001193125-15-073003-index.htm",
    "finalLink": "https://www.sec.gov/Archives/edgar/data/1050915/000119312515073003/d834546d10k.htm"
  },
  {
    "date": "2013-12-31",
    "symbol": "PWR",
    "reportedCurrency": "USD",
    "cik": "0001050915",
    "fillingDate": "2014-03-03",
    "acceptedDate": "2014-03-03 14:09:08",
    "calendarYear": "2013",
    "period": "FY",
    "revenue": 6522842000,
    "costOfRevenue": 5494904000,
    "grossProfit": 1027938000,
    "grossProfitRatio": 0.1575905104,
    "researchAndDevelopmentExpenses": 0,
    "generalAndAdministrativeExpenses": 0,
    "sellingAndMarketingExpenses": 0,
    "sellingGeneralAndAdministrativeExpenses": 501010000,
    "otherExpenses": 0,
    "operatingExpenses": 501010000,
    "costAndExpenses": 5995914000,
    "interestIncome": 3380000,
    "interestExpense": 2668000,
    "depreciationAndAmortization": 161625000,
    "ebitda": 803542000,
    "ebitdaratio": 0.1231889413,
    "operatingIncome": 526928000,
    "operatingIncomeRatio": 0.0807819659,
    "totalOtherIncomeExpensesNet": 112321000,
    "incomeBeforeTax": 639249000,
    "incomeBeforeTaxRatio": 0.0980016073,
    "incomeTaxExpense": 217940000,
    "netIncome": 401921000,
    "netIncomeRatio": 0.0616174667,
    "eps": 1.87,
    "epsdiluted": 1.87,
    "weightedAverageShsOut": 214929000,
    "weightedAverageShsOutDil": 214978000,
    "link": "https://www.sec.gov/Archives/edgar/data/1050915/000119312514079763/0001193125-14-079763-index.htm",
    "finalLink": "https://www.sec.gov/Archives/edgar/data/1050915/000119312514079763/d637038d10k.htm"
  },
  {
    "date": "2012-12-31",
    "symbol": "PWR",
    "reportedCurrency": "USD",
    "cik": "0001050915",
    "fillingDate": "2013-03-01",
    "acceptedDate": "2013-03-01 14:13:12",
    "calendarYear": "2012",
    "period": "FY",
    "revenue": 5920269000,
    "costOfRevenue": 5020253000,
    "grossProfit": 900016000,
    "grossProfitRatio": 0.1520228219,
    "researchAndDevelopmentExpenses": 0,
    "generalAndAdministrativeExpenses": 0,
    "sellingAndMarketingExpenses": 0,
    "sellingGeneralAndAdministrativeExpenses": 434894000,
    "otherExpenses": 0,
    "operatingExpenses": 434894000,
    "costAndExpenses": 5455147000,
    "interestIncome": 1471000,
    "interestExpense": 3746000,
    "depreciationAndAmortization": 157994000,
    "ebitda": 626320000,
    "ebitdaratio": 0.1057924902,
    "operatingIncome": 465122000,
    "operatingIncomeRatio": 0.0785643355,
    "totalOtherIncomeExpensesNet": -542000,
    "incomeBeforeTax": 464580000,
    "incomeBeforeTaxRatio": 0.0784727856,
    "incomeTaxExpense": 158859000,
    "netIncome": 306629000,
    "netIncomeRatio": 0.0517930858,
    "eps": 1.44,
    "epsdiluted": 1.44,
    "weightedAverageShsOut": 212777000,
    "weightedAverageShsOutDil": 212835000,
    "link": "https://www.sec.gov/Archives/edgar/data/1050915/000119312513087221/0001193125-13-087221-index.htm",
    "finalLink": "https://www.sec.gov/Archives/edgar/data/1050915/000119312513087221/d457733d10k.htm"
  },
  {
    "date": "2011-12-31",
    "symbol": "PWR",
    "reportedCurrency": "USD",
    "cik": "0001050915",
    "fillingDate": "2012-02-29",
    "acceptedDate": "2012-02-29 15:25:36",
    "calendarYear": "2011",
    "period": "FY",
    "revenue": 4623829000,
    "costOfRevenue": 3661087000,
    "grossProfit": 532677000,
    "grossProfitRatio": 0.1152025735,
    "researchAndDevelopmentExpenses": 0,
    "generalAndAdministrativeExpenses": 0,
    "sellingAndMarketingExpenses": 0,
    "sellingGeneralAndAdministrativeExpenses": 337835000,
    "otherExpenses": 0,
    "operatingExpenses": 337835000,
    "costAndExpenses": 3998922000,
    "interestIncome": 1066000,
    "interestExpense": 1803000,
    "depreciationAndAmortization": 138913000,
    "ebitda": 334224000,
    "ebitdaratio": 0.0722829499,
    "operatingIncome": 194842000,
    "operatingIncomeRatio": 0.0421386691,
    "totalOtherIncomeExpensesNet": -1334000,
    "incomeBeforeTax": 216370000,
    "incomeBeforeTaxRatio": 0.0467945506,
    "incomeTaxExpense": 71954000,
    "netIncome": 132515000,
    "netIncomeRatio": 0.0286591481,
    "eps": 0.62,
    "epsdiluted": 0.62,
    "weightedAverageShsOut": 212648000,
    "weightedAverageShsOutDil": 213168000,
    "link": "https://www.sec.gov/Archives/edgar/data/1050915/000119312512088822/0001193125-12-088822-index.htm",
    "finalLink": "https://www.sec.gov/Archives/edgar/data/1050915/000119312512088822/d264834d10k.htm"
  },
  {
    "date": "2010-12-31",
    "symbol": "PWR",
    "reportedCurrency": "USD",
    "cik": "0001050915",
    "fillingDate": "2011-03-01",
    "acceptedDate": "2011-03-01 16:43:17",
    "calendarYear": "2010",
    "period": "FY",
    "revenue": 3931218000,
    "costOfRevenue": 3335363000,
    "grossProfit": 595855000,
    "grossProfitRatio": 0.1515700732,
    "researchAndDevelopmentExpenses": 0,
    "generalAndAdministrativeExpenses": 0,
    "sellingAndMarketingExpenses": 0,
    "sellingGeneralAndAdministrativeExpenses": 328972000,
    "otherExpenses": 0,
    "operatingExpenses": 328972000,
    "costAndExpenses": 3664335000,
    "interestIncome": 1417000,
    "interestExpense": 4913000,
    "depreciationAndAmortization": 146075000,
    "ebitda": 397243000,
    "ebitdaratio": 0.1010483265,
    "operatingIncome": 266882999,
    "operatingIncomeRatio": 0.0678881199,
    "totalOtherIncomeExpensesNet": -20627999,
    "incomeBeforeTax": 246255000,
    "incomeBeforeTaxRatio": 0.0626408914,
    "incomeTaxExpense": 90698000,
    "netIncome": 153176000,
    "netIncomeRatio": 0.0389640056,
    "eps": 0.73,
    "epsdiluted": 0.72,
    "weightedAverageShsOut": 210046000,
    "weightedAverageShsOutDil": 211796000,
    "link": "https://www.sec.gov/Archives/edgar/data/1050915/000095012311020719/0000950123-11-020719-index.htm",
    "finalLink": "https://www.sec.gov/Archives/edgar/data/1050915/000095012311020719/h78392e10vk.htm"
  },
  {
    "date": "2009-12-31",
    "symbol": "PWR",
    "reportedCurrency": "USD",
    "cik": "0001050915",
    "fillingDate": "2010-03-01",
    "acceptedDate": "2010-03-01 15:02:39",
    "calendarYear": "2009",
    "period": "FY",
    "revenue": 3318126000,
    "costOfRevenue": 2763590000,
    "grossProfit": 554536000,
    "grossProfitRatio": 0.1671232497,
    "researchAndDevelopmentExpenses": 0,
    "generalAndAdministrativeExpenses": 0,
    "sellingAndMarketingExpenses": 0,
    "sellingGeneralAndAdministrativeExpenses": 305114000,
    "otherExpenses": 0,
    "operatingExpenses": 305114000,
    "costAndExpenses": 3068704000,
    "interestIncome": 2456000,
    "interestExpense": 11269000,
    "depreciationAndAmortization": 125814000,
    "ebitda": 370813000,
    "ebitdaratio": 0.1117537429,
    "operatingIncome": 249422000,
    "operatingIncomeRatio": 0.0751695385,
    "totalOtherIncomeExpensesNet": -15692000,
    "incomeBeforeTax": 233730000,
    "incomeBeforeTaxRatio": 0.070440363,
    "incomeTaxExpense": 70195000,
    "netIncome": 162162000,
    "netIncomeRatio": 0.0488715618,
    "eps": 0.81,
    "epsdiluted": 0.81,
    "weightedAverageShsOut": 200733000,
    "weightedAverageShsOutDil": 201311000,
    "link": "https://www.sec.gov/Archives/edgar/data/1050915/000095012310019204/0000950123-10-019204-index.htm",
    "finalLink": "https://www.sec.gov/Archives/edgar/data/1050915/000095012310019204/h68032e10vk.htm"
  },
  {
    "date": "2008-12-31",
    "symbol": "PWR",
    "reportedCurrency": "USD",
    "cik": "0001050915",
    "fillingDate": "2009-03-02",
    "acceptedDate": "2009-03-02 17:04:59",
    "calendarYear": "2008",
    "period": "FY",
    "revenue": 3780213000,
    "costOfRevenue": 3181647000,
    "grossProfit": 598566000,
    "grossProfitRatio": 0.1583418712,
    "researchAndDevelopmentExpenses": 0,
    "generalAndAdministrativeExpenses": 0,
    "sellingAndMarketingExpenses": 0,
    "sellingGeneralAndAdministrativeExpenses": 309399000,
    "otherExpenses": 0,
    "operatingExpenses": 309399000,
    "costAndExpenses": 3491046000,
    "interestIncome": 9765000,
    "interestExpense": 32002000,
    "depreciationAndAmortization": 113954000,
    "ebitda": 413226000,
    "ebitdaratio": 0.1093128879,
    "operatingIncome": 289167000,
    "operatingIncomeRatio": 0.0764948959,
    "totalOtherIncomeExpensesNet": -21897000,
    "incomeBeforeTax": 281767000,
    "incomeBeforeTaxRatio": 0.0745373343,
    "incomeTaxExpense": 115026000,
    "netIncome": 166741000,
    "netIncomeRatio": 0.0441088902,
    "eps": 0.89,
    "epsdiluted": 0.87,
    "weightedAverageShsOut": 178033000,
    "weightedAverageShsOutDil": 196975000,
    "link": "https://www.sec.gov/Archives/edgar/data/1050915/000095013409004251/0000950134-09-004251-index.htm",
    "finalLink": "https://www.sec.gov/Archives/edgar/data/1050915/000095013409004251/h65892e10vk.htm"
  },
  {
    "date": "2007-12-31",
    "symbol": "PWR",
    "reportedCurrency": "USD",
    "cik": "0001050915",
    "fillingDate": "2008-02-29",
    "acceptedDate": "2008-02-29 15:58:40",
    "calendarYear": "2007",
    "period": "FY",
    "revenue": 2656036000,
    "costOfRevenue": 2246048000,
    "grossProfit": 409988000,
    "grossProfitRatio": 0.1543608596,
    "researchAndDevelopmentExpenses": 0,
    "generalAndAdministrativeExpenses": 0,
    "sellingAndMarketingExpenses": 0,
    "sellingGeneralAndAdministrativeExpenses": 232808000,
    "otherExpenses": 0,
    "operatingExpenses": 232808000,
    "costAndExpenses": 2478856000,
    "interestIncome": 0,
    "interestExpense": 21515000,
    "depreciationAndAmortization": 74659000,
    "ebitda": 263536000,
    "ebitdaratio": 0.0992215467,
    "operatingIncome": 177180000,
    "operatingIncomeRatio": 0.0667084332,
    "totalOtherIncomeExpensesNet": -9818000,
    "incomeBeforeTax": 167362000,
    "incomeBeforeTaxRatio": 0.0630119471,
    "incomeTaxExpense": 34222000,
    "netIncome": 135977000,
    "netIncomeRatio": 0.0511954657,
    "eps": 1,
    "epsdiluted": 0.89,
    "weightedAverageShsOut": 135793000,
    "weightedAverageShsOutDil": 167260000,
    "link": "https://www.sec.gov/Archives/edgar/data/1050915/000095012908001378/0000950129-08-001378-index.htm",
    "finalLink": "https://www.sec.gov/Archives/edgar/data/1050915/000095012908001378/h54156e10vk.htm"
  },
  {
    "date": "2006-12-31",
    "symbol": "PWR",
    "reportedCurrency": "USD",
    "cik": "0001050915",
    "fillingDate": "2007-02-28",
    "acceptedDate": "2007-02-27 19:12:33",
    "calendarYear": "2006",
    "period": "FY",
    "revenue": 2131038000,
    "costOfRevenue": 1797279000,
    "grossProfit": 312353000,
    "grossProfitRatio": 0.1465731723,
    "researchAndDevelopmentExpenses": 0,
    "generalAndAdministrativeExpenses": 0,
    "sellingAndMarketingExpenses": 0,
    "sellingGeneralAndAdministrativeExpenses": 181478000,
    "otherExpenses": 0,
    "operatingExpenses": 181478000,
    "costAndExpenses": 1978757000,
    "interestIncome": 13924000,
    "interestExpense": 26822000,
    "depreciationAndAmortization": 49767000,
    "ebitda": 139777000,
    "ebitdaratio": 0.0655910406,
    "operatingIncome": 130875000,
    "operatingIncomeRatio": 0.0614137336,
    "totalOtherIncomeExpensesNet": -67687000,
    "incomeBeforeTax": 65126000,
    "incomeBeforeTaxRatio": 0.0305606939,
    "incomeTaxExpense": 47643000,
    "netIncome": 17483000,
    "netIncomeRatio": 0.0082039832,
    "eps": 0.15,
    "epsdiluted": 0.15,
    "weightedAverageShsOut": 117027000,
    "weightedAverageShsOutDil": 117863000,
    "link": "https://www.sec.gov/Archives/edgar/data/1050915/000095012907000940/0000950129-07-000940-index.htm",
    "finalLink": "https://www.sec.gov/Archives/edgar/data/1050915/000095012907000940/h42746e10vk.htm"
  },
  {
    "date": "2005-12-31",
    "symbol": "PWR",
    "reportedCurrency": "USD",
    "cik": "0001050915",
    "fillingDate": "2006-03-02",
    "acceptedDate": "2006-03-02 16:39:20",
    "calendarYear": "2005",
    "period": "FY",
    "revenue": 1858626000,
    "costOfRevenue": 1587921000,
    "grossProfit": 254334000,
    "grossProfitRatio": 0.1368397946,
    "researchAndDevelopmentExpenses": 0,
    "generalAndAdministrativeExpenses": 0,
    "sellingAndMarketingExpenses": 0,
    "sellingGeneralAndAdministrativeExpenses": 186411000,
    "otherExpenses": 0,
    "operatingExpenses": 186411000,
    "costAndExpenses": 1774332000,
    "interestIncome": 7416000,
    "interestExpense": 23949000,
    "depreciationAndAmortization": 55406000,
    "ebitda": 130980000,
    "ebitdaratio": 0.0704714128,
    "operatingIncome": 67923000,
    "operatingIncomeRatio": 0.0365447379,
    "totalOtherIncomeExpensesNet": -16298000,
    "incomeBeforeTax": 52247000,
    "incomeBeforeTaxRatio": 0.0281105505,
    "incomeTaxExpense": 22690000,
    "netIncome": 29557000,
    "netIncomeRatio": 0.0159026076,
    "eps": 0.26,
    "epsdiluted": 0.25,
    "weightedAverageShsOut": 115756000,
    "weightedAverageShsOutDil": 116634000,
    "link": "https://www.sec.gov/Archives/edgar/data/1050915/000095012906002185/0000950129-06-002185-index.htm",
    "finalLink": "https://www.sec.gov/Archives/edgar/data/1050915/000095012906002185/h33202e10vk.htm"
  },
  {
    "date": "2004-12-31",
    "symbol": "PWR",
    "reportedCurrency": "USD",
    "cik": "0001050915",
    "fillingDate": "2005-03-16",
    "acceptedDate": "2005-03-16 16:02:39",
    "calendarYear": "2004",
    "period": "FY",
    "revenue": 1626510000,
    "costOfRevenue": 1445119000,
    "grossProfit": 181391000,
    "grossProfitRatio": 0.1115216015,
    "researchAndDevelopmentExpenses": 0,
    "generalAndAdministrativeExpenses": 0,
    "sellingAndMarketingExpenses": 0,
    "sellingGeneralAndAdministrativeExpenses": 171537000,
    "otherExpenses": 0,
    "operatingExpenses": 171537000,
    "costAndExpenses": 1616656000,
    "interestIncome": 0,
    "interestExpense": 25067000,
    "depreciationAndAmortization": 60356000,
    "ebitda": 72778000,
    "ebitdaratio": 0.0447448832,
    "operatingIncome": 9854000,
    "operatingIncomeRatio": 0.0060583704,
    "totalOtherIncomeExpensesNet": -22499000,
    "incomeBeforeTax": -12645000,
    "incomeBeforeTaxRatio": -0.0077743143,
    "incomeTaxExpense": -3451000,
    "netIncome": -9194000,
    "netIncomeRatio": -0.0056525936,
    "eps": -0.08,
    "epsdiluted": -0.08,
    "weightedAverageShsOut": 114925000,
    "weightedAverageShsOutDil": 114925000,
    "link": "https://www.sec.gov/Archives/edgar/data/1050915/000095012905002505/0000950129-05-002505-index.htm",
    "finalLink": "https://www.sec.gov/Archives/edgar/data/1050915/000095012905002505/h22727e10vk.htm"
  },
  {
    "date": "2003-12-31",
    "symbol": "PWR",
    "reportedCurrency": "USD",
    "cik": "0001050915",
    "fillingDate": "2004-03-15",
    "acceptedDate": "2004-03-15 15:41:45",
    "calendarYear": "2003",
    "period": "FY",
    "revenue": 1642853000,
    "costOfRevenue": 1442958000,
    "grossProfit": 199895000,
    "grossProfitRatio": 0.1216755242,
    "researchAndDevelopmentExpenses": 0,
    "generalAndAdministrativeExpenses": 176872000,
    "sellingAndMarketingExpenses": 0,
    "sellingGeneralAndAdministrativeExpenses": 176872000,
    "otherExpenses": 6452000,
    "operatingExpenses": 183324000,
    "costAndExpenses": 1626282000,
    "interestIncome": 0,
    "interestExpense": 31822000,
    "depreciationAndAmortization": 62871000,
    "ebitda": 16571000,
    "ebitdaratio": 0.0100867211,
    "operatingIncome": 16571000,
    "operatingIncomeRatio": 0.0100867211,
    "totalOtherIncomeExpensesNet": -69640000,
    "incomeBeforeTax": -53069000,
    "incomeBeforeTaxRatio": -0.032302951,
    "incomeTaxExpense": -18080000,
    "netIncome": -34989000,
    "netIncomeRatio": -0.0212977059,
    "eps": -0.32,
    "epsdiluted": -0.32,
    "weightedAverageShsOut": 110906000,
    "weightedAverageShsOutDil": 110906000,
    "link": "https://www.sec.gov/Archives/edgar/data/1050915/000095012904001307/0000950129-04-001307-index.htm",
    "finalLink": "https://www.sec.gov/Archives/edgar/data/1050915/000095012904001307/h13605e10vk.htm"
  },
  {
    "date": "2002-12-31",
    "symbol": "PWR",
    "reportedCurrency": "USD",
    "cik": "0001050915",
    "fillingDate": "2003-03-31",
    "acceptedDate": "2003-03-31 13:19:48",
    "calendarYear": "2002",
    "period": "FY",
    "revenue": 1750713000,
    "costOfRevenue": 1513940000,
    "grossProfit": 236773000,
    "grossProfitRatio": 0.135243755,
    "researchAndDevelopmentExpenses": 0,
    "generalAndAdministrativeExpenses": 225725000,
    "sellingAndMarketingExpenses": 0,
    "sellingGeneralAndAdministrativeExpenses": 225725000,
    "otherExpenses": 166580000,
    "operatingExpenses": 392305000,
    "costAndExpenses": 1906245000,
    "interestIncome": 0,
    "interestExpense": 0,
    "depreciationAndAmortization": 60576000,
    "ebitda": -94956000,
    "ebitdaratio": -0.0542384731,
    "operatingIncome": -155532000,
    "operatingIncomeRatio": -0.0888392329,
    "totalOtherIncomeExpensesNet": -38312000,
    "incomeBeforeTax": -193844000,
    "incomeBeforeTaxRatio": -0.1107228883,
    "incomeTaxExpense": -19710000,
    "netIncome": -619556000,
    "netIncomeRatio": -0.353887816,
    "eps": -7.67,
    "epsdiluted": -7.67,
    "weightedAverageShsOut": 80815000,
    "weightedAverageShsOutDil": 80815000,
    "link": "https://www.sec.gov/Archives/edgar/data/1050915/000095012903001726/0000950129-03-001726-index.htm",
    "finalLink": "https://www.sec.gov/Archives/edgar/data/1050915/000095012903001726/h02158e10vk.htm"
  },
  {
    "date": "2001-12-31",
    "symbol": "PWR",
    "reportedCurrency": "USD",
    "cik": "0001050915",
    "fillingDate": "2002-04-01",
    "acceptedDate": "2002-04-01 00:00:00",
    "calendarYear": "2001",
    "period": "FY",
    "revenue": 2014877000,
    "costOfRevenue": 1601039000,
    "grossProfit": 413838000,
    "grossProfitRatio": 0.2053911976,
    "researchAndDevelopmentExpenses": 0,
    "generalAndAdministrativeExpenses": 194575000,
    "sellingAndMarketingExpenses": 0,
    "sellingGeneralAndAdministrativeExpenses": 194575000,
    "otherExpenses": 25998000,
    "operatingExpenses": 220573000,
    "costAndExpenses": 1821612000,
    "interestIncome": 0,
    "interestExpense": 0,
    "depreciationAndAmortization": 79374000,
    "ebitda": 272639000,
    "ebitdaratio": 0.1353129744,
    "operatingIncome": 193265000,
    "operatingIncomeRatio": 0.0959190065,
    "totalOtherIncomeExpensesNet": -36299000,
    "incomeBeforeTax": 156966000,
    "incomeBeforeTaxRatio": 0.0779035147,
    "incomeTaxExpense": 71200000,
    "netIncome": 85766000,
    "netIncomeRatio": 0.0425663701,
    "eps": 1.11,
    "epsdiluted": 1.1,
    "weightedAverageShsOut": 77256000,
    "weightedAverageShsOutDil": 78238000,
    "link": "https://www.sec.gov/Archives/edgar/data/1050915/000095012902001681/0000950129-02-001681-index.htm",
    "finalLink": "https://www.sec.gov/Archives/edgar/data/1050915/000095012902001681/h94363e10-k.txt"
  },
  {
    "date": "2000-12-31",
    "symbol": "PWR",
    "reportedCurrency": "USD",
    "cik": "0001050915",
    "fillingDate": "2001-04-02",
    "acceptedDate": "2001-04-02 00:00:00",
    "calendarYear": "2000",
    "period": "FY",
    "revenue": 1793301000,
    "costOfRevenue": 1341715000,
    "grossProfit": 451586000,
    "grossProfitRatio": 0.2518182949,
    "researchAndDevelopmentExpenses": 0,
    "generalAndAdministrativeExpenses": 143564000,
    "sellingAndMarketingExpenses": 0,
    "sellingGeneralAndAdministrativeExpenses": 143564000,
    "otherExpenses": 57294000,
    "operatingExpenses": 200858000,
    "costAndExpenses": 1542573000,
    "interestIncome": 0,
    "interestExpense": 25708000,
    "depreciationAndAmortization": 57294000,
    "ebitda": 308022000,
    "ebitdaratio": 0.1717625764,
    "operatingIncome": 250728000,
    "operatingIncomeRatio": 0.1398136732,
    "totalOtherIncomeExpensesNet": -51677000,
    "incomeBeforeTax": 199051000,
    "incomeBeforeTaxRatio": 0.1109969827,
    "incomeTaxExpense": 93328000,
    "netIncome": 105723000,
    "netIncomeRatio": 0.0589544087,
    "eps": 1.78,
    "epsdiluted": 1.42,
    "weightedAverageShsOut": 58900000,
    "weightedAverageShsOutDil": 76583000,
    "link": "https://www.sec.gov/Archives/edgar/data/1050915/000095012901001845/0000950129-01-001845-index.htm",
    "finalLink": "https://www.sec.gov/Archives/edgar/data/1050915/000095012901001845/h85578e10-k.txt"
  },
  {
    "date": "1999-12-31",
    "symbol": "PWR",
    "reportedCurrency": "USD",
    "cik": "0001050915",
    "fillingDate": "2000-03-30",
    "acceptedDate": "2000-03-30 00:00:00",
    "calendarYear": "1999",
    "period": "FY",
    "revenue": 925700000,
    "costOfRevenue": 687100000,
    "grossProfit": 238600000,
    "grossProfitRatio": 0.2577508912,
    "researchAndDevelopmentExpenses": 0,
    "generalAndAdministrativeExpenses": 80100000,
    "sellingAndMarketingExpenses": 0,
    "sellingGeneralAndAdministrativeExpenses": 80100000,
    "otherExpenses": 35200000,
    "operatingExpenses": 115300000,
    "costAndExpenses": 802400000,
    "interestIncome": 0,
    "interestExpense": 0,
    "depreciationAndAmortization": 35200000,
    "ebitda": 158500000,
    "ebitdaratio": 0.1712217781,
    "operatingIncome": 123300000,
    "operatingIncomeRatio": 0.1331964999,
    "totalOtherIncomeExpensesNet": -20400000,
    "incomeBeforeTax": 102900000,
    "incomeBeforeTaxRatio": 0.1111591228,
    "incomeTaxExpense": 49000000,
    "netIncome": 53900000,
    "netIncomeRatio": 0.0582262072,
    "eps": 0.76,
    "epsdiluted": 0.67,
    "weightedAverageShsOut": 70765500,
    "weightedAverageShsOutDil": 84219000,
    "link": "https://www.sec.gov/Archives/edgar/data/1050915/000095012900001546/0000950129-00-001546-index.html",
    "finalLink": "https://www.sec.gov/Archives/edgar/data/1050915/000095012900001546/"
  },
  {
    "date": "1998-12-31",
    "symbol": "PWR",
    "reportedCurrency": "USD",
    "cik": "0001050915",
    "fillingDate": "1999-03-31",
    "acceptedDate": "1999-03-31 00:00:00",
    "calendarYear": "1998",
    "period": "FY",
    "revenue": 309200000,
    "costOfRevenue": 241100000,
    "grossProfit": 68100000,
    "grossProfitRatio": 0.2202457956,
    "researchAndDevelopmentExpenses": 0,
    "generalAndAdministrativeExpenses": 26400000,
    "sellingAndMarketingExpenses": 0,
    "sellingGeneralAndAdministrativeExpenses": 26400000,
    "otherExpenses": 10600000,
    "operatingExpenses": 37000000,
    "costAndExpenses": 278100000,
    "interestIncome": 0,
    "interestExpense": 0,
    "depreciationAndAmortization": 10600000,
    "ebitda": 43000000,
    "ebitdaratio": 0.139068564,
    "operatingIncome": 31100000,
    "operatingIncomeRatio": 0.1005821475,
    "totalOtherIncomeExpensesNet": -4400000,
    "incomeBeforeTax": 26900000,
    "incomeBeforeTaxRatio": 0.0869987063,
    "incomeTaxExpense": 11700000,
    "netIncome": 15200000,
    "netIncomeRatio": 0.0491591203,
    "eps": 0.4,
    "epsdiluted": 0.39,
    "weightedAverageShsOut": 40177500,
    "weightedAverageShsOutDil": 42472500,
    "link": "https://www.sec.gov/Archives/edgar/data/1050915/000095012999001324/0000950129-99-001324-index.html",
    "finalLink": "https://www.sec.gov/Archives/edgar/data/1050915/"
  },
  {
    "date": "1997-12-31",
    "symbol": "PWR",
    "reportedCurrency": "USD",
    "cik": "0001050915",
    "fillingDate": "1998-03-31",
    "acceptedDate": "1998-03-31 00:00:00",
    "calendarYear": "1997",
    "period": "FY",
    "revenue": 76200000,
    "costOfRevenue": 55700000,
    "grossProfit": 20500000,
    "grossProfitRatio": 0.2690288714,
    "researchAndDevelopmentExpenses": 0,
    "generalAndAdministrativeExpenses": 11600000,
    "sellingAndMarketingExpenses": 0,
    "sellingGeneralAndAdministrativeExpenses": 11600000,
    "otherExpenses": 3300000,
    "operatingExpenses": 14900000,
    "costAndExpenses": 70600000,
    "interestIncome": 0,
    "interestExpense": 0,
    "depreciationAndAmortization": 3300000,
    "ebitda": 9000000,
    "ebitdaratio": 0.1181102362,
    "operatingIncome": 5600000,
    "operatingIncomeRatio": 0.0734908136,
    "totalOtherIncomeExpensesNet": -600000,
    "incomeBeforeTax": 4300000,
    "incomeBeforeTaxRatio": 0.0564304462,
    "incomeTaxExpense": 1800000,
    "netIncome": 2500000,
    "netIncomeRatio": 0.032808399,
    "eps": 0.13,
    "epsdiluted": 0.13,
    "weightedAverageShsOut": 43200000,
    "weightedAverageShsOutDil": 43200000,
    "link": "https://www.sec.gov/Archives/edgar/data/1050915/000089924398000535/0000899243-98-000535-index.html",
    "finalLink": "https://www.sec.gov/Archives/edgar/data/1050915/"
  }
]