[
  {
    "date": "2025-06-30",
    "symbol": "PYPL",
    "reportedCurrency": "USD",
    "cik": "0001633917",
    "fillingDate": "2025-07-29",
    "acceptedDate": "2025-07-29 17:06:28",
    "calendarYear": "2025",
    "period": "Q2",
    "revenue": 8288000000,
    "costOfRevenue": 4444000000,
    "grossProfit": 3844000000,
    "grossProfitRatio": 0.4638030888,
    "researchAndDevelopmentExpenses": 767000000,
    "generalAndAdministrativeExpenses": 461000000,
    "sellingAndMarketingExpenses": 583000000,
    "sellingGeneralAndAdministrativeExpenses": 1044000000,
    "otherExpenses": 529000000,
    "operatingExpenses": 2340000000,
    "costAndExpenses": 6784000000,
    "interestIncome": 135000000,
    "interestExpense": 114000000,
    "depreciationAndAmortization": 239000000,
    "ebitda": 1882000000,
    "ebitdaratio": 0.2270752896,
    "operatingIncome": 1504000000,
    "operatingIncomeRatio": 0.1814671815,
    "totalOtherIncomeExpensesNet": 25000000,
    "incomeBeforeTax": 1529000000,
    "incomeBeforeTaxRatio": 0.1844835907,
    "incomeTaxExpense": 268000000,
    "netIncome": 1261000000,
    "netIncomeRatio": 0.1521476834,
    "eps": 1.3,
    "epsdiluted": 1.29,
    "weightedAverageShsOut": 969000000,
    "weightedAverageShsOutDil": 977000000,
    "link": "https://www.sec.gov/Archives/edgar/data/1633917/000163391725000161/0001633917-25-000161-index.htm",
    "finalLink": "https://www.sec.gov/Archives/edgar/data/1633917/000163391725000161/pypl-20250630.htm"
  },
  {
    "date": "2025-03-31",
    "symbol": "PYPL",
    "reportedCurrency": "USD",
    "cik": "0001633917",
    "fillingDate": "2025-04-29",
    "acceptedDate": "2025-04-29 16:54:06",
    "calendarYear": "2025",
    "period": "Q1",
    "revenue": 7791000000,
    "costOfRevenue": 4075000000,
    "grossProfit": 3716000000,
    "grossProfitRatio": 0.4769605956,
    "researchAndDevelopmentExpenses": 731000000,
    "generalAndAdministrativeExpenses": 503000000,
    "sellingAndMarketingExpenses": 488000000,
    "sellingGeneralAndAdministrativeExpenses": 991000000,
    "otherExpenses": 464000000,
    "operatingExpenses": 2186000000,
    "costAndExpenses": 6261000000,
    "interestIncome": 145000000,
    "interestExpense": 103000000,
    "depreciationAndAmortization": 245000000,
    "ebitda": 1951000000,
    "ebitdaratio": 0.250417148,
    "operatingIncome": 1530000000,
    "operatingIncomeRatio": 0.196380439,
    "totalOtherIncomeExpensesNet": 73000000,
    "incomeBeforeTax": 1603000000,
    "incomeBeforeTaxRatio": 0.2057502246,
    "incomeTaxExpense": 316000000,
    "netIncome": 1287000000,
    "netIncomeRatio": 0.1651906045,
    "eps": 1.31,
    "epsdiluted": 1.29,
    "weightedAverageShsOut": 986000000,
    "weightedAverageShsOutDil": 999000000,
    "link": "https://www.sec.gov/Archives/edgar/data/1633917/000163391725000064/0001633917-25-000064-index.htm",
    "finalLink": "https://www.sec.gov/Archives/edgar/data/1633917/000163391725000064/pypl-20250331.htm"
  },
  {
    "date": "2024-12-31",
    "symbol": "PYPL",
    "reportedCurrency": "USD",
    "cik": "0001633917",
    "fillingDate": "2025-02-04",
    "acceptedDate": "2025-02-04 17:25:36",
    "calendarYear": "2024",
    "period": "Q4",
    "revenue": 8366000000,
    "costOfRevenue": 4431000000,
    "grossProfit": 3935000000,
    "grossProfitRatio": 0.4703562037,
    "researchAndDevelopmentExpenses": 773000000,
    "generalAndAdministrativeExpenses": 594000000,
    "sellingAndMarketingExpenses": 626000000,
    "sellingGeneralAndAdministrativeExpenses": 1220000000,
    "otherExpenses": 501000000,
    "operatingExpenses": 2494000000,
    "costAndExpenses": 6925000000,
    "interestIncome": 148000000,
    "interestExpense": 97000000,
    "depreciationAndAmortization": 249000000,
    "ebitda": 1756000000,
    "ebitdaratio": 0.209897203,
    "operatingIncome": 1441000000,
    "operatingIncomeRatio": 0.1722448004,
    "totalOtherIncomeExpensesNet": -31000000,
    "incomeBeforeTax": 1410000000,
    "incomeBeforeTaxRatio": 0.1685393258,
    "incomeTaxExpense": 289000000,
    "netIncome": 1121000000,
    "netIncomeRatio": 0.1339947406,
    "eps": 1.12,
    "epsdiluted": 1.11,
    "weightedAverageShsOut": 997000000,
    "weightedAverageShsOutDil": 1014000000,
    "link": "https://www.sec.gov/Archives/edgar/data/1633917/000163391725000019/0001633917-25-000019-index.htm",
    "finalLink": "https://www.sec.gov/Archives/edgar/data/1633917/000163391725000019/pypl-20241231.htm"
  },
  {
    "date": "2024-09-30",
    "symbol": "PYPL",
    "reportedCurrency": "USD",
    "cik": "0001633917",
    "fillingDate": "2024-10-29",
    "acceptedDate": "2024-10-29 16:55:06",
    "calendarYear": "2024",
    "period": "Q3",
    "revenue": 7847000000,
    "costOfRevenue": 4193000000,
    "grossProfit": 3654000000,
    "grossProfitRatio": 0.4656556646,
    "researchAndDevelopmentExpenses": 746000000,
    "generalAndAdministrativeExpenses": 519000000,
    "sellingAndMarketingExpenses": 508000000,
    "sellingGeneralAndAdministrativeExpenses": 1027000000,
    "otherExpenses": 490000000,
    "operatingExpenses": 2263000000,
    "costAndExpenses": 6456000000,
    "interestIncome": 183000000,
    "interestExpense": 106000000,
    "depreciationAndAmortization": 255000000,
    "ebitda": 1672000000,
    "ebitdaratio": 0.2130750605,
    "operatingIncome": 1391000000,
    "operatingIncomeRatio": 0.1772651969,
    "totalOtherIncomeExpensesNet": -80000000,
    "incomeBeforeTax": 1311000000,
    "incomeBeforeTaxRatio": 0.1670702179,
    "incomeTaxExpense": 301000000,
    "netIncome": 1010000000,
    "netIncomeRatio": 0.1287116095,
    "eps": 1,
    "epsdiluted": 0.99,
    "weightedAverageShsOut": 1015000000,
    "weightedAverageShsOutDil": 1024000000,
    "link": "https://www.sec.gov/Archives/edgar/data/1633917/000163391724000110/0001633917-24-000110-index.htm",
    "finalLink": "https://www.sec.gov/Archives/edgar/data/1633917/000163391724000110/pypl-20240930.htm"
  },
  {
    "date": "2024-06-30",
    "symbol": "PYPL",
    "reportedCurrency": "USD",
    "cik": "0001633917",
    "fillingDate": "2024-07-30",
    "acceptedDate": "2024-07-30 16:52:08",
    "calendarYear": "2024",
    "period": "Q2",
    "revenue": 7885000000,
    "costOfRevenue": 4277000000,
    "grossProfit": 3608000000,
    "grossProfitRatio": 0.4575776791,
    "researchAndDevelopmentExpenses": 718000000,
    "generalAndAdministrativeExpenses": 570000000,
    "sellingAndMarketingExpenses": 446000000,
    "sellingGeneralAndAdministrativeExpenses": 1016000000,
    "otherExpenses": 549000000,
    "operatingExpenses": 2283000000,
    "costAndExpenses": 6560000000,
    "interestIncome": 165000000,
    "interestExpense": 93000000,
    "depreciationAndAmortization": 263000000,
    "ebitda": 1755000000,
    "ebitdaratio": 0.2225745086,
    "operatingIncome": 1325000000,
    "operatingIncomeRatio": 0.1680405834,
    "totalOtherIncomeExpensesNet": 74000000,
    "incomeBeforeTax": 1399000000,
    "incomeBeforeTaxRatio": 0.1774254914,
    "incomeTaxExpense": 271000000,
    "netIncome": 1128000000,
    "netIncomeRatio": 0.1430564363,
    "eps": 1.08,
    "epsdiluted": 1.08,
    "weightedAverageShsOut": 1042000000,
    "weightedAverageShsOutDil": 1047000000,
    "link": "https://www.sec.gov/Archives/edgar/data/1633917/000163391724000098/0001633917-24-000098-index.htm",
    "finalLink": "https://www.sec.gov/Archives/edgar/data/1633917/000163391724000098/pypl-20240630.htm"
  },
  {
    "date": "2024-03-31",
    "symbol": "PYPL",
    "reportedCurrency": "USD",
    "cik": "0001633917",
    "fillingDate": "2024-04-30",
    "acceptedDate": "2024-04-30 16:49:48",
    "calendarYear": "2024",
    "period": "Q1",
    "revenue": 7699000000,
    "costOfRevenue": 4238000000,
    "grossProfit": 3461000000,
    "grossProfitRatio": 0.4495389012,
    "researchAndDevelopmentExpenses": 742000000,
    "generalAndAdministrativeExpenses": 464000000,
    "sellingAndMarketingExpenses": 421000000,
    "sellingGeneralAndAdministrativeExpenses": 885000000,
    "otherExpenses": 666000000,
    "operatingExpenses": 2293000000,
    "costAndExpenses": 6531000000,
    "interestIncome": 166000000,
    "interestExpense": 86000000,
    "depreciationAndAmortization": 265000000,
    "ebitda": 1560000000,
    "ebitdaratio": 0.2026237174,
    "operatingIncome": 1168000000,
    "operatingIncomeRatio": 0.151708014,
    "totalOtherIncomeExpensesNet": 41000000,
    "incomeBeforeTax": 1209000000,
    "incomeBeforeTaxRatio": 0.157033381,
    "incomeTaxExpense": 321000000,
    "netIncome": 888000000,
    "netIncomeRatio": 0.1153396545,
    "eps": 0.83,
    "epsdiluted": 0.83,
    "weightedAverageShsOut": 1064000000,
    "weightedAverageShsOutDil": 1072000000,
    "link": "https://www.sec.gov/Archives/edgar/data/1633917/000163391724000048/0001633917-24-000048-index.htm",
    "finalLink": "https://www.sec.gov/Archives/edgar/data/1633917/000163391724000048/pypl-20240331.htm"
  },
  {
    "date": "2023-12-31",
    "symbol": "PYPL",
    "reportedCurrency": "USD",
    "cik": "0001633917",
    "fillingDate": "2024-02-08",
    "acceptedDate": "2024-02-07 19:35:06",
    "calendarYear": "2023",
    "period": "Q4",
    "revenue": 8026000000,
    "costOfRevenue": 4354000000,
    "grossProfit": 3672000000,
    "grossProfitRatio": 0.4575130825,
    "researchAndDevelopmentExpenses": 770000000,
    "generalAndAdministrativeExpenses": 554000000,
    "sellingAndMarketingExpenses": 466000000,
    "sellingGeneralAndAdministrativeExpenses": 1020000000,
    "otherExpenses": 154000000,
    "operatingExpenses": 1944000000,
    "costAndExpenses": 6298000000,
    "interestIncome": 132000000,
    "interestExpense": 87000000,
    "depreciationAndAmortization": 263000000,
    "ebitda": 2143000000,
    "ebitdaratio": 0.2670072265,
    "operatingIncome": 1728000000,
    "operatingIncomeRatio": 0.2153002741,
    "totalOtherIncomeExpensesNet": 65000000,
    "incomeBeforeTax": 1793000000,
    "incomeBeforeTaxRatio": 0.2233989534,
    "incomeTaxExpense": 391000000,
    "netIncome": 1402000000,
    "netIncomeRatio": 0.1746822826,
    "eps": 1.3,
    "epsdiluted": 1.29,
    "weightedAverageShsOut": 1077000000,
    "weightedAverageShsOutDil": 1084000000,
    "link": "https://www.sec.gov/Archives/edgar/data/1633917/000163391724000024/0001633917-24-000024-index.htm",
    "finalLink": "https://www.sec.gov/Archives/edgar/data/1633917/000163391724000024/pypl-20231231.htm"
  },
  {
    "date": "2023-09-30",
    "symbol": "PYPL",
    "reportedCurrency": "USD",
    "cik": "0001633917",
    "fillingDate": "2023-11-02",
    "acceptedDate": "2023-11-01 19:36:59",
    "calendarYear": "2023",
    "period": "Q3",
    "revenue": 7418000000,
    "costOfRevenue": 4049000000,
    "grossProfit": 3369000000,
    "grossProfitRatio": 0.4541655433,
    "researchAndDevelopmentExpenses": 739000000,
    "generalAndAdministrativeExpenses": 507000000,
    "sellingAndMarketingExpenses": 442000000,
    "sellingGeneralAndAdministrativeExpenses": 949000000,
    "otherExpenses": 513000000,
    "operatingExpenses": 2201000000,
    "costAndExpenses": 6250000000,
    "interestIncome": 124000000,
    "interestExpense": 86000000,
    "depreciationAndAmortization": 270000000,
    "ebitda": 1597000000,
    "ebitdaratio": 0.2152871394,
    "operatingIncome": 1168000000,
    "operatingIncomeRatio": 0.1574548396,
    "totalOtherIncomeExpensesNet": 73000000,
    "incomeBeforeTax": 1241000000,
    "incomeBeforeTaxRatio": 0.1672957671,
    "incomeTaxExpense": 221000000,
    "netIncome": 1020000000,
    "netIncomeRatio": 0.1375033702,
    "eps": 0.93,
    "epsdiluted": 0.93,
    "weightedAverageShsOut": 1094000000,
    "weightedAverageShsOutDil": 1098000000,
    "link": "https://www.sec.gov/Archives/edgar/data/1633917/000163391723000156/0001633917-23-000156-index.htm",
    "finalLink": "https://www.sec.gov/Archives/edgar/data/1633917/000163391723000156/pypl-20230930.htm"
  },
  {
    "date": "2023-06-30",
    "symbol": "PYPL",
    "reportedCurrency": "USD",
    "cik": "0001633917",
    "fillingDate": "2023-08-03",
    "acceptedDate": "2023-08-02 19:24:53",
    "calendarYear": "2023",
    "period": "Q2",
    "revenue": 7287000000,
    "costOfRevenue": 3939000000,
    "grossProfit": 3348000000,
    "grossProfitRatio": 0.4594483326,
    "researchAndDevelopmentExpenses": 743000000,
    "generalAndAdministrativeExpenses": 491000000,
    "sellingAndMarketingExpenses": 465000000,
    "sellingGeneralAndAdministrativeExpenses": 956000000,
    "otherExpenses": 516000000,
    "operatingExpenses": 2215000000,
    "costAndExpenses": 6154000000,
    "interestIncome": 116000000,
    "interestExpense": 87000000,
    "depreciationAndAmortization": 269000000,
    "ebitda": 1659000000,
    "ebitdaratio": 0.2276657061,
    "operatingIncome": 1133000000,
    "operatingIncomeRatio": 0.1554823659,
    "totalOtherIncomeExpensesNet": 170000000,
    "incomeBeforeTax": 1303000000,
    "incomeBeforeTaxRatio": 0.1788115823,
    "incomeTaxExpense": 274000000,
    "netIncome": 1029000000,
    "netIncomeRatio": 0.1412103746,
    "eps": 0.93,
    "epsdiluted": 0.92,
    "weightedAverageShsOut": 1111000000,
    "weightedAverageShsOutDil": 1114000000,
    "link": "https://www.sec.gov/Archives/edgar/data/1633917/000163391723000117/0001633917-23-000117-index.htm",
    "finalLink": "https://www.sec.gov/Archives/edgar/data/1633917/000163391723000117/pypl-20230630.htm"
  },
  {
    "date": "2023-03-31",
    "symbol": "PYPL",
    "reportedCurrency": "USD",
    "cik": "0001633917",
    "fillingDate": "2023-05-09",
    "acceptedDate": "2023-05-08 19:11:44",
    "calendarYear": "2023",
    "period": "Q1",
    "revenue": 7040000000,
    "costOfRevenue": 3725000000,
    "grossProfit": 3315000000,
    "grossProfitRatio": 0.4708806818,
    "researchAndDevelopmentExpenses": 721000000,
    "generalAndAdministrativeExpenses": 507000000,
    "sellingAndMarketingExpenses": 436000000,
    "sellingGeneralAndAdministrativeExpenses": 943000000,
    "otherExpenses": 652000000,
    "operatingExpenses": 2316000000,
    "costAndExpenses": 6041000000,
    "interestIncome": 108000000,
    "interestExpense": 87000000,
    "depreciationAndAmortization": 270000000,
    "ebitda": 1431000000,
    "ebitdaratio": 0.2032670455,
    "operatingIncome": 999000000,
    "operatingIncomeRatio": 0.1419034091,
    "totalOtherIncomeExpensesNet": 75000000,
    "incomeBeforeTax": 1074000000,
    "incomeBeforeTaxRatio": 0.1525568182,
    "incomeTaxExpense": 279000000,
    "netIncome": 795000000,
    "netIncomeRatio": 0.1129261364,
    "eps": 0.7,
    "epsdiluted": 0.7,
    "weightedAverageShsOut": 1129000000,
    "weightedAverageShsOutDil": 1134000000,
    "link": "https://www.sec.gov/Archives/edgar/data/1633917/000163391723000072/0001633917-23-000072-index.htm",
    "finalLink": "https://www.sec.gov/Archives/edgar/data/1633917/000163391723000072/pypl-20230331.htm"
  },
  {
    "date": "2022-12-31",
    "symbol": "PYPL",
    "reportedCurrency": "USD",
    "cik": "0001633917",
    "fillingDate": "2023-02-10",
    "acceptedDate": "2023-02-09 19:38:19",
    "calendarYear": "2022",
    "period": "Q4",
    "revenue": 7383000000,
    "costOfRevenue": 3712000000,
    "grossProfit": 3671000000,
    "grossProfitRatio": 0.4972233509,
    "researchAndDevelopmentExpenses": 822000000,
    "generalAndAdministrativeExpenses": 515000000,
    "sellingAndMarketingExpenses": 524000000,
    "sellingGeneralAndAdministrativeExpenses": 1039000000,
    "otherExpenses": 566000000,
    "operatingExpenses": 2427000000,
    "costAndExpenses": 6139000000,
    "interestIncome": 84000000,
    "interestExpense": 89000000,
    "depreciationAndAmortization": 326000000,
    "ebitda": 1525000000,
    "ebitdaratio": 0.2065556007,
    "operatingIncome": 1244000000,
    "operatingIncomeRatio": 0.1684951917,
    "totalOtherIncomeExpensesNet": -134000000,
    "incomeBeforeTax": 1110000000,
    "incomeBeforeTaxRatio": 0.1503453881,
    "incomeTaxExpense": 189000000,
    "netIncome": 921000000,
    "netIncomeRatio": 0.1247460382,
    "eps": 0.81,
    "epsdiluted": 0.81,
    "weightedAverageShsOut": 1139000000,
    "weightedAverageShsOutDil": 1144000000,
    "link": "https://www.sec.gov/Archives/edgar/data/1633917/000163391723000033/0001633917-23-000033-index.htm",
    "finalLink": "https://www.sec.gov/Archives/edgar/data/1633917/000163391723000033/pypl-20221231.htm"
  },
  {
    "date": "2022-09-30",
    "symbol": "PYPL",
    "reportedCurrency": "USD",
    "cik": "0001633917",
    "fillingDate": "2022-11-04",
    "acceptedDate": "2022-11-03 19:29:22",
    "calendarYear": "2022",
    "period": "Q3",
    "revenue": 6846000000,
    "costOfRevenue": 3355000000,
    "grossProfit": 3491000000,
    "grossProfitRatio": 0.5099328075,
    "researchAndDevelopmentExpenses": 801000000,
    "generalAndAdministrativeExpenses": 463000000,
    "sellingAndMarketingExpenses": 544000000,
    "sellingGeneralAndAdministrativeExpenses": 1007000000,
    "otherExpenses": 565000000,
    "operatingExpenses": 2373000000,
    "costAndExpenses": 5728000000,
    "interestIncome": 48000000,
    "interestExpense": 87000000,
    "depreciationAndAmortization": 330000000,
    "ebitda": 1995000000,
    "ebitdaratio": 0.2914110429,
    "operatingIncome": 1118000000,
    "operatingIncomeRatio": 0.1633070406,
    "totalOtherIncomeExpensesNet": 460000000,
    "incomeBeforeTax": 1578000000,
    "incomeBeforeTaxRatio": 0.2304995618,
    "incomeTaxExpense": 248000000,
    "netIncome": 1330000000,
    "netIncomeRatio": 0.1942740286,
    "eps": 1.15,
    "epsdiluted": 1.15,
    "weightedAverageShsOut": 1154000000,
    "weightedAverageShsOutDil": 1157000000,
    "link": "https://www.sec.gov/Archives/edgar/data/1633917/000163391722000167/0001633917-22-000167-index.htm",
    "finalLink": "https://www.sec.gov/Archives/edgar/data/1633917/000163391722000167/pypl-20220930.htm"
  },
  {
    "date": "2022-06-30",
    "symbol": "PYPL",
    "reportedCurrency": "USD",
    "cik": "0001633917",
    "fillingDate": "2022-08-03",
    "acceptedDate": "2022-08-02 19:32:26",
    "calendarYear": "2022",
    "period": "Q2",
    "revenue": 6806000000,
    "costOfRevenue": 3492000000,
    "grossProfit": 3314000000,
    "grossProfitRatio": 0.486923303,
    "researchAndDevelopmentExpenses": 815000000,
    "generalAndAdministrativeExpenses": 514000000,
    "sellingAndMarketingExpenses": 595000000,
    "sellingGeneralAndAdministrativeExpenses": 1109000000,
    "otherExpenses": 626000000,
    "operatingExpenses": 2550000000,
    "costAndExpenses": 6042000000,
    "interestIncome": 27000000,
    "interestExpense": 69000000,
    "depreciationAndAmortization": 333000000,
    "ebitda": 451000000,
    "ebitdaratio": 0.0662650602,
    "operatingIncome": 764000000,
    "operatingIncomeRatio": 0.1122538936,
    "totalOtherIncomeExpensesNet": -715000000,
    "incomeBeforeTax": 49000000,
    "incomeBeforeTaxRatio": 0.0071995298,
    "incomeTaxExpense": 390000000,
    "netIncome": -341000000,
    "netIncomeRatio": -0.0501028504,
    "eps": -0.29,
    "epsdiluted": -0.29,
    "weightedAverageShsOut": 1158000000,
    "weightedAverageShsOutDil": 1158000000,
    "link": "https://www.sec.gov/Archives/edgar/data/1633917/000163391722000137/0001633917-22-000137-index.htm",
    "finalLink": "https://www.sec.gov/Archives/edgar/data/1633917/000163391722000137/pypl-20220630.htm"
  },
  {
    "date": "2022-03-31",
    "symbol": "PYPL",
    "reportedCurrency": "USD",
    "cik": "0001633917",
    "fillingDate": "2022-04-28",
    "acceptedDate": "2022-04-28 16:49:04",
    "calendarYear": "2022",
    "period": "Q1",
    "revenue": 6483000000,
    "costOfRevenue": 3186000000,
    "grossProfit": 3297000000,
    "grossProfitRatio": 0.5085608515,
    "researchAndDevelopmentExpenses": 815000000,
    "generalAndAdministrativeExpenses": 607000000,
    "sellingAndMarketingExpenses": 594000000,
    "sellingGeneralAndAdministrativeExpenses": 1201000000,
    "otherExpenses": 570000000,
    "operatingExpenses": 2586000000,
    "costAndExpenses": 5772000000,
    "interestIncome": 15000000,
    "interestExpense": 59000000,
    "depreciationAndAmortization": 328000000,
    "ebitda": 1016000000,
    "ebitdaratio": 0.156717569,
    "operatingIncome": 711000000,
    "operatingIncomeRatio": 0.1096714484,
    "totalOtherIncomeExpensesNet": -82000000,
    "incomeBeforeTax": 629000000,
    "incomeBeforeTaxRatio": 0.0970229832,
    "incomeTaxExpense": 120000000,
    "netIncome": 509000000,
    "netIncomeRatio": 0.0785130341,
    "eps": 0.44,
    "epsdiluted": 0.43,
    "weightedAverageShsOut": 1163000000,
    "weightedAverageShsOutDil": 1172000000,
    "link": "https://www.sec.gov/Archives/edgar/data/1633917/000163391722000088/0001633917-22-000088-index.htm",
    "finalLink": "https://www.sec.gov/Archives/edgar/data/1633917/000163391722000088/pypl-20220331.htm"
  },
  {
    "date": "2021-12-31",
    "symbol": "PYPL",
    "reportedCurrency": "USD",
    "cik": "0001633917",
    "fillingDate": "2022-02-03",
    "acceptedDate": "2022-02-03 16:55:53",
    "calendarYear": "2021",
    "period": "Q4",
    "revenue": 6918000000,
    "costOfRevenue": 3302000000,
    "grossProfit": 3616000000,
    "grossProfitRatio": 0.5226944204,
    "researchAndDevelopmentExpenses": 796000000,
    "generalAndAdministrativeExpenses": 570000000,
    "sellingAndMarketingExpenses": 666000000,
    "sellingGeneralAndAdministrativeExpenses": 1236000000,
    "otherExpenses": 534000000,
    "operatingExpenses": 2566000000,
    "costAndExpenses": 5868000000,
    "interestIncome": 14000000,
    "interestExpense": 59000000,
    "depreciationAndAmortization": 326000000,
    "ebitda": 1091000000,
    "ebitdaratio": 0.1577045389,
    "operatingIncome": 1050000000,
    "operatingIncomeRatio": 0.1517779705,
    "totalOtherIncomeExpensesNet": -344000000,
    "incomeBeforeTax": 706000000,
    "incomeBeforeTaxRatio": 0.1020526164,
    "incomeTaxExpense": -95000000,
    "netIncome": 801000000,
    "netIncomeRatio": 0.1157849089,
    "eps": 0.68,
    "epsdiluted": 0.67,
    "weightedAverageShsOut": 1174000000,
    "weightedAverageShsOutDil": 1187000000,
    "link": "https://www.sec.gov/Archives/edgar/data/1633917/000163391722000027/0001633917-22-000027-index.htm",
    "finalLink": "https://www.sec.gov/Archives/edgar/data/1633917/000163391722000027/pypl-20211231.htm"
  },
  {
    "date": "2021-09-30",
    "symbol": "PYPL",
    "reportedCurrency": "USD",
    "cik": "0001633917",
    "fillingDate": "2021-11-09",
    "acceptedDate": "2021-11-08 19:24:41",
    "calendarYear": "2021",
    "period": "Q3",
    "revenue": 6182000000,
    "costOfRevenue": 2832000000,
    "grossProfit": 3350000000,
    "grossProfitRatio": 0.5418958266,
    "researchAndDevelopmentExpenses": 755000000,
    "generalAndAdministrativeExpenses": 498000000,
    "sellingAndMarketingExpenses": 549000000,
    "sellingGeneralAndAdministrativeExpenses": 1047000000,
    "otherExpenses": 505000000,
    "operatingExpenses": 2307000000,
    "costAndExpenses": 5139000000,
    "interestIncome": 15000000,
    "interestExpense": 58000000,
    "depreciationAndAmortization": 323000000,
    "ebitda": 1546000000,
    "ebitdaratio": 0.25008088,
    "operatingIncome": 1043000000,
    "operatingIncomeRatio": 0.168715626,
    "totalOtherIncomeExpensesNet": 122000000,
    "incomeBeforeTax": 1165000000,
    "incomeBeforeTaxRatio": 0.1884503397,
    "incomeTaxExpense": 78000000,
    "netIncome": 1087000000,
    "netIncomeRatio": 0.1758330637,
    "eps": 0.93,
    "epsdiluted": 0.92,
    "weightedAverageShsOut": 1174000000,
    "weightedAverageShsOutDil": 1187000000,
    "link": "https://www.sec.gov/Archives/edgar/data/1633917/000163391721000169/0001633917-21-000169-index.htm",
    "finalLink": "https://www.sec.gov/Archives/edgar/data/1633917/000163391721000169/pypl-20210930.htm"
  },
  {
    "date": "2021-06-30",
    "symbol": "PYPL",
    "reportedCurrency": "USD",
    "cik": "0001633917",
    "fillingDate": "2021-07-29",
    "acceptedDate": "2021-07-29 16:40:05",
    "calendarYear": "2021",
    "period": "Q2",
    "revenue": 6238000000,
    "costOfRevenue": 2693000000,
    "grossProfit": 3545000000,
    "grossProfitRatio": 0.5682911189,
    "researchAndDevelopmentExpenses": 746000000,
    "generalAndAdministrativeExpenses": 522000000,
    "sellingAndMarketingExpenses": 628000000,
    "sellingGeneralAndAdministrativeExpenses": 1150000000,
    "otherExpenses": 522000000,
    "operatingExpenses": 2418000000,
    "costAndExpenses": 5111000000,
    "interestIncome": 13000000,
    "interestExpense": 57000000,
    "depreciationAndAmortization": 316000000,
    "ebitda": 1729000000,
    "ebitdaratio": 0.2771721706,
    "operatingIncome": 1127000000,
    "operatingIncomeRatio": 0.1806668804,
    "totalOtherIncomeExpensesNet": 229000000,
    "incomeBeforeTax": 1356000000,
    "incomeBeforeTaxRatio": 0.2173773645,
    "incomeTaxExpense": 172000000,
    "netIncome": 1184000000,
    "netIncomeRatio": 0.1898044245,
    "eps": 1.01,
    "epsdiluted": 1,
    "weightedAverageShsOut": 1174000000,
    "weightedAverageShsOutDil": 1186000000,
    "link": "https://www.sec.gov/Archives/edgar/data/1633917/000163391721000149/0001633917-21-000149-index.htm",
    "finalLink": "https://www.sec.gov/Archives/edgar/data/1633917/000163391721000149/pypl-20210630.htm"
  },
  {
    "date": "2021-03-31",
    "symbol": "PYPL",
    "reportedCurrency": "USD",
    "cik": "0001633917",
    "fillingDate": "2021-05-06",
    "acceptedDate": "2021-05-05 18:59:31",
    "calendarYear": "2021",
    "period": "Q1",
    "revenue": 6033000000,
    "costOfRevenue": 2548000000,
    "grossProfit": 3485000000,
    "grossProfitRatio": 0.5776562241,
    "researchAndDevelopmentExpenses": 741000000,
    "generalAndAdministrativeExpenses": 524000000,
    "sellingAndMarketingExpenses": 602000000,
    "sellingGeneralAndAdministrativeExpenses": 1126000000,
    "otherExpenses": 576000000,
    "operatingExpenses": 2443000000,
    "costAndExpenses": 4991000000,
    "interestIncome": 15000000,
    "interestExpense": 58000000,
    "depreciationAndAmortization": 300000000,
    "ebitda": 1230000000,
    "ebitdaratio": 0.2038786673,
    "operatingIncome": 1042000000,
    "operatingIncomeRatio": 0.1727167247,
    "totalOtherIncomeExpensesNet": -170000000,
    "incomeBeforeTax": 872000000,
    "incomeBeforeTaxRatio": 0.1445383723,
    "incomeTaxExpense": -225000000,
    "netIncome": 1097000000,
    "netIncomeRatio": 0.1818332505,
    "eps": 0.94,
    "epsdiluted": 0.92,
    "weightedAverageShsOut": 1173000000,
    "weightedAverageShsOutDil": 1190000000,
    "link": "https://www.sec.gov/Archives/edgar/data/1633917/000163391721000100/0001633917-21-000100-index.htm",
    "finalLink": "https://www.sec.gov/Archives/edgar/data/1633917/000163391721000100/pypl-20210331.htm"
  },
  {
    "date": "2020-12-31",
    "symbol": "PYPL",
    "reportedCurrency": "USD",
    "cik": "0001633917",
    "fillingDate": "2021-02-05",
    "acceptedDate": "2021-02-04 19:30:14",
    "calendarYear": "2020",
    "period": "Q4",
    "revenue": 6116000000,
    "costOfRevenue": 2696000000,
    "grossProfit": 3420000000,
    "grossProfitRatio": 0.5591890124,
    "researchAndDevelopmentExpenses": 732000000,
    "generalAndAdministrativeExpenses": 569000000,
    "sellingAndMarketingExpenses": 605000000,
    "sellingGeneralAndAdministrativeExpenses": 1174000000,
    "otherExpenses": 551000000,
    "operatingExpenses": 2457000000,
    "costAndExpenses": 5153000000,
    "interestIncome": 16000000,
    "interestExpense": 59000000,
    "depreciationAndAmortization": 301000000,
    "ebitda": 2219000000,
    "ebitdaratio": 0.3628188358,
    "operatingIncome": 963000000,
    "operatingIncomeRatio": 0.1574558535,
    "totalOtherIncomeExpensesNet": 896000000,
    "incomeBeforeTax": 1859000000,
    "incomeBeforeTaxRatio": 0.3039568345,
    "incomeTaxExpense": 292000000,
    "netIncome": 1567000000,
    "netIncomeRatio": 0.2562132112,
    "eps": 1.34,
    "epsdiluted": 1.34,
    "weightedAverageShsOut": 1172000000,
    "weightedAverageShsOutDil": 1172000000,
    "link": "https://www.sec.gov/Archives/edgar/data/1633917/000163391721000018/0001633917-21-000018-index.htm",
    "finalLink": "https://www.sec.gov/Archives/edgar/data/1633917/000163391721000018/pypl-20201231.htm"
  },
  {
    "date": "2020-09-30",
    "symbol": "PYPL",
    "reportedCurrency": "USD",
    "cik": "0001633917",
    "fillingDate": "2020-11-03",
    "acceptedDate": "2020-11-02 19:24:56",
    "calendarYear": "2020",
    "period": "Q3",
    "revenue": 5459000000,
    "costOfRevenue": 2366000000,
    "grossProfit": 3093000000,
    "grossProfitRatio": 0.566587287,
    "researchAndDevelopmentExpenses": 674000000,
    "generalAndAdministrativeExpenses": 503000000,
    "sellingAndMarketingExpenses": 471000000,
    "sellingGeneralAndAdministrativeExpenses": 974000000,
    "otherExpenses": 468000000,
    "operatingExpenses": 2116000000,
    "costAndExpenses": 4482000000,
    "interestIncome": 17000000,
    "interestExpense": 58000000,
    "depreciationAndAmortization": 298000000,
    "ebitda": 1500000000,
    "ebitdaratio": 0.2747755999,
    "operatingIncome": 977000000,
    "operatingIncomeRatio": 0.1789705074,
    "totalOtherIncomeExpensesNet": 167000000,
    "incomeBeforeTax": 1144000000,
    "incomeBeforeTaxRatio": 0.2095621909,
    "incomeTaxExpense": 123000000,
    "netIncome": 1021000000,
    "netIncomeRatio": 0.1870305917,
    "eps": 0.87,
    "epsdiluted": 0.86,
    "weightedAverageShsOut": 1172000000,
    "weightedAverageShsOutDil": 1190000000,
    "link": "https://www.sec.gov/Archives/edgar/data/1633917/000163391720000169/0001633917-20-000169-index.htm",
    "finalLink": "https://www.sec.gov/Archives/edgar/data/1633917/000163391720000169/pypl-20200930.htm"
  },
  {
    "date": "2020-06-30",
    "symbol": "PYPL",
    "reportedCurrency": "USD",
    "cik": "0001633917",
    "fillingDate": "2020-07-30",
    "acceptedDate": "2020-07-30 19:14:05",
    "calendarYear": "2020",
    "period": "Q2",
    "revenue": 5261000000,
    "costOfRevenue": 2283000000,
    "grossProfit": 2978000000,
    "grossProfitRatio": 0.5660520814,
    "researchAndDevelopmentExpenses": 631000000,
    "generalAndAdministrativeExpenses": 512000000,
    "sellingAndMarketingExpenses": 414000000,
    "sellingGeneralAndAdministrativeExpenses": 926000000,
    "otherExpenses": 470000000,
    "operatingExpenses": 2027000000,
    "costAndExpenses": 4310000000,
    "interestIncome": 22000000,
    "interestExpense": 55000000,
    "depreciationAndAmortization": 297000000,
    "ebitda": 2151000000,
    "ebitdaratio": 0.4088576316,
    "operatingIncome": 951000000,
    "operatingIncomeRatio": 0.1807641133,
    "totalOtherIncomeExpensesNet": 848000000,
    "incomeBeforeTax": 1799000000,
    "incomeBeforeTaxRatio": 0.3419501996,
    "incomeTaxExpense": 269000000,
    "netIncome": 1530000000,
    "netIncomeRatio": 0.2908192359,
    "eps": 1.3,
    "epsdiluted": 1.29,
    "weightedAverageShsOut": 1173000000,
    "weightedAverageShsOutDil": 1184000000,
    "link": "https://www.sec.gov/Archives/edgar/data/1633917/000163391720000134/0001633917-20-000134-index.htm",
    "finalLink": "https://www.sec.gov/Archives/edgar/data/1633917/000163391720000134/pypl-20200630.htm"
  },
  {
    "date": "2020-03-31",
    "symbol": "PYPL",
    "reportedCurrency": "USD",
    "cik": "0001633917",
    "fillingDate": "2020-05-07",
    "acceptedDate": "2020-05-06 19:34:38",
    "calendarYear": "2020",
    "period": "Q1",
    "revenue": 4618000000,
    "costOfRevenue": 2330000000,
    "grossProfit": 2288000000,
    "grossProfitRatio": 0.4954525769,
    "researchAndDevelopmentExpenses": 605000000,
    "generalAndAdministrativeExpenses": 486000000,
    "sellingAndMarketingExpenses": 371000000,
    "sellingGeneralAndAdministrativeExpenses": 857000000,
    "otherExpenses": 428000000,
    "operatingExpenses": 1890000000,
    "costAndExpenses": 4220000000,
    "interestIncome": 33000000,
    "interestExpense": 37000000,
    "depreciationAndAmortization": 293000000,
    "ebitda": 593000000,
    "ebitdaratio": 0.1284105673,
    "operatingIncome": 398000000,
    "operatingIncomeRatio": 0.0861844955,
    "totalOtherIncomeExpensesNet": -135000000,
    "incomeBeforeTax": 263000000,
    "incomeBeforeTaxRatio": 0.0569510611,
    "incomeTaxExpense": 179000000,
    "netIncome": 84000000,
    "netIncomeRatio": 0.0181896925,
    "eps": 0.07,
    "epsdiluted": 0.07,
    "weightedAverageShsOut": 1173000000,
    "weightedAverageShsOutDil": 1185000000,
    "link": "https://www.sec.gov/Archives/edgar/data/1633917/000163391720000093/0001633917-20-000093-index.htm",
    "finalLink": "https://www.sec.gov/Archives/edgar/data/1633917/000163391720000093/pyplq1202010-q.htm"
  },
  {
    "date": "2019-12-31",
    "symbol": "PYPL",
    "reportedCurrency": "USD",
    "cik": "0001633917",
    "fillingDate": "2020-02-06",
    "acceptedDate": "2020-02-06 16:28:40",
    "calendarYear": "2019",
    "period": "Q4",
    "revenue": 4961000000,
    "costOfRevenue": 2294000000,
    "grossProfit": 2667000000,
    "grossProfitRatio": 0.5375932272,
    "researchAndDevelopmentExpenses": 558000000,
    "generalAndAdministrativeExpenses": 472000000,
    "sellingAndMarketingExpenses": 400000000,
    "sellingGeneralAndAdministrativeExpenses": 872000000,
    "otherExpenses": 438000000,
    "operatingExpenses": 1868000000,
    "costAndExpenses": 4162000000,
    "interestIncome": 53000000,
    "interestExpense": 37000000,
    "depreciationAndAmortization": 227000000,
    "ebitda": 1118000000,
    "ebitdaratio": 0.2253577908,
    "operatingIncome": 799000000,
    "operatingIncomeRatio": 0.1610562387,
    "totalOtherIncomeExpensesNet": 55000000,
    "incomeBeforeTax": 854000000,
    "incomeBeforeTaxRatio": 0.1721427132,
    "incomeTaxExpense": 347000000,
    "netIncome": 507000000,
    "netIncomeRatio": 0.1021971377,
    "eps": 0.43,
    "epsdiluted": 0.43,
    "weightedAverageShsOut": 1174000000,
    "weightedAverageShsOutDil": 1187000000,
    "link": "https://www.sec.gov/Archives/edgar/data/1633917/000163391720000028/0001633917-20-000028-index.htm",
    "finalLink": "https://www.sec.gov/Archives/edgar/data/1633917/000163391720000028/pypl201910-k.htm"
  },
  {
    "date": "2019-09-30",
    "symbol": "PYPL",
    "reportedCurrency": "USD",
    "cik": "0001633917",
    "fillingDate": "2019-10-24",
    "acceptedDate": "2019-10-24 18:55:45",
    "calendarYear": "2019",
    "period": "Q3",
    "revenue": 4378000000,
    "costOfRevenue": 2041000000,
    "grossProfit": 2337000000,
    "grossProfitRatio": 0.5338053906,
    "researchAndDevelopmentExpenses": 533000000,
    "generalAndAdministrativeExpenses": 401000000,
    "sellingAndMarketingExpenses": 316000000,
    "sellingGeneralAndAdministrativeExpenses": 717000000,
    "otherExpenses": 390000000,
    "operatingExpenses": 1640000000,
    "costAndExpenses": 3681000000,
    "interestIncome": 47000000,
    "interestExpense": 29000000,
    "depreciationAndAmortization": 227000000,
    "ebitda": 740000000,
    "ebitdaratio": 0.1690269529,
    "operatingIncome": 697000000,
    "operatingIncomeRatio": 0.1592051165,
    "totalOtherIncomeExpensesNet": -213000000,
    "incomeBeforeTax": 484000000,
    "incomeBeforeTaxRatio": 0.1105527638,
    "incomeTaxExpense": 22000000,
    "netIncome": 462000000,
    "netIncomeRatio": 0.1055276382,
    "eps": 0.39,
    "epsdiluted": 0.39,
    "weightedAverageShsOut": 1175000000,
    "weightedAverageShsOutDil": 1188000000,
    "link": "https://www.sec.gov/Archives/edgar/data/1633917/000163391719000210/0001633917-19-000210-index.htm",
    "finalLink": "https://www.sec.gov/Archives/edgar/data/1633917/000163391719000210/pypl10-qq32019.htm"
  },
  {
    "date": "2019-06-30",
    "symbol": "PYPL",
    "reportedCurrency": "USD",
    "cik": "0001633917",
    "fillingDate": "2019-07-25",
    "acceptedDate": "2019-07-25 16:36:25",
    "calendarYear": "2019",
    "period": "Q2",
    "revenue": 4305000000,
    "costOfRevenue": 1945000000,
    "grossProfit": 2360000000,
    "grossProfitRatio": 0.5481997677,
    "researchAndDevelopmentExpenses": 483000000,
    "generalAndAdministrativeExpenses": 419000000,
    "sellingAndMarketingExpenses": 356000000,
    "sellingGeneralAndAdministrativeExpenses": 775000000,
    "otherExpenses": 397000000,
    "operatingExpenses": 1655000000,
    "costAndExpenses": 3600000000,
    "interestIncome": 48000000,
    "interestExpense": 27000000,
    "depreciationAndAmortization": 228000000,
    "ebitda": 1198000000,
    "ebitdaratio": 0.2782810685,
    "operatingIncome": 705000000,
    "operatingIncomeRatio": 0.1637630662,
    "totalOtherIncomeExpensesNet": 238000000,
    "incomeBeforeTax": 943000000,
    "incomeBeforeTaxRatio": 0.219047619,
    "incomeTaxExpense": 120000000,
    "netIncome": 823000000,
    "netIncomeRatio": 0.1911730546,
    "eps": 0.7,
    "epsdiluted": 0.69,
    "weightedAverageShsOut": 1175000000,
    "weightedAverageShsOutDil": 1187000000,
    "link": "https://www.sec.gov/Archives/edgar/data/1633917/000163391719000180/0001633917-19-000180-index.htm",
    "finalLink": "https://www.sec.gov/Archives/edgar/data/1633917/000163391719000180/pypl10-qq22019.htm"
  },
  {
    "date": "2019-03-31",
    "symbol": "PYPL",
    "reportedCurrency": "USD",
    "cik": "0001633917",
    "fillingDate": "2019-04-25",
    "acceptedDate": "2019-04-25 17:01:17",
    "calendarYear": "2019",
    "period": "Q1",
    "revenue": 4128000000,
    "costOfRevenue": 1890000000,
    "grossProfit": 2238000000,
    "grossProfitRatio": 0.5421511628,
    "researchAndDevelopmentExpenses": 511000000,
    "generalAndAdministrativeExpenses": 419000000,
    "sellingAndMarketingExpenses": 329000000,
    "sellingGeneralAndAdministrativeExpenses": 748000000,
    "otherExpenses": 461000000,
    "operatingExpenses": 1720000000,
    "costAndExpenses": 3610000000,
    "interestIncome": 49000000,
    "interestExpense": 22000000,
    "depreciationAndAmortization": 230000000,
    "ebitda": 969000000,
    "ebitdaratio": 0.2347383721,
    "operatingIncome": 518000000,
    "operatingIncomeRatio": 0.1254844961,
    "totalOtherIncomeExpensesNet": 199000000,
    "incomeBeforeTax": 717000000,
    "incomeBeforeTaxRatio": 0.1736918605,
    "incomeTaxExpense": 50000000,
    "netIncome": 667000000,
    "netIncomeRatio": 0.1615794574,
    "eps": 0.57,
    "epsdiluted": 0.56,
    "weightedAverageShsOut": 1171000000,
    "weightedAverageShsOutDil": 1188000000,
    "link": "https://www.sec.gov/Archives/edgar/data/1633917/000163391719000118/0001633917-19-000118-index.htm",
    "finalLink": "https://www.sec.gov/Archives/edgar/data/1633917/000163391719000118/pypl10-qq12019.htm"
  },
  {
    "date": "2018-12-31",
    "symbol": "PYPL",
    "reportedCurrency": "USD",
    "cik": "0001633917",
    "fillingDate": "2019-02-07",
    "acceptedDate": "2019-02-07 16:47:58",
    "calendarYear": "2018",
    "period": "Q4",
    "revenue": 4226000000,
    "costOfRevenue": 1918000000,
    "grossProfit": 2308000000,
    "grossProfitRatio": 0.5461429248,
    "researchAndDevelopmentExpenses": 289000000,
    "generalAndAdministrativeExpenses": 390000000,
    "sellingAndMarketingExpenses": 389000000,
    "sellingGeneralAndAdministrativeExpenses": 779000000,
    "otherExpenses": 642000000,
    "operatingExpenses": 1710000000,
    "costAndExpenses": 3628000000,
    "interestIncome": 52000000,
    "interestExpense": 20000000,
    "depreciationAndAmortization": 223000000,
    "ebitda": 929000000,
    "ebitdaratio": 0.2198296261,
    "operatingIncome": 598000000,
    "operatingIncomeRatio": 0.1415049692,
    "totalOtherIncomeExpensesNet": 88000000,
    "incomeBeforeTax": 686000000,
    "incomeBeforeTaxRatio": 0.162328443,
    "incomeTaxExpense": 102000000,
    "netIncome": 584000000,
    "netIncomeRatio": 0.1381921439,
    "eps": 0.5,
    "epsdiluted": 0.49,
    "weightedAverageShsOut": 1177000000,
    "weightedAverageShsOutDil": 1196000000,
    "link": "https://www.sec.gov/Archives/edgar/data/1633917/000163391719000043/0001633917-19-000043-index.htm",
    "finalLink": "https://www.sec.gov/Archives/edgar/data/1633917/000163391719000043/pypl201810-k.htm"
  },
  {
    "date": "2018-09-30",
    "symbol": "PYPL",
    "reportedCurrency": "USD",
    "cik": "0001633917",
    "fillingDate": "2018-10-23",
    "acceptedDate": "2018-10-23 16:22:49",
    "calendarYear": "2018",
    "period": "Q3",
    "revenue": 3683000000,
    "costOfRevenue": 1661000000,
    "grossProfit": 2022000000,
    "grossProfitRatio": 0.5490089601,
    "researchAndDevelopmentExpenses": 452000000,
    "generalAndAdministrativeExpenses": 377000000,
    "sellingAndMarketingExpenses": 325000000,
    "sellingGeneralAndAdministrativeExpenses": 702000000,
    "otherExpenses": 378000000,
    "operatingExpenses": 1532000000,
    "costAndExpenses": 3193000000,
    "interestIncome": 61000000,
    "interestExpense": 22000000,
    "depreciationAndAmortization": 188000000,
    "ebitda": 743000000,
    "ebitdaratio": 0.2017377138,
    "operatingIncome": 490000000,
    "operatingIncomeRatio": 0.1330437144,
    "totalOtherIncomeExpensesNet": 43000000,
    "incomeBeforeTax": 533000000,
    "incomeBeforeTaxRatio": 0.1447189791,
    "incomeTaxExpense": 97000000,
    "netIncome": 436000000,
    "netIncomeRatio": 0.118381754,
    "eps": 0.37,
    "epsdiluted": 0.36,
    "weightedAverageShsOut": 1181000000,
    "weightedAverageShsOutDil": 1199000000,
    "link": "https://www.sec.gov/Archives/edgar/data/1633917/000163391718000203/0001633917-18-000203-index.htm",
    "finalLink": "https://www.sec.gov/Archives/edgar/data/1633917/000163391718000203/pypl10-qq32018.htm"
  },
  {
    "date": "2018-06-30",
    "symbol": "PYPL",
    "reportedCurrency": "USD",
    "cik": "0001633917",
    "fillingDate": "2018-07-26",
    "acceptedDate": "2018-07-26 16:29:43",
    "calendarYear": "2018",
    "period": "Q2",
    "revenue": 3857000000,
    "costOfRevenue": 1696000000,
    "grossProfit": 2161000000,
    "grossProfitRatio": 0.5602800104,
    "researchAndDevelopmentExpenses": 441000000,
    "generalAndAdministrativeExpenses": 387000000,
    "sellingAndMarketingExpenses": 307000000,
    "sellingGeneralAndAdministrativeExpenses": 694000000,
    "otherExpenses": 454000000,
    "operatingExpenses": 1589000000,
    "costAndExpenses": 3285000000,
    "interestIncome": 27000000,
    "interestExpense": 19000000,
    "depreciationAndAmortization": 180000000,
    "ebitda": 808000000,
    "ebitdaratio": 0.2094892403,
    "operatingIncome": 572000000,
    "operatingIncomeRatio": 0.148301789,
    "totalOtherIncomeExpensesNet": 37000000,
    "incomeBeforeTax": 609000000,
    "incomeBeforeTaxRatio": 0.1578947368,
    "incomeTaxExpense": 83000000,
    "netIncome": 526000000,
    "netIncomeRatio": 0.1363754213,
    "eps": 0.44,
    "epsdiluted": 0.44,
    "weightedAverageShsOut": 1187000000,
    "weightedAverageShsOutDil": 1202000000,
    "link": "https://www.sec.gov/Archives/edgar/data/1633917/000163391718000171/0001633917-18-000171-index.htm",
    "finalLink": "https://www.sec.gov/Archives/edgar/data/1633917/000163391718000171/pypl10-qq22018.htm"
  },
  {
    "date": "2018-03-31",
    "symbol": "PYPL",
    "reportedCurrency": "USD",
    "cik": "0001633917",
    "fillingDate": "2018-04-26",
    "acceptedDate": "2018-04-26 16:23:34",
    "calendarYear": "2018",
    "period": "Q1",
    "revenue": 3685000000,
    "costOfRevenue": 1580000000,
    "grossProfit": 2105000000,
    "grossProfitRatio": 0.5712347354,
    "researchAndDevelopmentExpenses": 448000000,
    "generalAndAdministrativeExpenses": 347000000,
    "sellingAndMarketingExpenses": 281000000,
    "sellingGeneralAndAdministrativeExpenses": 628000000,
    "otherExpenses": 495000000,
    "operatingExpenses": 1571000000,
    "costAndExpenses": 3151000000,
    "interestIncome": 28000000,
    "interestExpense": 16000000,
    "depreciationAndAmortization": 185000000,
    "ebitda": 749000000,
    "ebitdaratio": 0.203256445,
    "operatingIncome": 534000000,
    "operatingIncomeRatio": 0.1449118046,
    "totalOtherIncomeExpensesNet": 14000000,
    "incomeBeforeTax": 548000000,
    "incomeBeforeTaxRatio": 0.1487109905,
    "incomeTaxExpense": 37000000,
    "netIncome": 511000000,
    "netIncomeRatio": 0.1386702849,
    "eps": 0.43,
    "epsdiluted": 0.42,
    "weightedAverageShsOut": 1192000000,
    "weightedAverageShsOutDil": 1217000000,
    "link": "https://www.sec.gov/Archives/edgar/data/1633917/000163391718000096/0001633917-18-000096-index.htm",
    "finalLink": "https://www.sec.gov/Archives/edgar/data/1633917/000163391718000096/pypl10-qq12018.htm"
  },
  {
    "date": "2017-12-31",
    "symbol": "PYPL",
    "reportedCurrency": "USD",
    "cik": "0001633917",
    "fillingDate": "2018-02-07",
    "acceptedDate": "2018-02-07 16:32:44",
    "calendarYear": "2017",
    "period": "Q4",
    "revenue": 3744000000,
    "costOfRevenue": 1306000000,
    "grossProfit": 2438000000,
    "grossProfitRatio": 0.6511752137,
    "researchAndDevelopmentExpenses": 267000000,
    "generalAndAdministrativeExpenses": 315000000,
    "sellingAndMarketingExpenses": 328000000,
    "sellingGeneralAndAdministrativeExpenses": 643000000,
    "otherExpenses": 685000000,
    "operatingExpenses": 1595000000,
    "costAndExpenses": 2901000000,
    "interestIncome": 0,
    "interestExpense": 0,
    "depreciationAndAmortization": 227000000,
    "ebitda": 1162000000,
    "ebitdaratio": 0.3103632479,
    "operatingIncome": 843000000,
    "operatingIncomeRatio": 0.2251602564,
    "totalOtherIncomeExpensesNet": 21000000,
    "incomeBeforeTax": 864000000,
    "incomeBeforeTaxRatio": 0.2307692308,
    "incomeTaxExpense": 244000000,
    "netIncome": 620000000,
    "netIncomeRatio": 0.1655982906,
    "eps": 0.52,
    "epsdiluted": 0.5,
    "weightedAverageShsOut": 1203000000,
    "weightedAverageShsOutDil": 1228000000,
    "link": "https://www.sec.gov/Archives/edgar/data/1633917/000163391718000029/0001633917-18-000029-index.htm",
    "finalLink": "https://www.sec.gov/Archives/edgar/data/1633917/000163391718000029/pypl201710-k.htm"
  },
  {
    "date": "2017-09-30",
    "symbol": "PYPL",
    "reportedCurrency": "USD",
    "cik": "0001633917",
    "fillingDate": "2017-10-24",
    "acceptedDate": "2017-10-24 16:46:18",
    "calendarYear": "2017",
    "period": "Q3",
    "revenue": 3239000000,
    "costOfRevenue": 1465000000,
    "grossProfit": 1774000000,
    "grossProfitRatio": 0.5476999074,
    "researchAndDevelopmentExpenses": 240000000,
    "generalAndAdministrativeExpenses": 293000000,
    "sellingAndMarketingExpenses": 278000000,
    "sellingGeneralAndAdministrativeExpenses": 571000000,
    "otherExpenses": 540000000,
    "operatingExpenses": 1351000000,
    "costAndExpenses": 2816000000,
    "interestIncome": 23000000,
    "interestExpense": 1000000,
    "depreciationAndAmortization": 194000000,
    "ebitda": 646000000,
    "ebitdaratio": 0.1994442729,
    "operatingIncome": 423000000,
    "operatingIncomeRatio": 0.1305958629,
    "totalOtherIncomeExpensesNet": 28000000,
    "incomeBeforeTax": 451000000,
    "incomeBeforeTaxRatio": 0.1392405063,
    "incomeTaxExpense": 71000000,
    "netIncome": 380000000,
    "netIncomeRatio": 0.1173201605,
    "eps": 0.32,
    "epsdiluted": 0.31,
    "weightedAverageShsOut": 1202000000,
    "weightedAverageShsOutDil": 1223000000,
    "link": "https://www.sec.gov/Archives/edgar/data/1633917/000163391717000171/0001633917-17-000171-index.htm",
    "finalLink": "https://www.sec.gov/Archives/edgar/data/1633917/000163391717000171/pypl10-qq32017.htm"
  },
  {
    "date": "2017-06-30",
    "symbol": "PYPL",
    "reportedCurrency": "USD",
    "cik": "0001633917",
    "fillingDate": "2017-07-27",
    "acceptedDate": "2017-07-27 16:47:23",
    "calendarYear": "2017",
    "period": "Q2",
    "revenue": 3136000000,
    "costOfRevenue": 1372000000,
    "grossProfit": 1764000000,
    "grossProfitRatio": 0.5625,
    "researchAndDevelopmentExpenses": 232000000,
    "generalAndAdministrativeExpenses": 282000000,
    "sellingAndMarketingExpenses": 284000000,
    "sellingGeneralAndAdministrativeExpenses": 566000000,
    "otherExpenses": 536000000,
    "operatingExpenses": 1334000000,
    "costAndExpenses": 2706000000,
    "interestIncome": 0,
    "interestExpense": 0,
    "depreciationAndAmortization": 201000000,
    "ebitda": 631000000,
    "ebitdaratio": 0.2012117347,
    "operatingIncome": 430000000,
    "operatingIncomeRatio": 0.1371173469,
    "totalOtherIncomeExpensesNet": 17000000,
    "incomeBeforeTax": 447000000,
    "incomeBeforeTaxRatio": 0.1425382653,
    "incomeTaxExpense": 36000000,
    "netIncome": 411000000,
    "netIncomeRatio": 0.1310586735,
    "eps": 0.34,
    "epsdiluted": 0.34,
    "weightedAverageShsOut": 1202000000,
    "weightedAverageShsOutDil": 1215000000,
    "link": "https://www.sec.gov/Archives/edgar/data/1633917/000163391717000136/0001633917-17-000136-index.htm",
    "finalLink": "https://www.sec.gov/Archives/edgar/data/1633917/000163391717000136/pypl10-qq22017.htm"
  },
  {
    "date": "2017-03-31",
    "symbol": "PYPL",
    "reportedCurrency": "USD",
    "cik": "0001633917",
    "fillingDate": "2017-04-27",
    "acceptedDate": "2017-04-27 16:41:14",
    "calendarYear": "2017",
    "period": "Q1",
    "revenue": 2975000000,
    "costOfRevenue": 1287000000,
    "grossProfit": 1688000000,
    "grossProfitRatio": 0.567394958,
    "researchAndDevelopmentExpenses": 214000000,
    "generalAndAdministrativeExpenses": 265000000,
    "sellingAndMarketingExpenses": 238000000,
    "sellingGeneralAndAdministrativeExpenses": 503000000,
    "otherExpenses": 540000000,
    "operatingExpenses": 1257000000,
    "costAndExpenses": 2544000000,
    "interestIncome": 0,
    "interestExpense": 0,
    "depreciationAndAmortization": 183000000,
    "ebitda": 654000000,
    "ebitdaratio": 0.2198319328,
    "operatingIncome": 431000000,
    "operatingIncomeRatio": 0.1448739496,
    "totalOtherIncomeExpensesNet": 7000000,
    "incomeBeforeTax": 438000000,
    "incomeBeforeTaxRatio": 0.1472268908,
    "incomeTaxExpense": 54000000,
    "netIncome": 384000000,
    "netIncomeRatio": 0.1290756303,
    "eps": 0.32,
    "epsdiluted": 0.32,
    "weightedAverageShsOut": 1203000000,
    "weightedAverageShsOutDil": 1216000000,
    "link": "https://www.sec.gov/Archives/edgar/data/1633917/000163391717000075/0001633917-17-000075-index.htm",
    "finalLink": "https://www.sec.gov/Archives/edgar/data/1633917/000163391717000075/pypl10-qq12017.htm"
  },
  {
    "date": "2016-12-31",
    "symbol": "PYPL",
    "reportedCurrency": "USD",
    "cik": "0001633917",
    "fillingDate": "2017-02-08",
    "acceptedDate": "2017-02-08 16:35:30",
    "calendarYear": "2016",
    "period": "Q4",
    "revenue": 2981000000,
    "costOfRevenue": 1261000000,
    "grossProfit": 1720000000,
    "grossProfitRatio": 0.5769875881,
    "researchAndDevelopmentExpenses": 215000000,
    "generalAndAdministrativeExpenses": 275000000,
    "sellingAndMarketingExpenses": 253000000,
    "sellingGeneralAndAdministrativeExpenses": 528000000,
    "otherExpenses": 517000000,
    "operatingExpenses": 1260000000,
    "costAndExpenses": 2521000000,
    "interestIncome": 0,
    "interestExpense": 0,
    "depreciationAndAmortization": 189000000,
    "ebitda": 649000000,
    "ebitdaratio": 0.2177121771,
    "operatingIncome": 460000000,
    "operatingIncomeRatio": 0.154310634,
    "totalOtherIncomeExpensesNet": 9000000,
    "incomeBeforeTax": 469000000,
    "incomeBeforeTaxRatio": 0.1573297551,
    "incomeTaxExpense": 79000000,
    "netIncome": 390000000,
    "netIncomeRatio": 0.130828581,
    "eps": 0.32,
    "epsdiluted": 0.32,
    "weightedAverageShsOut": 1207000000,
    "weightedAverageShsOutDil": 1216000000,
    "link": "https://www.sec.gov/Archives/edgar/data/1633917/000163391717000027/0001633917-17-000027-index.htm",
    "finalLink": "https://www.sec.gov/Archives/edgar/data/1633917/000163391717000027/pypl201610-k.htm"
  },
  {
    "date": "2016-09-30",
    "symbol": "PYPL",
    "reportedCurrency": "USD",
    "cik": "0001633917",
    "fillingDate": "2016-10-25",
    "acceptedDate": "2016-10-25 16:22:20",
    "calendarYear": "2016",
    "period": "Q3",
    "revenue": 2667000000,
    "costOfRevenue": 1101000000,
    "grossProfit": 1566000000,
    "grossProfitRatio": 0.5871766029,
    "researchAndDevelopmentExpenses": 215000000,
    "generalAndAdministrativeExpenses": 261000000,
    "sellingAndMarketingExpenses": 233000000,
    "sellingGeneralAndAdministrativeExpenses": 494000000,
    "otherExpenses": 509000000,
    "operatingExpenses": 1218000000,
    "costAndExpenses": 2319000000,
    "interestIncome": 0,
    "interestExpense": 0,
    "depreciationAndAmortization": 185000000,
    "ebitda": 533000000,
    "ebitdaratio": 0.1998500187,
    "operatingIncome": 348000000,
    "operatingIncomeRatio": 0.1304836895,
    "totalOtherIncomeExpensesNet": 12000000,
    "incomeBeforeTax": 360000000,
    "incomeBeforeTaxRatio": 0.1349831271,
    "incomeTaxExpense": 37000000,
    "netIncome": 323000000,
    "netIncomeRatio": 0.1211098613,
    "eps": 0.27,
    "epsdiluted": 0.27,
    "weightedAverageShsOut": 1207000000,
    "weightedAverageShsOutDil": 1214000000,
    "link": "https://www.sec.gov/Archives/edgar/data/1633917/000163391716000243/0001633917-16-000243-index.htm",
    "finalLink": "https://www.sec.gov/Archives/edgar/data/1633917/000163391716000243/pypl10-qq32016.htm"
  },
  {
    "date": "2016-06-30",
    "symbol": "PYPL",
    "reportedCurrency": "USD",
    "cik": "0001633917",
    "fillingDate": "2016-07-26",
    "acceptedDate": "2016-07-26 16:40:26",
    "calendarYear": "2016",
    "period": "Q2",
    "revenue": 2650000000,
    "costOfRevenue": 1065000000,
    "grossProfit": 1585000000,
    "grossProfitRatio": 0.5981132075,
    "researchAndDevelopmentExpenses": 209000000,
    "generalAndAdministrativeExpenses": 261000000,
    "sellingAndMarketingExpenses": 250000000,
    "sellingGeneralAndAdministrativeExpenses": 511000000,
    "otherExpenses": 494000000,
    "operatingExpenses": 1214000000,
    "costAndExpenses": 2279000000,
    "interestIncome": 0,
    "interestExpense": 0,
    "depreciationAndAmortization": 176000000,
    "ebitda": 547000000,
    "ebitdaratio": 0.2064150943,
    "operatingIncome": 371000000,
    "operatingIncomeRatio": 0.14,
    "totalOtherIncomeExpensesNet": 9000000,
    "incomeBeforeTax": 380000000,
    "incomeBeforeTaxRatio": 0.1433962264,
    "incomeTaxExpense": 57000000,
    "netIncome": 323000000,
    "netIncomeRatio": 0.1218867925,
    "eps": 0.27,
    "epsdiluted": 0.27,
    "weightedAverageShsOut": 1210000000,
    "weightedAverageShsOutDil": 1215000000,
    "link": "https://www.sec.gov/Archives/edgar/data/1633917/000163391716000203/0001633917-16-000203-index.htm",
    "finalLink": "https://www.sec.gov/Archives/edgar/data/1633917/000163391716000203/pypl10-qq22016.htm"
  },
  {
    "date": "2016-03-31",
    "symbol": "PYPL",
    "reportedCurrency": "USD",
    "cik": "0001633917",
    "fillingDate": "2016-04-28",
    "acceptedDate": "2016-04-28 16:45:32",
    "calendarYear": "2016",
    "period": "Q1",
    "revenue": 2544000000,
    "costOfRevenue": 1007000000,
    "grossProfit": 1537000000,
    "grossProfitRatio": 0.6041666667,
    "researchAndDevelopmentExpenses": 195000000,
    "generalAndAdministrativeExpenses": 231000000,
    "sellingAndMarketingExpenses": 233000000,
    "sellingGeneralAndAdministrativeExpenses": 464000000,
    "otherExpenses": 471000000,
    "operatingExpenses": 1130000000,
    "costAndExpenses": 2137000000,
    "interestIncome": 0,
    "interestExpense": 0,
    "depreciationAndAmortization": 174000000,
    "ebitda": 582000000,
    "ebitdaratio": 0.2287735849,
    "operatingIncome": 407000000,
    "operatingIncomeRatio": 0.1599842767,
    "totalOtherIncomeExpensesNet": 15000000,
    "incomeBeforeTax": 422000000,
    "incomeBeforeTaxRatio": 0.1658805031,
    "incomeTaxExpense": 57000000,
    "netIncome": 365000000,
    "netIncomeRatio": 0.1434748428,
    "eps": 0.3,
    "epsdiluted": 0.3,
    "weightedAverageShsOut": 1216000000,
    "weightedAverageShsOutDil": 1225000000,
    "link": "https://www.sec.gov/Archives/edgar/data/1633917/000163391716000161/0001633917-16-000161-index.htm",
    "finalLink": "https://www.sec.gov/Archives/edgar/data/1633917/000163391716000161/pypl10-qq12016.htm"
  },
  {
    "date": "2015-12-31",
    "symbol": "PYPL",
    "reportedCurrency": "USD",
    "cik": "0001633917",
    "fillingDate": "2016-02-11",
    "acceptedDate": "2016-02-11 16:44:06",
    "calendarYear": "2015",
    "period": "Q4",
    "revenue": 2556000000,
    "costOfRevenue": 995000000,
    "grossProfit": 1561000000,
    "grossProfitRatio": 0.6107198748,
    "researchAndDevelopmentExpenses": 252000000,
    "generalAndAdministrativeExpenses": 146000000,
    "sellingAndMarketingExpenses": 269000000,
    "sellingGeneralAndAdministrativeExpenses": 415000000,
    "otherExpenses": 483000000,
    "operatingExpenses": 1150000000,
    "costAndExpenses": 2145000000,
    "interestIncome": 0,
    "interestExpense": 0,
    "depreciationAndAmortization": 164000000,
    "ebitda": 574000000,
    "ebitdaratio": 0.2245696401,
    "operatingIncome": 411000000,
    "operatingIncomeRatio": 0.1607981221,
    "totalOtherIncomeExpensesNet": 7000000,
    "incomeBeforeTax": 418000000,
    "incomeBeforeTaxRatio": 0.1635367762,
    "incomeTaxExpense": 51000000,
    "netIncome": 367000000,
    "netIncomeRatio": 0.1435837246,
    "eps": 0.3,
    "epsdiluted": 0.3,
    "weightedAverageShsOut": 1223000000,
    "weightedAverageShsOutDil": 1230000000,
    "link": "https://www.sec.gov/Archives/edgar/data/1633917/000163391716000113/0001633917-16-000113-index.htm",
    "finalLink": "https://www.sec.gov/Archives/edgar/data/1633917/000163391716000113/pypl201510-k.htm"
  },
  {
    "date": "2015-09-30",
    "symbol": "PYPL",
    "reportedCurrency": "USD",
    "cik": "0001633917",
    "fillingDate": "2015-10-29",
    "acceptedDate": "2015-10-29 16:18:35",
    "calendarYear": "2015",
    "period": "Q3",
    "revenue": 2258000000,
    "costOfRevenue": 852000000,
    "grossProfit": 1406000000,
    "grossProfitRatio": 0.6226749336,
    "researchAndDevelopmentExpenses": 197000000,
    "generalAndAdministrativeExpenses": 216000000,
    "sellingAndMarketingExpenses": 226000000,
    "sellingGeneralAndAdministrativeExpenses": 442000000,
    "otherExpenses": 437000000,
    "operatingExpenses": 1076000000,
    "costAndExpenses": 1928000000,
    "interestIncome": 0,
    "interestExpense": 0,
    "depreciationAndAmortization": 153000000,
    "ebitda": 483000000,
    "ebitdaratio": 0.2139061116,
    "operatingIncome": 330000000,
    "operatingIncomeRatio": 0.1461470328,
    "totalOtherIncomeExpensesNet": 20000000,
    "incomeBeforeTax": 350000000,
    "incomeBeforeTaxRatio": 0.1550044287,
    "incomeTaxExpense": 49000000,
    "netIncome": 301000000,
    "netIncomeRatio": 0.1333038087,
    "eps": 0.25,
    "epsdiluted": 0.25,
    "weightedAverageShsOut": 1221000000,
    "weightedAverageShsOutDil": 1227000000,
    "link": "https://www.sec.gov/Archives/edgar/data/1633917/000163391715000052/0001633917-15-000052-index.htm",
    "finalLink": "https://www.sec.gov/Archives/edgar/data/1633917/000163391715000052/pypl10-qq32015.htm"
  },
  {
    "date": "2015-06-30",
    "symbol": "PYPL",
    "reportedCurrency": "USD",
    "cik": "0001633917",
    "fillingDate": "2015-07-29",
    "acceptedDate": "2015-07-29 16:44:33",
    "calendarYear": "2015",
    "period": "Q2",
    "revenue": 2297000000,
    "costOfRevenue": 819000000,
    "grossProfit": 1478000000,
    "grossProfitRatio": 0.6434479756,
    "researchAndDevelopmentExpenses": 202000000,
    "generalAndAdministrativeExpenses": 215000000,
    "sellingAndMarketingExpenses": 234000000,
    "sellingGeneralAndAdministrativeExpenses": 449000000,
    "otherExpenses": 429000000,
    "operatingExpenses": 1080000000,
    "costAndExpenses": 1899000000,
    "interestIncome": 0,
    "interestExpense": 0,
    "depreciationAndAmortization": 150000000,
    "ebitda": 549000000,
    "ebitdaratio": 0.239007401,
    "operatingIncome": 398000000,
    "operatingIncomeRatio": 0.1732694819,
    "totalOtherIncomeExpensesNet": 1000000,
    "incomeBeforeTax": 399000000,
    "incomeBeforeTaxRatio": 0.1737048324,
    "incomeTaxExpense": 94000000,
    "netIncome": 305000000,
    "netIncomeRatio": 0.1327818894,
    "eps": 0.25,
    "epsdiluted": 0.25,
    "weightedAverageShsOut": 1220000000,
    "weightedAverageShsOutDil": 1220000000,
    "link": "https://www.sec.gov/Archives/edgar/data/1633917/000163391715000008/0001633917-15-000008-index.htm",
    "finalLink": "https://www.sec.gov/Archives/edgar/data/1633917/000163391715000008/pypl10-qq22015.htm"
  },
  {
    "date": "2015-03-31",
    "symbol": "PYPL",
    "reportedCurrency": "USD",
    "cik": "0001633917",
    "fillingDate": "2015-03-31",
    "acceptedDate": "2015-03-30 20:00:00",
    "calendarYear": "2015",
    "period": "Q1",
    "revenue": 2137000000,
    "costOfRevenue": 753000000,
    "grossProfit": 1384000000,
    "grossProfitRatio": 0.6476368741,
    "researchAndDevelopmentExpenses": 185000000,
    "generalAndAdministrativeExpenses": 217000000,
    "sellingAndMarketingExpenses": 222000000,
    "sellingGeneralAndAdministrativeExpenses": 439000000,
    "otherExpenses": 438000000,
    "operatingExpenses": 1062000000,
    "costAndExpenses": 1815000000,
    "interestIncome": 0,
    "interestExpense": 0,
    "depreciationAndAmortization": 141000000,
    "ebitda": 511000000,
    "ebitdaratio": 0.239120262,
    "operatingIncome": 322000000,
    "operatingIncomeRatio": 0.1506785213,
    "totalOtherIncomeExpensesNet": -1000000,
    "incomeBeforeTax": 321000000,
    "incomeBeforeTaxRatio": 0.1502105756,
    "incomeTaxExpense": 66000000,
    "netIncome": 255000000,
    "netIncomeRatio": 0.1193261582,
    "eps": 0.21,
    "epsdiluted": 0.21,
    "weightedAverageShsOut": 1218003525,
    "weightedAverageShsOutDil": 1220000000,
    "link": "",
    "finalLink": ""
  },
  {
    "date": "2014-12-31",
    "symbol": "PYPL",
    "reportedCurrency": "USD",
    "cik": "0001633917",
    "fillingDate": "2014-12-31",
    "acceptedDate": "2014-12-30 19:00:00",
    "calendarYear": "2014",
    "period": "Q4",
    "revenue": 2193000000,
    "costOfRevenue": 787000000,
    "grossProfit": 1406000000,
    "grossProfitRatio": 0.641130871,
    "researchAndDevelopmentExpenses": 239000000,
    "generalAndAdministrativeExpenses": 144000000,
    "sellingAndMarketingExpenses": 263000000,
    "sellingGeneralAndAdministrativeExpenses": 407000000,
    "otherExpenses": 412000000,
    "operatingExpenses": 1058000000,
    "costAndExpenses": 1845000000,
    "interestIncome": 0,
    "interestExpense": 0,
    "depreciationAndAmortization": 132000000,
    "ebitda": 480000000,
    "ebitdaratio": 0.218878249,
    "operatingIncome": 348000000,
    "operatingIncomeRatio": 0.1586867305,
    "totalOtherIncomeExpensesNet": -1000000,
    "incomeBeforeTax": 347000000,
    "incomeBeforeTaxRatio": 0.1582307342,
    "incomeTaxExpense": 61000000,
    "netIncome": 286000000,
    "netIncomeRatio": 0.1304149567,
    "eps": 0.24,
    "epsdiluted": 0.24,
    "weightedAverageShsOut": 1171000000,
    "weightedAverageShsOutDil": 1216000000,
    "link": "",
    "finalLink": ""
  },
  {
    "date": "2014-09-30",
    "symbol": "PYPL",
    "reportedCurrency": "USD",
    "cik": "0001633917",
    "fillingDate": "2014-09-30",
    "acceptedDate": "2014-09-29 20:00:00",
    "calendarYear": "2014",
    "period": "Q3",
    "revenue": 1975000000,
    "costOfRevenue": 717000000,
    "grossProfit": 1258000000,
    "grossProfitRatio": 0.6369620253,
    "researchAndDevelopmentExpenses": 232000000,
    "generalAndAdministrativeExpenses": 101000000,
    "sellingAndMarketingExpenses": 267000000,
    "sellingGeneralAndAdministrativeExpenses": 368000000,
    "otherExpenses": 386000000,
    "operatingExpenses": 986000000,
    "costAndExpenses": 1703000000,
    "interestIncome": 0,
    "interestExpense": 0,
    "depreciationAndAmortization": 129000000,
    "ebitda": 401000000,
    "ebitdaratio": 0.2030379747,
    "operatingIncome": 272000000,
    "operatingIncomeRatio": 0.137721519,
    "totalOtherIncomeExpensesNet": 4000000,
    "incomeBeforeTax": 276000000,
    "incomeBeforeTaxRatio": 0.1397468354,
    "incomeTaxExpense": 42000000,
    "netIncome": 234000000,
    "netIncomeRatio": 0.1184810127,
    "eps": 0.2,
    "epsdiluted": 0.2,
    "weightedAverageShsOut": 1171000000,
    "weightedAverageShsOutDil": 1188000000,
    "link": "",
    "finalLink": ""
  },
  {
    "date": "2014-06-30",
    "symbol": "PYPL",
    "reportedCurrency": "USD",
    "cik": "0001633917",
    "fillingDate": "2014-06-30",
    "acceptedDate": "2014-06-29 20:00:00",
    "calendarYear": "2014",
    "period": "Q2",
    "revenue": 1983000000,
    "costOfRevenue": 669000000,
    "grossProfit": 1314000000,
    "grossProfitRatio": 0.6626323752,
    "researchAndDevelopmentExpenses": 221000000,
    "generalAndAdministrativeExpenses": 122000000,
    "sellingAndMarketingExpenses": 253000000,
    "sellingGeneralAndAdministrativeExpenses": 375000000,
    "otherExpenses": 388000000,
    "operatingExpenses": 984000000,
    "costAndExpenses": 1653000000,
    "interestIncome": 0,
    "interestExpense": 0,
    "depreciationAndAmortization": 125000000,
    "ebitda": 455000000,
    "ebitdaratio": 0.2294503278,
    "operatingIncome": 330000000,
    "operatingIncomeRatio": 0.1664145234,
    "totalOtherIncomeExpensesNet": -4000000,
    "incomeBeforeTax": 326000000,
    "incomeBeforeTaxRatio": 0.1643973777,
    "incomeTaxExpense": 45000000,
    "netIncome": 281000000,
    "netIncomeRatio": 0.1417044881,
    "eps": 0.24,
    "epsdiluted": 0.24,
    "weightedAverageShsOut": 1171000000,
    "weightedAverageShsOutDil": 1188000000,
    "link": "",
    "finalLink": ""
  },
  {
    "date": "2014-03-31",
    "symbol": "PYPL",
    "reportedCurrency": "USD",
    "cik": "0001633917",
    "fillingDate": "2014-03-31",
    "acceptedDate": "2014-03-31 00:00:00",
    "calendarYear": "2014",
    "period": "Q1",
    "revenue": 1874000000,
    "costOfRevenue": 643000000,
    "grossProfit": 1231000000,
    "grossProfitRatio": 0.6568836713,
    "researchAndDevelopmentExpenses": 198000000,
    "generalAndAdministrativeExpenses": 115000000,
    "sellingAndMarketingExpenses": 215000000,
    "sellingGeneralAndAdministrativeExpenses": 330000000,
    "otherExpenses": 385000000,
    "operatingExpenses": 913000000,
    "costAndExpenses": 1556000000,
    "interestIncome": 0,
    "interestExpense": 0,
    "depreciationAndAmortization": 130000000,
    "ebitda": 448000000,
    "ebitdaratio": 0.2390608324,
    "operatingIncome": 318000000,
    "operatingIncomeRatio": 0.1696905016,
    "totalOtherIncomeExpensesNet": -6000000,
    "incomeBeforeTax": 312000000,
    "incomeBeforeTaxRatio": 0.166488794,
    "incomeTaxExpense": 694000000,
    "netIncome": -382000000,
    "netIncomeRatio": -0.2038420491,
    "eps": -0.33,
    "epsdiluted": -0.32,
    "weightedAverageShsOut": 1171000000,
    "weightedAverageShsOutDil": 1188000000,
    "link": "",
    "finalLink": ""
  }
]