[
  {
    "date": "2025-06-29",
    "symbol": "QCOM",
    "reportedCurrency": "USD",
    "cik": "0000804328",
    "fillingDate": "2025-07-30",
    "acceptedDate": "2025-07-30 16:03:14",
    "calendarYear": "2025",
    "period": "Q3",
    "revenue": 10365000000,
    "costOfRevenue": 4606000000,
    "grossProfit": 5759000000,
    "grossProfitRatio": 0.5556198746,
    "researchAndDevelopmentExpenses": 2226000000,
    "generalAndAdministrativeExpenses": 0,
    "sellingAndMarketingExpenses": 0,
    "sellingGeneralAndAdministrativeExpenses": 771000000,
    "otherExpenses": 0,
    "operatingExpenses": 2997000000,
    "costAndExpenses": 7603000000,
    "interestIncome": 0,
    "interestExpense": 168000000,
    "depreciationAndAmortization": 617000000,
    "ebitda": 3737000000,
    "ebitdaratio": 0.3605402798,
    "operatingIncome": 2762000000,
    "operatingIncomeRatio": 0.2664737096,
    "totalOtherIncomeExpensesNet": 190000000,
    "incomeBeforeTax": 2952000000,
    "incomeBeforeTaxRatio": 0.284804631,
    "incomeTaxExpense": 286000000,
    "netIncome": 2666000000,
    "netIncomeRatio": 0.2572117704,
    "eps": 2.44,
    "epsdiluted": 2.43,
    "weightedAverageShsOut": 1092000000,
    "weightedAverageShsOutDil": 1099000000,
    "link": "https://www.sec.gov/Archives/edgar/data/804328/000080432825000045/0000804328-25-000045-index.htm",
    "finalLink": "https://www.sec.gov/Archives/edgar/data/804328/000080432825000045/qcom-20250629.htm"
  },
  {
    "date": "2025-03-30",
    "symbol": "QCOM",
    "reportedCurrency": "USD",
    "cik": "0000804328",
    "fillingDate": "2025-04-30",
    "acceptedDate": "2025-04-30 16:05:23",
    "calendarYear": "2025",
    "period": "Q2",
    "revenue": 10979000000,
    "costOfRevenue": 4937000000,
    "grossProfit": 6042000000,
    "grossProfitRatio": 0.5503233446,
    "researchAndDevelopmentExpenses": 2216000000,
    "generalAndAdministrativeExpenses": 0,
    "sellingAndMarketingExpenses": 0,
    "sellingGeneralAndAdministrativeExpenses": 706000000,
    "otherExpenses": 0,
    "operatingExpenses": 2922000000,
    "costAndExpenses": 7859000000,
    "interestIncome": 167000000,
    "interestExpense": 163000000,
    "depreciationAndAmortization": 178000000,
    "ebitda": 3120000000,
    "ebitdaratio": 0.284178887,
    "operatingIncome": 3120000000,
    "operatingIncomeRatio": 0.284178887,
    "totalOtherIncomeExpensesNet": -15000000,
    "incomeBeforeTax": 3105000000,
    "incomeBeforeTaxRatio": 0.2828126423,
    "incomeTaxExpense": 293000000,
    "netIncome": 2812000000,
    "netIncomeRatio": 0.2561253302,
    "eps": 2.55,
    "epsdiluted": 2.52,
    "weightedAverageShsOut": 1104000000,
    "weightedAverageShsOutDil": 1115000000,
    "link": "https://www.sec.gov/Archives/edgar/data/804328/000080432825000031/0000804328-25-000031-index.htm",
    "finalLink": "https://www.sec.gov/Archives/edgar/data/804328/000080432825000031/qcom-20250330.htm"
  },
  {
    "date": "2024-12-29",
    "symbol": "QCOM",
    "reportedCurrency": "USD",
    "cik": "0000804328",
    "fillingDate": "2025-02-05",
    "acceptedDate": "2025-02-05 16:05:57",
    "calendarYear": "2025",
    "period": "Q1",
    "revenue": 11669000000,
    "costOfRevenue": 5161000000,
    "grossProfit": 6508000000,
    "grossProfitRatio": 0.557717028,
    "researchAndDevelopmentExpenses": 2230000000,
    "generalAndAdministrativeExpenses": 0,
    "sellingAndMarketingExpenses": 0,
    "sellingGeneralAndAdministrativeExpenses": 723000000,
    "otherExpenses": 0,
    "operatingExpenses": 2953000000,
    "costAndExpenses": 8114000000,
    "interestIncome": 169000000,
    "interestExpense": 163000000,
    "depreciationAndAmortization": 436000000,
    "ebitda": 4234000000,
    "ebitdaratio": 0.3628417174,
    "operatingIncome": 3555000000,
    "operatingIncomeRatio": 0.304653355,
    "totalOtherIncomeExpensesNet": 80000000,
    "incomeBeforeTax": 3635000000,
    "incomeBeforeTaxRatio": 0.3115091267,
    "incomeTaxExpense": 455000000,
    "netIncome": 3180000000,
    "netIncomeRatio": 0.2725169252,
    "eps": 2.86,
    "epsdiluted": 2.83,
    "weightedAverageShsOut": 1110000000,
    "weightedAverageShsOutDil": 1122000000,
    "link": "https://www.sec.gov/Archives/edgar/data/804328/000080432825000011/0000804328-25-000011-index.htm",
    "finalLink": "https://www.sec.gov/Archives/edgar/data/804328/000080432825000011/qcom-20241229.htm"
  },
  {
    "date": "2024-09-29",
    "symbol": "QCOM",
    "reportedCurrency": "USD",
    "cik": "0000804328",
    "fillingDate": "2024-11-06",
    "acceptedDate": "2024-11-06 16:09:04",
    "calendarYear": "2024",
    "period": "Q4",
    "revenue": 10244000000,
    "costOfRevenue": 4467000000,
    "grossProfit": 5777000000,
    "grossProfitRatio": 0.5639398672,
    "researchAndDevelopmentExpenses": 2302000000,
    "generalAndAdministrativeExpenses": 0,
    "sellingAndMarketingExpenses": 0,
    "sellingGeneralAndAdministrativeExpenses": 761000000,
    "otherExpenses": 132000000,
    "operatingExpenses": 3195000000,
    "costAndExpenses": 7662000000,
    "interestIncome": 185000000,
    "interestExpense": 180000000,
    "depreciationAndAmortization": 439000000,
    "ebitda": 3215000000,
    "ebitdaratio": 0.3138422491,
    "operatingIncome": 2582000000,
    "operatingIncomeRatio": 0.2520499805,
    "totalOtherIncomeExpensesNet": 14000000,
    "incomeBeforeTax": 2596000000,
    "incomeBeforeTaxRatio": 0.2534166341,
    "incomeTaxExpense": -319000000,
    "netIncome": 2920000000,
    "netIncomeRatio": 0.2850449043,
    "eps": 2.62,
    "epsdiluted": 2.58,
    "weightedAverageShsOut": 1116000000,
    "weightedAverageShsOutDil": 1130000000,
    "link": "https://www.sec.gov/Archives/edgar/data/804328/000080432824000075/0000804328-24-000075-index.htm",
    "finalLink": "https://www.sec.gov/Archives/edgar/data/804328/000080432824000075/qcom-20240929.htm"
  },
  {
    "date": "2024-06-23",
    "symbol": "QCOM",
    "reportedCurrency": "USD",
    "cik": "0000804328",
    "fillingDate": "2024-07-31",
    "acceptedDate": "2024-07-31 16:02:08",
    "calendarYear": "2024",
    "period": "Q3",
    "revenue": 9393000000,
    "costOfRevenue": 4174000000,
    "grossProfit": 5219000000,
    "grossProfitRatio": 0.5556265304,
    "researchAndDevelopmentExpenses": 2259000000,
    "generalAndAdministrativeExpenses": 0,
    "sellingAndMarketingExpenses": 0,
    "sellingGeneralAndAdministrativeExpenses": 664000000,
    "otherExpenses": 75000000,
    "operatingExpenses": 2998000000,
    "costAndExpenses": 7172000000,
    "interestIncome": 182000000,
    "interestExpense": 168000000,
    "depreciationAndAmortization": 419000000,
    "ebitda": 2715000000,
    "ebitdaratio": 0.2890450335,
    "operatingIncome": 2221000000,
    "operatingIncomeRatio": 0.2364526775,
    "totalOtherIncomeExpensesNet": 58000000,
    "incomeBeforeTax": 2279000000,
    "incomeBeforeTaxRatio": 0.2426274886,
    "incomeTaxExpense": 171000000,
    "netIncome": 2129000000,
    "netIncomeRatio": 0.2266581497,
    "eps": 1.91,
    "epsdiluted": 1.88,
    "weightedAverageShsOut": 1116000000,
    "weightedAverageShsOutDil": 1134000000,
    "link": "https://www.sec.gov/Archives/edgar/data/804328/000080432824000056/0000804328-24-000056-index.htm",
    "finalLink": "https://www.sec.gov/Archives/edgar/data/804328/000080432824000056/qcom-20240623.htm"
  },
  {
    "date": "2024-03-24",
    "symbol": "QCOM",
    "reportedCurrency": "USD",
    "cik": "0000804328",
    "fillingDate": "2024-05-01",
    "acceptedDate": "2024-05-01 16:06:32",
    "calendarYear": "2024",
    "period": "Q2",
    "revenue": 9389000000,
    "costOfRevenue": 4106000000,
    "grossProfit": 5283000000,
    "grossProfitRatio": 0.5626797316,
    "researchAndDevelopmentExpenses": 2236000000,
    "generalAndAdministrativeExpenses": 0,
    "sellingAndMarketingExpenses": 0,
    "sellingGeneralAndAdministrativeExpenses": 707000000,
    "otherExpenses": 0,
    "operatingExpenses": 2943000000,
    "costAndExpenses": 7049000000,
    "interestIncome": 160000000,
    "interestExpense": 172000000,
    "depreciationAndAmortization": 411000000,
    "ebitda": 2751000000,
    "ebitdaratio": 0.2930024497,
    "operatingIncome": 2340000000,
    "operatingIncomeRatio": 0.2492278198,
    "totalOtherIncomeExpensesNet": 158000000,
    "incomeBeforeTax": 2498000000,
    "incomeBeforeTaxRatio": 0.266056023,
    "incomeTaxExpense": 223000000,
    "netIncome": 2326000000,
    "netIncomeRatio": 0.2477367132,
    "eps": 2.08,
    "epsdiluted": 2.06,
    "weightedAverageShsOut": 1117000000,
    "weightedAverageShsOutDil": 1130000000,
    "link": "https://www.sec.gov/Archives/edgar/data/804328/000080432824000039/0000804328-24-000039-index.htm",
    "finalLink": "https://www.sec.gov/Archives/edgar/data/804328/000080432824000039/qcom-20240324.htm"
  },
  {
    "date": "2023-12-24",
    "symbol": "QCOM",
    "reportedCurrency": "USD",
    "cik": "0000804328",
    "fillingDate": "2024-01-31",
    "acceptedDate": "2024-01-31 16:10:22",
    "calendarYear": "2024",
    "period": "Q1",
    "revenue": 9935000000,
    "costOfRevenue": 4312000000,
    "grossProfit": 5623000000,
    "grossProfitRatio": 0.5659788626,
    "researchAndDevelopmentExpenses": 2096000000,
    "generalAndAdministrativeExpenses": 0,
    "sellingAndMarketingExpenses": 0,
    "sellingGeneralAndAdministrativeExpenses": 627000000,
    "otherExpenses": -28000000,
    "operatingExpenses": 2695000000,
    "costAndExpenses": 7007000000,
    "interestIncome": 149000000,
    "interestExpense": 178000000,
    "depreciationAndAmortization": 437000000,
    "ebitda": 3337000000,
    "ebitdaratio": 0.3358832411,
    "operatingIncome": 2928000000,
    "operatingIncomeRatio": 0.2947156517,
    "totalOtherIncomeExpensesNet": 34000000,
    "incomeBeforeTax": 2962000000,
    "incomeBeforeTaxRatio": 0.2981378963,
    "incomeTaxExpense": 151000000,
    "netIncome": 2767000000,
    "netIncomeRatio": 0.2785103171,
    "eps": 2.48,
    "epsdiluted": 2.46,
    "weightedAverageShsOut": 1116000000,
    "weightedAverageShsOutDil": 1127000000,
    "link": "https://www.sec.gov/Archives/edgar/data/804328/000080432824000017/0000804328-24-000017-index.htm",
    "finalLink": "https://www.sec.gov/Archives/edgar/data/804328/000080432824000017/qcom-20231224.htm"
  },
  {
    "date": "2023-09-24",
    "symbol": "QCOM",
    "reportedCurrency": "USD",
    "cik": "0000804328",
    "fillingDate": "2023-11-01",
    "acceptedDate": "2023-11-01 16:10:50",
    "calendarYear": "2023",
    "period": "Q4",
    "revenue": 8631000000,
    "costOfRevenue": 3880000000,
    "grossProfit": 4751000000,
    "grossProfitRatio": 0.5504576526,
    "researchAndDevelopmentExpenses": 2135000000,
    "generalAndAdministrativeExpenses": 0,
    "sellingAndMarketingExpenses": 0,
    "sellingGeneralAndAdministrativeExpenses": 628000000,
    "otherExpenses": 577000000,
    "operatingExpenses": 3340000000,
    "costAndExpenses": 7220000000,
    "interestIncome": 120000000,
    "interestExpense": 173000000,
    "depreciationAndAmortization": 462000000,
    "ebitda": 2055000000,
    "ebitdaratio": 0.2380952381,
    "operatingIncome": 1410000000,
    "operatingIncomeRatio": 0.1633646159,
    "totalOtherIncomeExpensesNet": 10000000,
    "incomeBeforeTax": 1420000000,
    "incomeBeforeTaxRatio": 0.1645232302,
    "incomeTaxExpense": -209000000,
    "netIncome": 1490000000,
    "netIncomeRatio": 0.1726335303,
    "eps": 1.33,
    "epsdiluted": 1.32,
    "weightedAverageShsOut": 1116000000,
    "weightedAverageShsOutDil": 1125000000,
    "link": "https://www.sec.gov/Archives/edgar/data/804328/000080432823000055/0000804328-23-000055-index.htm",
    "finalLink": "https://www.sec.gov/Archives/edgar/data/804328/000080432823000055/qcom-20230924.htm"
  },
  {
    "date": "2023-06-25",
    "symbol": "QCOM",
    "reportedCurrency": "USD",
    "cik": "0000804328",
    "fillingDate": "2023-08-02",
    "acceptedDate": "2023-08-02 16:03:11",
    "calendarYear": "2023",
    "period": "Q3",
    "revenue": 8451000000,
    "costOfRevenue": 3792000000,
    "grossProfit": 4659000000,
    "grossProfitRatio": 0.5512957047,
    "researchAndDevelopmentExpenses": 2222000000,
    "generalAndAdministrativeExpenses": 0,
    "sellingAndMarketingExpenses": 0,
    "sellingGeneralAndAdministrativeExpenses": 618000000,
    "otherExpenses": 0,
    "operatingExpenses": 2840000000,
    "costAndExpenses": 6632000000,
    "interestIncome": 79000000,
    "interestExpense": 172000000,
    "depreciationAndAmortization": 479000000,
    "ebitda": 2302000000,
    "ebitdaratio": 0.2723937996,
    "operatingIncome": 1823000000,
    "operatingIncomeRatio": 0.2157141167,
    "totalOtherIncomeExpensesNet": -66000000,
    "incomeBeforeTax": 1757000000,
    "incomeBeforeTaxRatio": 0.20790439,
    "incomeTaxExpense": 22000000,
    "netIncome": 1803000000,
    "netIncomeRatio": 0.2133475328,
    "eps": 1.62,
    "epsdiluted": 1.6,
    "weightedAverageShsOut": 1115000000,
    "weightedAverageShsOutDil": 1124000000,
    "link": "https://www.sec.gov/Archives/edgar/data/804328/000080432823000043/0000804328-23-000043-index.htm",
    "finalLink": "https://www.sec.gov/Archives/edgar/data/804328/000080432823000043/qcom-20230625.htm"
  },
  {
    "date": "2023-03-26",
    "symbol": "QCOM",
    "reportedCurrency": "USD",
    "cik": "0000804328",
    "fillingDate": "2023-05-03",
    "acceptedDate": "2023-05-03 16:06:57",
    "calendarYear": "2023",
    "period": "Q2",
    "revenue": 9275000000,
    "costOfRevenue": 4153000000,
    "grossProfit": 5122000000,
    "grossProfitRatio": 0.5522371968,
    "researchAndDevelopmentExpenses": 2210000000,
    "generalAndAdministrativeExpenses": 0,
    "sellingAndMarketingExpenses": 0,
    "sellingGeneralAndAdministrativeExpenses": 614000000,
    "otherExpenses": 208000000,
    "operatingExpenses": 3032000000,
    "costAndExpenses": 7185000000,
    "interestIncome": 59000000,
    "interestExpense": 179000000,
    "depreciationAndAmortization": 470000000,
    "ebitda": 2544000000,
    "ebitdaratio": 0.2742857143,
    "operatingIncome": 2090000000,
    "operatingIncomeRatio": 0.2253369272,
    "totalOtherIncomeExpensesNet": -195000000,
    "incomeBeforeTax": 1895000000,
    "incomeBeforeTaxRatio": 0.2043126685,
    "incomeTaxExpense": 193000000,
    "netIncome": 1704000000,
    "netIncomeRatio": 0.1837196765,
    "eps": 1.53,
    "epsdiluted": 1.52,
    "weightedAverageShsOut": 1116000000,
    "weightedAverageShsOutDil": 1123000000,
    "link": "https://www.sec.gov/Archives/edgar/data/804328/000080432823000023/0000804328-23-000023-index.htm",
    "finalLink": "https://www.sec.gov/Archives/edgar/data/804328/000080432823000023/qcom-20230326.htm"
  },
  {
    "date": "2022-12-25",
    "symbol": "QCOM",
    "reportedCurrency": "USD",
    "cik": "0000804328",
    "fillingDate": "2023-02-02",
    "acceptedDate": "2023-02-02 16:05:50",
    "calendarYear": "2023",
    "period": "Q1",
    "revenue": 9463000000,
    "costOfRevenue": 4044000000,
    "grossProfit": 5419000000,
    "grossProfitRatio": 0.5726513791,
    "researchAndDevelopmentExpenses": 2251000000,
    "generalAndAdministrativeExpenses": 0,
    "sellingAndMarketingExpenses": 0,
    "sellingGeneralAndAdministrativeExpenses": 623000000,
    "otherExpenses": 80000000,
    "operatingExpenses": 2954000000,
    "costAndExpenses": 6998000000,
    "interestIncome": 55000000,
    "interestExpense": 170000000,
    "depreciationAndAmortization": 398000000,
    "ebitda": 2939000000,
    "ebitdaratio": 0.3105780408,
    "operatingIncome": 2465000000,
    "operatingIncomeRatio": 0.2604882173,
    "totalOtherIncomeExpensesNet": -94000000,
    "incomeBeforeTax": 2371000000,
    "incomeBeforeTaxRatio": 0.2505547923,
    "incomeTaxExpense": 98000000,
    "netIncome": 2235000000,
    "netIncomeRatio": 0.2361830286,
    "eps": 1.99,
    "epsdiluted": 1.98,
    "weightedAverageShsOut": 1122000000,
    "weightedAverageShsOutDil": 1131000000,
    "link": "https://www.sec.gov/Archives/edgar/data/804328/000080432823000006/0000804328-23-000006-index.htm",
    "finalLink": "https://www.sec.gov/Archives/edgar/data/804328/000080432823000006/qcom-20221225.htm"
  },
  {
    "date": "2022-09-25",
    "symbol": "QCOM",
    "reportedCurrency": "USD",
    "cik": "0000804328",
    "fillingDate": "2022-11-02",
    "acceptedDate": "2022-11-02 16:04:10",
    "calendarYear": "2022",
    "period": "Q4",
    "revenue": 11395000000,
    "costOfRevenue": 4868000000,
    "grossProfit": 6527000000,
    "grossProfitRatio": 0.5727950856,
    "researchAndDevelopmentExpenses": 2178000000,
    "generalAndAdministrativeExpenses": 0,
    "sellingAndMarketingExpenses": 0,
    "sellingGeneralAndAdministrativeExpenses": 683000000,
    "otherExpenses": 0,
    "operatingExpenses": 2861000000,
    "costAndExpenses": 7729000000,
    "interestIncome": 32000000,
    "interestExpense": 145000000,
    "depreciationAndAmortization": 490000000,
    "ebitda": 4156000000,
    "ebitdaratio": 0.364721369,
    "operatingIncome": 3666000000,
    "operatingIncomeRatio": 0.3217200527,
    "totalOtherIncomeExpensesNet": -196000000,
    "incomeBeforeTax": 3470000000,
    "incomeBeforeTaxRatio": 0.3045195261,
    "incomeTaxExpense": 547000000,
    "netIncome": 2873000000,
    "netIncomeRatio": 0.2521281264,
    "eps": 2.56,
    "epsdiluted": 2.53,
    "weightedAverageShsOut": 1120000000,
    "weightedAverageShsOutDil": 1131000000,
    "link": "https://www.sec.gov/Archives/edgar/data/804328/000080432822000021/0000804328-22-000021-index.htm",
    "finalLink": "https://www.sec.gov/Archives/edgar/data/804328/000080432822000021/qcom-20220925.htm"
  },
  {
    "date": "2022-06-26",
    "symbol": "QCOM",
    "reportedCurrency": "USD",
    "cik": "0000804328",
    "fillingDate": "2022-07-27",
    "acceptedDate": "2022-07-27 16:04:54",
    "calendarYear": "2022",
    "period": "Q3",
    "revenue": 10936000000,
    "costOfRevenue": 4816000000,
    "grossProfit": 6120000000,
    "grossProfitRatio": 0.559619605,
    "researchAndDevelopmentExpenses": 2052000000,
    "generalAndAdministrativeExpenses": 0,
    "sellingAndMarketingExpenses": 0,
    "sellingGeneralAndAdministrativeExpenses": 655000000,
    "otherExpenses": -1059000000,
    "operatingExpenses": 1648000000,
    "costAndExpenses": 6464000000,
    "interestIncome": 22000000,
    "interestExpense": 70000000,
    "depreciationAndAmortization": 438000000,
    "ebitda": 3851000000,
    "ebitdaratio": 0.352139722,
    "operatingIncome": 4472000000,
    "operatingIncomeRatio": 0.4089246525,
    "totalOtherIncomeExpensesNet": -233000000,
    "incomeBeforeTax": 4239000000,
    "incomeBeforeTaxRatio": 0.3876188734,
    "incomeTaxExpense": 509000000,
    "netIncome": 3730000000,
    "netIncomeRatio": 0.3410753475,
    "eps": 3.32,
    "epsdiluted": 3.29,
    "weightedAverageShsOut": 1122000000,
    "weightedAverageShsOutDil": 1134000000,
    "link": "https://www.sec.gov/Archives/edgar/data/804328/000172894922000040/0001728949-22-000040-index.htm",
    "finalLink": "https://www.sec.gov/Archives/edgar/data/804328/000172894922000040/qcom-20220626.htm"
  },
  {
    "date": "2022-03-27",
    "symbol": "QCOM",
    "reportedCurrency": "USD",
    "cik": "0000804328",
    "fillingDate": "2022-04-27",
    "acceptedDate": "2022-04-27 16:04:14",
    "calendarYear": "2022",
    "period": "Q2",
    "revenue": 11164000000,
    "costOfRevenue": 4648000000,
    "grossProfit": 6516000000,
    "grossProfitRatio": 0.58366177,
    "researchAndDevelopmentExpenses": 2034000000,
    "generalAndAdministrativeExpenses": 0,
    "sellingAndMarketingExpenses": 0,
    "sellingGeneralAndAdministrativeExpenses": 624000000,
    "otherExpenses": 0,
    "operatingExpenses": 2658000000,
    "costAndExpenses": 7306000000,
    "interestIncome": 20000000,
    "interestExpense": 137000000,
    "depreciationAndAmortization": 428000000,
    "ebitda": 4286000000,
    "ebitdaratio": 0.3839125761,
    "operatingIncome": 3858000000,
    "operatingIncomeRatio": 0.3455750627,
    "totalOtherIncomeExpensesNet": -435000000,
    "incomeBeforeTax": 3423000000,
    "incomeBeforeTaxRatio": 0.3066105339,
    "incomeTaxExpense": 489000000,
    "netIncome": 2934000000,
    "netIncomeRatio": 0.262809029,
    "eps": 2.61,
    "epsdiluted": 2.57,
    "weightedAverageShsOut": 1125000000,
    "weightedAverageShsOutDil": 1140000000,
    "link": "https://www.sec.gov/Archives/edgar/data/804328/000172894922000026/0001728949-22-000026-index.htm",
    "finalLink": "https://www.sec.gov/Archives/edgar/data/804328/000172894922000026/qcom-20220327.htm"
  },
  {
    "date": "2021-12-26",
    "symbol": "QCOM",
    "reportedCurrency": "USD",
    "cik": "0000804328",
    "fillingDate": "2022-02-02",
    "acceptedDate": "2022-02-02 16:04:52",
    "calendarYear": "2022",
    "period": "Q1",
    "revenue": 10705000000,
    "costOfRevenue": 4303000000,
    "grossProfit": 6402000000,
    "grossProfitRatio": 0.5980382999,
    "researchAndDevelopmentExpenses": 1930000000,
    "generalAndAdministrativeExpenses": 0,
    "sellingAndMarketingExpenses": 0,
    "sellingGeneralAndAdministrativeExpenses": 608000000,
    "otherExpenses": 0,
    "operatingExpenses": 2538000000,
    "costAndExpenses": 6841000000,
    "interestIncome": 17000000,
    "interestExpense": 139000000,
    "depreciationAndAmortization": 406000000,
    "ebitda": 4270000000,
    "ebitdaratio": 0.3988790285,
    "operatingIncome": 3864000000,
    "operatingIncomeRatio": 0.3609528258,
    "totalOtherIncomeExpensesNet": 1000000,
    "incomeBeforeTax": 3865000000,
    "incomeBeforeTaxRatio": 0.3610462401,
    "incomeTaxExpense": 466000000,
    "netIncome": 3399000000,
    "netIncomeRatio": 0.3175151798,
    "eps": 3.02,
    "epsdiluted": 2.98,
    "weightedAverageShsOut": 1124000000,
    "weightedAverageShsOutDil": 1142000000,
    "link": "https://www.sec.gov/Archives/edgar/data/804328/000172894922000012/0001728949-22-000012-index.htm",
    "finalLink": "https://www.sec.gov/Archives/edgar/data/804328/000172894922000012/qcom-20211226.htm"
  },
  {
    "date": "2021-09-26",
    "symbol": "QCOM",
    "reportedCurrency": "USD",
    "cik": "0000804328",
    "fillingDate": "2021-11-03",
    "acceptedDate": "2021-11-03 16:06:41",
    "calendarYear": "2021",
    "period": "Q4",
    "revenue": 9336000000,
    "costOfRevenue": 3937000000,
    "grossProfit": 5399000000,
    "grossProfitRatio": 0.5782990574,
    "researchAndDevelopmentExpenses": 1878000000,
    "generalAndAdministrativeExpenses": 0,
    "sellingAndMarketingExpenses": 0,
    "sellingGeneralAndAdministrativeExpenses": 619000000,
    "otherExpenses": 0,
    "operatingExpenses": 2497000000,
    "costAndExpenses": 6434000000,
    "interestIncome": 20000000,
    "interestExpense": 138000000,
    "depreciationAndAmortization": 425000000,
    "ebitda": 3327000000,
    "ebitdaratio": 0.3563624679,
    "operatingIncome": 2902000000,
    "operatingIncomeRatio": 0.3108397601,
    "totalOtherIncomeExpensesNet": 383000000,
    "incomeBeforeTax": 3285000000,
    "incomeBeforeTaxRatio": 0.3518637532,
    "incomeTaxExpense": 487000000,
    "netIncome": 2798000000,
    "netIncomeRatio": 0.2997000857,
    "eps": 2.48,
    "epsdiluted": 2.45,
    "weightedAverageShsOut": 1129000000,
    "weightedAverageShsOutDil": 1144000000,
    "link": "https://www.sec.gov/Archives/edgar/data/804328/000172894921000076/0001728949-21-000076-index.htm",
    "finalLink": "https://www.sec.gov/Archives/edgar/data/804328/000172894921000076/qcom-20210926.htm"
  },
  {
    "date": "2021-06-27",
    "symbol": "QCOM",
    "reportedCurrency": "USD",
    "cik": "0000804328",
    "fillingDate": "2021-07-28",
    "acceptedDate": "2021-07-28 16:03:00",
    "calendarYear": "2021",
    "period": "Q3",
    "revenue": 8060000000,
    "costOfRevenue": 3404000000,
    "grossProfit": 4656000000,
    "grossProfitRatio": 0.5776674938,
    "researchAndDevelopmentExpenses": 1864000000,
    "generalAndAdministrativeExpenses": 0,
    "sellingAndMarketingExpenses": 0,
    "sellingGeneralAndAdministrativeExpenses": 597000000,
    "otherExpenses": 0,
    "operatingExpenses": 2461000000,
    "costAndExpenses": 5865000000,
    "interestIncome": 21000000,
    "interestExpense": 138000000,
    "depreciationAndAmortization": 406000000,
    "ebitda": 2601000000,
    "ebitdaratio": 0.3227047146,
    "operatingIncome": 2195000000,
    "operatingIncomeRatio": 0.2723325062,
    "totalOtherIncomeExpensesNet": 62000000,
    "incomeBeforeTax": 2257000000,
    "incomeBeforeTaxRatio": 0.2800248139,
    "incomeTaxExpense": 230000000,
    "netIncome": 2027000000,
    "netIncomeRatio": 0.2514888337,
    "eps": 1.8,
    "epsdiluted": 1.77,
    "weightedAverageShsOut": 1129000000,
    "weightedAverageShsOutDil": 1145000000,
    "link": "https://www.sec.gov/Archives/edgar/data/804328/000172894921000066/0001728949-21-000066-index.htm",
    "finalLink": "https://www.sec.gov/Archives/edgar/data/804328/000172894921000066/qcom-20210627.htm"
  },
  {
    "date": "2021-03-28",
    "symbol": "QCOM",
    "reportedCurrency": "USD",
    "cik": "0000804328",
    "fillingDate": "2021-04-28",
    "acceptedDate": "2021-04-28 16:03:03",
    "calendarYear": "2021",
    "period": "Q2",
    "revenue": 7935000000,
    "costOfRevenue": 3432000000,
    "grossProfit": 4503000000,
    "grossProfitRatio": 0.5674858223,
    "researchAndDevelopmentExpenses": 1780000000,
    "generalAndAdministrativeExpenses": 0,
    "sellingAndMarketingExpenses": 0,
    "sellingGeneralAndAdministrativeExpenses": 557000000,
    "otherExpenses": 0,
    "operatingExpenses": 2337000000,
    "costAndExpenses": 5769000000,
    "interestIncome": 22000000,
    "interestExpense": 141000000,
    "depreciationAndAmortization": 387000000,
    "ebitda": 2553000000,
    "ebitdaratio": 0.3217391304,
    "operatingIncome": 2166000000,
    "operatingIncomeRatio": 0.2729678639,
    "totalOtherIncomeExpensesNet": -37000000,
    "incomeBeforeTax": 2129000000,
    "incomeBeforeTaxRatio": 0.2683049779,
    "incomeTaxExpense": 367000000,
    "netIncome": 1762000000,
    "netIncomeRatio": 0.2220541903,
    "eps": 1.55,
    "epsdiluted": 1.53,
    "weightedAverageShsOut": 1133000000,
    "weightedAverageShsOutDil": 1151000000,
    "link": "https://www.sec.gov/Archives/edgar/data/804328/000172894921000043/0001728949-21-000043-index.htm",
    "finalLink": "https://www.sec.gov/Archives/edgar/data/804328/000172894921000043/qcom-20210328.htm"
  },
  {
    "date": "2020-12-27",
    "symbol": "QCOM",
    "reportedCurrency": "USD",
    "cik": "0000804328",
    "fillingDate": "2021-02-03",
    "acceptedDate": "2021-02-03 16:04:19",
    "calendarYear": "2021",
    "period": "Q1",
    "revenue": 8235000000,
    "costOfRevenue": 3489000000,
    "grossProfit": 4746000000,
    "grossProfitRatio": 0.5763205829,
    "researchAndDevelopmentExpenses": 1653000000,
    "generalAndAdministrativeExpenses": 0,
    "sellingAndMarketingExpenses": 0,
    "sellingGeneralAndAdministrativeExpenses": 567000000,
    "otherExpenses": 0,
    "operatingExpenses": 2220000000,
    "costAndExpenses": 5709000000,
    "interestIncome": 21000000,
    "interestExpense": 141000000,
    "depreciationAndAmortization": 364000000,
    "ebitda": 2890000000,
    "ebitdaratio": 0.350941105,
    "operatingIncome": 2526000000,
    "operatingIncomeRatio": 0.3067395264,
    "totalOtherIncomeExpensesNet": 78000000,
    "incomeBeforeTax": 2604000000,
    "incomeBeforeTaxRatio": 0.3162112933,
    "incomeTaxExpense": 149000000,
    "netIncome": 2455000000,
    "netIncomeRatio": 0.2981177899,
    "eps": 2.16,
    "epsdiluted": 2.12,
    "weightedAverageShsOut": 1134000000,
    "weightedAverageShsOutDil": 1156000000,
    "link": "https://www.sec.gov/Archives/edgar/data/804328/000172894921000022/0001728949-21-000022-index.htm",
    "finalLink": "https://www.sec.gov/Archives/edgar/data/804328/000172894921000022/qcom-20201227.htm"
  },
  {
    "date": "2020-09-27",
    "symbol": "QCOM",
    "reportedCurrency": "USD",
    "cik": "0000804328",
    "fillingDate": "2020-11-04",
    "acceptedDate": "2020-11-04 17:19:44",
    "calendarYear": "2020",
    "period": "Q4",
    "revenue": 8346000000,
    "costOfRevenue": 2766000000,
    "grossProfit": 5580000000,
    "grossProfitRatio": 0.6685837527,
    "researchAndDevelopmentExpenses": 1583000000,
    "generalAndAdministrativeExpenses": 0,
    "sellingAndMarketingExpenses": 0,
    "sellingGeneralAndAdministrativeExpenses": 551000000,
    "otherExpenses": 0,
    "operatingExpenses": 2128000000,
    "costAndExpenses": 4894000000,
    "interestIncome": 21000000,
    "interestExpense": 166000000,
    "depreciationAndAmortization": 339000000,
    "ebitda": 3786000000,
    "ebitdaratio": 0.4536304817,
    "operatingIncome": 3452000000,
    "operatingIncomeRatio": 0.4136113108,
    "totalOtherIncomeExpensesNet": -146000000,
    "incomeBeforeTax": 3306000000,
    "incomeBeforeTaxRatio": 0.3961179008,
    "incomeTaxExpense": 346000000,
    "netIncome": 2960000000,
    "netIncomeRatio": 0.3546609154,
    "eps": 2.62,
    "epsdiluted": 2.58,
    "weightedAverageShsOut": 1130000000,
    "weightedAverageShsOutDil": 1148000000,
    "link": "https://www.sec.gov/Archives/edgar/data/804328/000172894920000067/0001728949-20-000067-index.htm",
    "finalLink": "https://www.sec.gov/Archives/edgar/data/804328/000172894920000067/qcom-20200927.htm"
  },
  {
    "date": "2020-06-28",
    "symbol": "QCOM",
    "reportedCurrency": "USD",
    "cik": "0000804328",
    "fillingDate": "2020-07-29",
    "acceptedDate": "2020-07-29 16:17:38",
    "calendarYear": "2020",
    "period": "Q3",
    "revenue": 4893000000,
    "costOfRevenue": 2080000000,
    "grossProfit": 2813000000,
    "grossProfitRatio": 0.5749029225,
    "researchAndDevelopmentExpenses": 1520000000,
    "generalAndAdministrativeExpenses": 0,
    "sellingAndMarketingExpenses": 0,
    "sellingGeneralAndAdministrativeExpenses": 511000000,
    "otherExpenses": 0,
    "operatingExpenses": 2031000000,
    "costAndExpenses": 4111000000,
    "interestIncome": 30000000,
    "interestExpense": 143000000,
    "depreciationAndAmortization": 363000000,
    "ebitda": 1145000000,
    "ebitdaratio": 0.2340077662,
    "operatingIncome": 782000000,
    "operatingIncomeRatio": 0.1598201512,
    "totalOtherIncomeExpensesNet": 86000000,
    "incomeBeforeTax": 868000000,
    "incomeBeforeTaxRatio": 0.1773962804,
    "incomeTaxExpense": 23000000,
    "netIncome": 845000000,
    "netIncomeRatio": 0.1726956877,
    "eps": 0.75,
    "epsdiluted": 0.74,
    "weightedAverageShsOut": 1127000000,
    "weightedAverageShsOutDil": 1139000000,
    "link": "https://www.sec.gov/Archives/edgar/data/804328/000172894920000057/0001728949-20-000057-index.htm",
    "finalLink": "https://www.sec.gov/Archives/edgar/data/804328/000172894920000057/qcom-20200628.htm"
  },
  {
    "date": "2020-03-29",
    "symbol": "QCOM",
    "reportedCurrency": "USD",
    "cik": "0000804328",
    "fillingDate": "2020-04-29",
    "acceptedDate": "2020-04-29 16:15:43",
    "calendarYear": "2020",
    "period": "Q2",
    "revenue": 5216000000,
    "costOfRevenue": 2297000000,
    "grossProfit": 2919000000,
    "grossProfitRatio": 0.5596242331,
    "researchAndDevelopmentExpenses": 1468000000,
    "generalAndAdministrativeExpenses": 0,
    "sellingAndMarketingExpenses": 0,
    "sellingGeneralAndAdministrativeExpenses": 483000000,
    "otherExpenses": -23000000,
    "operatingExpenses": 1928000000,
    "costAndExpenses": 4225000000,
    "interestIncome": 47000000,
    "interestExpense": 146000000,
    "depreciationAndAmortization": 340000000,
    "ebitda": 1308000000,
    "ebitdaratio": 0.2507668712,
    "operatingIncome": 991000000,
    "operatingIncomeRatio": 0.1899923313,
    "totalOtherIncomeExpensesNet": -393000000,
    "incomeBeforeTax": 598000000,
    "incomeBeforeTaxRatio": 0.1146472393,
    "incomeTaxExpense": 130000000,
    "netIncome": 468000000,
    "netIncomeRatio": 0.0897239264,
    "eps": 0.41,
    "epsdiluted": 0.41,
    "weightedAverageShsOut": 1139000000,
    "weightedAverageShsOutDil": 1151000000,
    "link": "https://www.sec.gov/Archives/edgar/data/804328/000172894920000031/0001728949-20-000031-index.htm",
    "finalLink": "https://www.sec.gov/Archives/edgar/data/804328/000172894920000031/qcom-20200329.htm"
  },
  {
    "date": "2019-12-29",
    "symbol": "QCOM",
    "reportedCurrency": "USD",
    "cik": "0000804328",
    "fillingDate": "2020-02-05",
    "acceptedDate": "2020-02-05 16:07:43",
    "calendarYear": "2020",
    "period": "Q1",
    "revenue": 5077000000,
    "costOfRevenue": 2113000000,
    "grossProfit": 2964000000,
    "grossProfitRatio": 0.5838093362,
    "researchAndDevelopmentExpenses": 1406000000,
    "generalAndAdministrativeExpenses": 0,
    "sellingAndMarketingExpenses": 0,
    "sellingGeneralAndAdministrativeExpenses": 528000000,
    "otherExpenses": 0,
    "operatingExpenses": 1934000000,
    "costAndExpenses": 4047000000,
    "interestIncome": 59000000,
    "interestExpense": 148000000,
    "depreciationAndAmortization": 351000000,
    "ebitda": 1381000000,
    "ebitdaratio": 0.2720110301,
    "operatingIncome": 1030000000,
    "operatingIncomeRatio": 0.202875714,
    "totalOtherIncomeExpensesNet": -83000000,
    "incomeBeforeTax": 947000000,
    "incomeBeforeTaxRatio": 0.1865274769,
    "incomeTaxExpense": 22000000,
    "netIncome": 925000000,
    "netIncomeRatio": 0.1821942092,
    "eps": 0.81,
    "epsdiluted": 0.8,
    "weightedAverageShsOut": 1144000000,
    "weightedAverageShsOutDil": 1159000000,
    "link": "https://www.sec.gov/Archives/edgar/data/804328/000172894920000011/0001728949-20-000011-index.htm",
    "finalLink": "https://www.sec.gov/Archives/edgar/data/804328/000172894920000011/qcom12291910-q.htm"
  },
  {
    "date": "2019-09-29",
    "symbol": "QCOM",
    "reportedCurrency": "USD",
    "cik": "0000804328",
    "fillingDate": "2019-11-06",
    "acceptedDate": "2019-11-06 16:08:43",
    "calendarYear": "2019",
    "period": "Q4",
    "revenue": 4814000000,
    "costOfRevenue": 2118000000,
    "grossProfit": 2696000000,
    "grossProfitRatio": 0.5600332364,
    "researchAndDevelopmentExpenses": 1441000000,
    "generalAndAdministrativeExpenses": 0,
    "sellingAndMarketingExpenses": 0,
    "sellingGeneralAndAdministrativeExpenses": 548000000,
    "otherExpenses": 6000000,
    "operatingExpenses": 1995000000,
    "costAndExpenses": 4113000000,
    "interestIncome": 79000000,
    "interestExpense": 150000000,
    "depreciationAndAmortization": 350000000,
    "ebitda": 1056000000,
    "ebitdaratio": 0.2193601994,
    "operatingIncome": 701000000,
    "operatingIncomeRatio": 0.1456169506,
    "totalOtherIncomeExpensesNet": -85000000,
    "incomeBeforeTax": 615000000,
    "incomeBeforeTaxRatio": 0.1277523889,
    "incomeTaxExpense": 109000000,
    "netIncome": 506000000,
    "netIncomeRatio": 0.1051100956,
    "eps": 0.42,
    "epsdiluted": 0.42,
    "weightedAverageShsOut": 1197000000,
    "weightedAverageShsOutDil": 1211000000,
    "link": "https://www.sec.gov/Archives/edgar/data/804328/000172894919000072/0001728949-19-000072-index.htm",
    "finalLink": "https://www.sec.gov/Archives/edgar/data/804328/000172894919000072/qcom10-k2019.htm"
  },
  {
    "date": "2019-06-30",
    "symbol": "QCOM",
    "reportedCurrency": "USD",
    "cik": "0000804328",
    "fillingDate": "2019-07-31",
    "acceptedDate": "2019-07-31 16:13:42",
    "calendarYear": "2019",
    "period": "Q3",
    "revenue": 9635000000,
    "costOfRevenue": 2114000000,
    "grossProfit": 7521000000,
    "grossProfitRatio": 0.7805915931,
    "researchAndDevelopmentExpenses": 1380000000,
    "generalAndAdministrativeExpenses": 0,
    "sellingAndMarketingExpenses": 0,
    "sellingGeneralAndAdministrativeExpenses": 547000000,
    "otherExpenses": 277000000,
    "operatingExpenses": 2204000000,
    "costAndExpenses": 4318000000,
    "interestIncome": 80000000,
    "interestExpense": 160000000,
    "depreciationAndAmortization": 353000000,
    "ebitda": 5947000000,
    "ebitdaratio": 0.6172288531,
    "operatingIncome": 5317000000,
    "operatingIncomeRatio": 0.5518422418,
    "totalOtherIncomeExpensesNet": 184000000,
    "incomeBeforeTax": 5501000000,
    "incomeBeforeTaxRatio": 0.5709392839,
    "incomeTaxExpense": 3352000000,
    "netIncome": 2149000000,
    "netIncomeRatio": 0.2230409964,
    "eps": 1.77,
    "epsdiluted": 1.75,
    "weightedAverageShsOut": 1217000000,
    "weightedAverageShsOutDil": 1231000000,
    "link": "https://www.sec.gov/Archives/edgar/data/804328/000172894919000055/0001728949-19-000055-index.htm",
    "finalLink": "https://www.sec.gov/Archives/edgar/data/804328/000172894919000055/qcom06301910-q.htm"
  },
  {
    "date": "2019-03-31",
    "symbol": "QCOM",
    "reportedCurrency": "USD",
    "cik": "0000804328",
    "fillingDate": "2019-05-01",
    "acceptedDate": "2019-05-01 16:11:35",
    "calendarYear": "2019",
    "period": "Q2",
    "revenue": 4982000000,
    "costOfRevenue": 2179000000,
    "grossProfit": 2803000000,
    "grossProfitRatio": 0.5626254516,
    "researchAndDevelopmentExpenses": 1308000000,
    "generalAndAdministrativeExpenses": 0,
    "sellingAndMarketingExpenses": 0,
    "sellingGeneralAndAdministrativeExpenses": 573000000,
    "otherExpenses": -18000000,
    "operatingExpenses": 1863000000,
    "costAndExpenses": 4042000000,
    "interestIncome": 78000000,
    "interestExpense": 162000000,
    "depreciationAndAmortization": 345000000,
    "ebitda": 1267000000,
    "ebitdaratio": 0.2543155359,
    "operatingIncome": 940000000,
    "operatingIncomeRatio": 0.1886792453,
    "totalOtherIncomeExpensesNet": -134000000,
    "incomeBeforeTax": 806000000,
    "incomeBeforeTaxRatio": 0.1617824167,
    "incomeTaxExpense": 143000000,
    "netIncome": 663000000,
    "netIncomeRatio": 0.1330790847,
    "eps": 0.55,
    "epsdiluted": 0.55,
    "weightedAverageShsOut": 1213000000,
    "weightedAverageShsOutDil": 1217000000,
    "link": "https://www.sec.gov/Archives/edgar/data/804328/000172894919000036/0001728949-19-000036-index.htm",
    "finalLink": "https://www.sec.gov/Archives/edgar/data/804328/000172894919000036/qcom03311910-q.htm"
  },
  {
    "date": "2018-12-30",
    "symbol": "QCOM",
    "reportedCurrency": "USD",
    "cik": "0000804328",
    "fillingDate": "2019-01-30",
    "acceptedDate": "2019-01-30 16:08:22",
    "calendarYear": "2019",
    "period": "Q1",
    "revenue": 4842000000,
    "costOfRevenue": 2188000000,
    "grossProfit": 2654000000,
    "grossProfitRatio": 0.5481206113,
    "researchAndDevelopmentExpenses": 1269000000,
    "generalAndAdministrativeExpenses": 0,
    "sellingAndMarketingExpenses": 0,
    "sellingGeneralAndAdministrativeExpenses": 526000000,
    "otherExpenses": 149000000,
    "operatingExpenses": 1944000000,
    "costAndExpenses": 4132000000,
    "interestIncome": 74000000,
    "interestExpense": 156000000,
    "depreciationAndAmortization": 353000000,
    "ebitda": 1212000000,
    "ebitdaratio": 0.2503097893,
    "operatingIncome": 710000000,
    "operatingIncomeRatio": 0.1466336225,
    "totalOtherIncomeExpensesNet": -151000000,
    "incomeBeforeTax": 559000000,
    "incomeBeforeTaxRatio": 0.1154481619,
    "incomeTaxExpense": -509000000,
    "netIncome": 1068000000,
    "netIncomeRatio": 0.2205700124,
    "eps": 0.88,
    "epsdiluted": 0.87,
    "weightedAverageShsOut": 1213000000,
    "weightedAverageShsOutDil": 1223000000,
    "link": "https://www.sec.gov/Archives/edgar/data/804328/000172894919000012/0001728949-19-000012-index.htm",
    "finalLink": "https://www.sec.gov/Archives/edgar/data/804328/000172894919000012/qcom12301810-q.htm"
  },
  {
    "date": "2018-09-30",
    "symbol": "QCOM",
    "reportedCurrency": "USD",
    "cik": "0000804328",
    "fillingDate": "2018-11-07",
    "acceptedDate": "2018-11-07 16:15:48",
    "calendarYear": "2018",
    "period": "Q4",
    "revenue": 5803000000,
    "costOfRevenue": 2850000000,
    "grossProfit": 2953000000,
    "grossProfitRatio": 0.50887472,
    "researchAndDevelopmentExpenses": 1388000000,
    "generalAndAdministrativeExpenses": 0,
    "sellingAndMarketingExpenses": 0,
    "sellingGeneralAndAdministrativeExpenses": 689000000,
    "otherExpenses": 1530000000,
    "operatingExpenses": 3607000000,
    "costAndExpenses": 6457000000,
    "interestIncome": 164000000,
    "interestExpense": 207000000,
    "depreciationAndAmortization": 396000000,
    "ebitda": -172000000,
    "ebitdaratio": -0.0296398415,
    "operatingIncome": -653000000,
    "operatingIncomeRatio": -0.1125280028,
    "totalOtherIncomeExpensesNet": -122000000,
    "incomeBeforeTax": -775000000,
    "incomeBeforeTaxRatio": -0.1335516112,
    "incomeTaxExpense": -282000000,
    "netIncome": -493000000,
    "netIncomeRatio": -0.0849560572,
    "eps": -0.35,
    "epsdiluted": -0.35,
    "weightedAverageShsOut": 1415000000,
    "weightedAverageShsOutDil": 1417000000,
    "link": "https://www.sec.gov/Archives/edgar/data/804328/000172894918000095/0001728949-18-000095-index.htm",
    "finalLink": "https://www.sec.gov/Archives/edgar/data/804328/000172894918000095/qcom10-k2018.htm"
  },
  {
    "date": "2018-06-24",
    "symbol": "QCOM",
    "reportedCurrency": "USD",
    "cik": "0000804328",
    "fillingDate": "2018-07-25",
    "acceptedDate": "2018-07-25 16:10:05",
    "calendarYear": "2018",
    "period": "Q3",
    "revenue": 5599000000,
    "costOfRevenue": 2491000000,
    "grossProfit": 3108000000,
    "grossProfitRatio": 0.5550991248,
    "researchAndDevelopmentExpenses": 1416000000,
    "generalAndAdministrativeExpenses": 0,
    "sellingAndMarketingExpenses": 0,
    "sellingGeneralAndAdministrativeExpenses": 655000000,
    "otherExpenses": 112000000,
    "operatingExpenses": 2183000000,
    "costAndExpenses": 4674000000,
    "interestIncome": 182000000,
    "interestExpense": 212000000,
    "depreciationAndAmortization": 414000000,
    "ebitda": 1560000000,
    "ebitdaratio": 0.2786211824,
    "operatingIncome": 903000000,
    "operatingIncomeRatio": 0.1612787998,
    "totalOtherIncomeExpensesNet": 53000000,
    "incomeBeforeTax": 956000000,
    "incomeBeforeTaxRatio": 0.1707447759,
    "incomeTaxExpense": -263000000,
    "netIncome": 1219000000,
    "netIncomeRatio": 0.2177174495,
    "eps": 0.81,
    "epsdiluted": 0.81,
    "weightedAverageShsOut": 1478000000,
    "weightedAverageShsOutDil": 1487000000,
    "link": "https://www.sec.gov/Archives/edgar/data/804328/000172894918000075/0001728949-18-000075-index.htm",
    "finalLink": "https://www.sec.gov/Archives/edgar/data/804328/000172894918000075/qcom06241810-q.htm"
  },
  {
    "date": "2018-03-25",
    "symbol": "QCOM",
    "reportedCurrency": "USD",
    "cik": "0000804328",
    "fillingDate": "2018-04-25",
    "acceptedDate": "2018-04-25 16:07:36",
    "calendarYear": "2018",
    "period": "Q2",
    "revenue": 5261000000,
    "costOfRevenue": 2239000000,
    "grossProfit": 3022000000,
    "grossProfitRatio": 0.5744155104,
    "researchAndDevelopmentExpenses": 1402000000,
    "generalAndAdministrativeExpenses": 0,
    "sellingAndMarketingExpenses": 0,
    "sellingGeneralAndAdministrativeExpenses": 869000000,
    "otherExpenses": 310000000,
    "operatingExpenses": 2581000000,
    "costAndExpenses": 4820000000,
    "interestIncome": 154000000,
    "interestExpense": 179000000,
    "depreciationAndAmortization": 388000000,
    "ebitda": 884000000,
    "ebitdaratio": 0.1680288918,
    "operatingIncome": 441000000,
    "operatingIncomeRatio": 0.083824368,
    "totalOtherIncomeExpensesNet": -83000000,
    "incomeBeforeTax": 358000000,
    "incomeBeforeTaxRatio": 0.0680478996,
    "incomeTaxExpense": -5000000,
    "netIncome": 363000000,
    "netIncomeRatio": 0.0689982893,
    "eps": 0.22,
    "epsdiluted": 0.22,
    "weightedAverageShsOut": 1482000000,
    "weightedAverageShsOutDil": 1494000000,
    "link": "https://www.sec.gov/Archives/edgar/data/804328/000172894918000039/0001728949-18-000039-index.htm",
    "finalLink": "https://www.sec.gov/Archives/edgar/data/804328/000172894918000039/qcom03251810-q.htm"
  },
  {
    "date": "2017-12-24",
    "symbol": "QCOM",
    "reportedCurrency": "USD",
    "cik": "0000804328",
    "fillingDate": "2018-01-31",
    "acceptedDate": "2018-01-31 16:10:12",
    "calendarYear": "2018",
    "period": "Q1",
    "revenue": 6068000000,
    "costOfRevenue": 2663000000,
    "grossProfit": 3405000000,
    "grossProfitRatio": 0.5611404087,
    "researchAndDevelopmentExpenses": 1420000000,
    "generalAndAdministrativeExpenses": 0,
    "sellingAndMarketingExpenses": 0,
    "sellingGeneralAndAdministrativeExpenses": 773000000,
    "otherExpenses": 1183000000,
    "operatingExpenses": 3376000000,
    "costAndExpenses": 6039000000,
    "interestIncome": 126000000,
    "interestExpense": 170000000,
    "depreciationAndAmortization": 363000000,
    "ebitda": 473000000,
    "ebitdaratio": 0.0779499011,
    "operatingIncome": 29000000,
    "operatingIncomeRatio": 0.0047791694,
    "totalOtherIncomeExpensesNet": -56000000,
    "incomeBeforeTax": -27000000,
    "incomeBeforeTaxRatio": -0.0044495715,
    "incomeTaxExpense": 5926000000,
    "netIncome": -5953000000,
    "netIncomeRatio": -0.9810481213,
    "eps": -4.03,
    "epsdiluted": -4.03,
    "weightedAverageShsOut": 1477000000,
    "weightedAverageShsOutDil": 1477000000,
    "link": "https://www.sec.gov/Archives/edgar/data/804328/000172894918000011/0001728949-18-000011-index.htm",
    "finalLink": "https://www.sec.gov/Archives/edgar/data/804328/000172894918000011/qcom12241710-q.htm"
  },
  {
    "date": "2017-09-24",
    "symbol": "QCOM",
    "reportedCurrency": "USD",
    "cik": "0000804328",
    "fillingDate": "2017-11-01",
    "acceptedDate": "2017-11-01 16:10:14",
    "calendarYear": "2017",
    "period": "Q4",
    "revenue": 5905000000,
    "costOfRevenue": 2653000000,
    "grossProfit": 3252000000,
    "grossProfitRatio": 0.550719729,
    "researchAndDevelopmentExpenses": 1397000000,
    "generalAndAdministrativeExpenses": 0,
    "sellingAndMarketingExpenses": 0,
    "sellingGeneralAndAdministrativeExpenses": 742000000,
    "otherExpenses": 780000000,
    "operatingExpenses": 2919000000,
    "costAndExpenses": 5572000000,
    "interestIncome": 153000000,
    "interestExpense": 164000000,
    "depreciationAndAmortization": 397000000,
    "ebitda": 1925000000,
    "ebitdaratio": 0.3259949196,
    "operatingIncome": 333000000,
    "operatingIncomeRatio": 0.0563928874,
    "totalOtherIncomeExpensesNet": 101000000,
    "incomeBeforeTax": 434000000,
    "incomeBeforeTaxRatio": 0.0734970364,
    "incomeTaxExpense": 266000000,
    "netIncome": 168000000,
    "netIncomeRatio": 0.0284504657,
    "eps": 0.11,
    "epsdiluted": 0.11,
    "weightedAverageShsOut": 1476000000,
    "weightedAverageShsOutDil": 1488000000,
    "link": "https://www.sec.gov/Archives/edgar/data/804328/000123445217000190/0001234452-17-000190-index.htm",
    "finalLink": "https://www.sec.gov/Archives/edgar/data/804328/000123445217000190/qcom10-k2017.htm"
  },
  {
    "date": "2017-06-25",
    "symbol": "QCOM",
    "reportedCurrency": "USD",
    "cik": "0000804328",
    "fillingDate": "2017-07-19",
    "acceptedDate": "2017-07-19 16:10:17",
    "calendarYear": "2017",
    "period": "Q3",
    "revenue": 5371000000,
    "costOfRevenue": 2488000000,
    "grossProfit": 2883000000,
    "grossProfitRatio": 0.5367715509,
    "researchAndDevelopmentExpenses": 1391000000,
    "generalAndAdministrativeExpenses": 0,
    "sellingAndMarketingExpenses": 0,
    "sellingGeneralAndAdministrativeExpenses": 710000000,
    "otherExpenses": 9000000,
    "operatingExpenses": 2110000000,
    "costAndExpenses": 4598000000,
    "interestIncome": 147000000,
    "interestExpense": 133000000,
    "depreciationAndAmortization": 393000000,
    "ebitda": 1385000000,
    "ebitdaratio": 0.2578663191,
    "operatingIncome": 773000000,
    "operatingIncomeRatio": 0.1439210575,
    "totalOtherIncomeExpensesNet": 85000000,
    "incomeBeforeTax": 858000000,
    "incomeBeforeTaxRatio": 0.1597467883,
    "incomeTaxExpense": -7000000,
    "netIncome": 866000000,
    "netIncomeRatio": 0.1612362689,
    "eps": 0.59,
    "epsdiluted": 0.58,
    "weightedAverageShsOut": 1478000000,
    "weightedAverageShsOutDil": 1491000000,
    "link": "https://www.sec.gov/Archives/edgar/data/804328/000123445217000154/0001234452-17-000154-index.htm",
    "finalLink": "https://www.sec.gov/Archives/edgar/data/804328/000123445217000154/qcom06251710-q.htm"
  },
  {
    "date": "2017-03-26",
    "symbol": "QCOM",
    "reportedCurrency": "USD",
    "cik": "0000804328",
    "fillingDate": "2017-04-19",
    "acceptedDate": "2017-04-19 16:28:27",
    "calendarYear": "2017",
    "period": "Q2",
    "revenue": 5016000000,
    "costOfRevenue": 2208000000,
    "grossProfit": 2808000000,
    "grossProfitRatio": 0.5598086124,
    "researchAndDevelopmentExpenses": 1386000000,
    "generalAndAdministrativeExpenses": 0,
    "sellingAndMarketingExpenses": 0,
    "sellingGeneralAndAdministrativeExpenses": 615000000,
    "otherExpenses": 78000000,
    "operatingExpenses": 2079000000,
    "costAndExpenses": 4287000000,
    "interestIncome": 153000000,
    "interestExpense": 107000000,
    "depreciationAndAmortization": 342000000,
    "ebitda": 1324000000,
    "ebitdaratio": 0.2639553429,
    "operatingIncome": 729000000,
    "operatingIncomeRatio": 0.1453349282,
    "totalOtherIncomeExpensesNet": 128000000,
    "incomeBeforeTax": 857000000,
    "incomeBeforeTaxRatio": 0.1708532695,
    "incomeTaxExpense": 108000000,
    "netIncome": 749000000,
    "netIncomeRatio": 0.1493221691,
    "eps": 0.51,
    "epsdiluted": 0.5,
    "weightedAverageShsOut": 1477000000,
    "weightedAverageShsOutDil": 1489000000,
    "link": "https://www.sec.gov/Archives/edgar/data/804328/000123445217000077/0001234452-17-000077-index.htm",
    "finalLink": "https://www.sec.gov/Archives/edgar/data/804328/000123445217000077/qcom03261710-q.htm"
  },
  {
    "date": "2016-12-25",
    "symbol": "QCOM",
    "reportedCurrency": "USD",
    "cik": "0000804328",
    "fillingDate": "2017-01-25",
    "acceptedDate": "2017-01-25 16:15:11",
    "calendarYear": "2017",
    "period": "Q1",
    "revenue": 5999000000,
    "costOfRevenue": 2443000000,
    "grossProfit": 3556000000,
    "grossProfitRatio": 0.5927654609,
    "researchAndDevelopmentExpenses": 1311000000,
    "generalAndAdministrativeExpenses": 0,
    "sellingAndMarketingExpenses": 0,
    "sellingGeneralAndAdministrativeExpenses": 591000000,
    "otherExpenses": 876000000,
    "operatingExpenses": 2778000000,
    "costAndExpenses": 5221000000,
    "interestIncome": 167000000,
    "interestExpense": 90000000,
    "depreciationAndAmortization": 329000000,
    "ebitda": 2161000000,
    "ebitdaratio": 0.3602267045,
    "operatingIncome": 778000000,
    "operatingIncomeRatio": 0.1296882814,
    "totalOtherIncomeExpensesNet": 92000000,
    "incomeBeforeTax": 870000000,
    "incomeBeforeTaxRatio": 0.1450241707,
    "incomeTaxExpense": 189000000,
    "netIncome": 682000000,
    "netIncomeRatio": 0.1136856143,
    "eps": 0.46,
    "epsdiluted": 0.46,
    "weightedAverageShsOut": 1478000000,
    "weightedAverageShsOutDil": 1495000000,
    "link": "https://www.sec.gov/Archives/edgar/data/804328/000123445217000028/0001234452-17-000028-index.htm",
    "finalLink": "https://www.sec.gov/Archives/edgar/data/804328/000123445217000028/qcom12251610-q.htm"
  },
  {
    "date": "2016-09-25",
    "symbol": "QCOM",
    "reportedCurrency": "USD",
    "cik": "0000804328",
    "fillingDate": "2016-11-02",
    "acceptedDate": "2016-11-02 16:11:53",
    "calendarYear": "2016",
    "period": "Q4",
    "revenue": 6184000000,
    "costOfRevenue": 2539000000,
    "grossProfit": 3645000000,
    "grossProfitRatio": 0.5894243208,
    "researchAndDevelopmentExpenses": 1229000000,
    "generalAndAdministrativeExpenses": 0,
    "sellingAndMarketingExpenses": 0,
    "sellingGeneralAndAdministrativeExpenses": 568000000,
    "otherExpenses": 44000000,
    "operatingExpenses": 1841000000,
    "costAndExpenses": 4380000000,
    "interestIncome": 160000000,
    "interestExpense": 76000000,
    "depreciationAndAmortization": 336000000,
    "ebitda": 2372000000,
    "ebitdaratio": 0.3835705045,
    "operatingIncome": 1804000000,
    "operatingIncomeRatio": 0.2917205692,
    "totalOtherIncomeExpensesNet": 156000000,
    "incomeBeforeTax": 1960000000,
    "incomeBeforeTaxRatio": 0.3169469599,
    "incomeTaxExpense": 361000000,
    "netIncome": 1599000000,
    "netIncomeRatio": 0.2585705045,
    "eps": 1.08,
    "epsdiluted": 1.07,
    "weightedAverageShsOut": 1476000000,
    "weightedAverageShsOutDil": 1491000000,
    "link": "https://www.sec.gov/Archives/edgar/data/804328/000123445216000552/0001234452-16-000552-index.htm",
    "finalLink": "https://www.sec.gov/Archives/edgar/data/804328/000123445216000552/qcom10-k2016.htm"
  },
  {
    "date": "2016-06-26",
    "symbol": "QCOM",
    "reportedCurrency": "USD",
    "cik": "0000804328",
    "fillingDate": "2016-07-20",
    "acceptedDate": "2016-07-20 16:11:32",
    "calendarYear": "2016",
    "period": "Q3",
    "revenue": 6044000000,
    "costOfRevenue": 2534000000,
    "grossProfit": 3510000000,
    "grossProfitRatio": 0.580741231,
    "researchAndDevelopmentExpenses": 1268000000,
    "generalAndAdministrativeExpenses": 0,
    "sellingAndMarketingExpenses": 0,
    "sellingGeneralAndAdministrativeExpenses": 620000000,
    "otherExpenses": 2000000,
    "operatingExpenses": 1918000000,
    "costAndExpenses": 4452000000,
    "interestIncome": 156000000,
    "interestExpense": 75000000,
    "depreciationAndAmortization": 356000000,
    "ebitda": 2072000000,
    "ebitdaratio": 0.342819325,
    "operatingIncome": 1592000000,
    "operatingIncomeRatio": 0.2634017207,
    "totalOtherIncomeExpensesNet": 101000000,
    "incomeBeforeTax": 1693000000,
    "incomeBeforeTaxRatio": 0.2801125083,
    "incomeTaxExpense": 250000000,
    "netIncome": 1444000000,
    "netIncomeRatio": 0.2389146261,
    "eps": 0.98,
    "epsdiluted": 0.97,
    "weightedAverageShsOut": 1471000000,
    "weightedAverageShsOutDil": 1486000000,
    "link": "https://www.sec.gov/Archives/edgar/data/804328/000123445216000483/0001234452-16-000483-index.htm",
    "finalLink": "https://www.sec.gov/Archives/edgar/data/804328/000123445216000483/qcom6261610-q.htm"
  },
  {
    "date": "2016-03-27",
    "symbol": "QCOM",
    "reportedCurrency": "USD",
    "cik": "0000804328",
    "fillingDate": "2016-04-20",
    "acceptedDate": "2016-04-20 16:21:10",
    "calendarYear": "2016",
    "period": "Q2",
    "revenue": 5551000000,
    "costOfRevenue": 2141000000,
    "grossProfit": 3410000000,
    "grossProfitRatio": 0.6143037291,
    "researchAndDevelopmentExpenses": 1301000000,
    "generalAndAdministrativeExpenses": 0,
    "sellingAndMarketingExpenses": 0,
    "sellingGeneralAndAdministrativeExpenses": 619000000,
    "otherExpenses": -1000000,
    "operatingExpenses": 1995000000,
    "costAndExpenses": 4136000000,
    "interestIncome": 158000000,
    "interestExpense": 72000000,
    "depreciationAndAmortization": 372000000,
    "ebitda": 1997000000,
    "ebitdaratio": 0.3597549991,
    "operatingIncome": 1415000000,
    "operatingIncomeRatio": 0.2549090254,
    "totalOtherIncomeExpensesNet": 55000000,
    "incomeBeforeTax": 1470000000,
    "incomeBeforeTaxRatio": 0.2648171501,
    "incomeTaxExpense": 306000000,
    "netIncome": 1164000000,
    "netIncomeRatio": 0.2096919474,
    "eps": 0.78,
    "epsdiluted": 0.78,
    "weightedAverageShsOut": 1487000000,
    "weightedAverageShsOutDil": 1498000000,
    "link": "https://www.sec.gov/Archives/edgar/data/804328/000123445216000429/0001234452-16-000429-index.htm",
    "finalLink": "https://www.sec.gov/Archives/edgar/data/804328/000123445216000429/qcom3271610-q.htm"
  },
  {
    "date": "2015-12-27",
    "symbol": "QCOM",
    "reportedCurrency": "USD",
    "cik": "0000804328",
    "fillingDate": "2016-01-27",
    "acceptedDate": "2016-01-27 16:18:39",
    "calendarYear": "2016",
    "period": "Q1",
    "revenue": 5775000000,
    "costOfRevenue": 2534000000,
    "grossProfit": 3241000000,
    "grossProfitRatio": 0.5612121212,
    "researchAndDevelopmentExpenses": 1352000000,
    "generalAndAdministrativeExpenses": 0,
    "sellingAndMarketingExpenses": 0,
    "sellingGeneralAndAdministrativeExpenses": 578000000,
    "otherExpenses": -374000000,
    "operatingExpenses": 1556000000,
    "costAndExpenses": 4090000000,
    "interestIncome": 136000000,
    "interestExpense": 74000000,
    "depreciationAndAmortization": 364000000,
    "ebitda": 1847000000,
    "ebitdaratio": 0.3198268398,
    "operatingIncome": 1685000000,
    "operatingIncomeRatio": 0.2917748918,
    "totalOtherIncomeExpensesNet": 25000000,
    "incomeBeforeTax": 1710000000,
    "incomeBeforeTaxRatio": 0.2961038961,
    "incomeTaxExpense": 214000000,
    "netIncome": 1498000000,
    "netIncomeRatio": 0.2593939394,
    "eps": 1,
    "epsdiluted": 0.99,
    "weightedAverageShsOut": 1502000000,
    "weightedAverageShsOutDil": 1517000000,
    "link": "https://www.sec.gov/Archives/edgar/data/804328/000123445216000352/0001234452-16-000352-index.htm",
    "finalLink": "https://www.sec.gov/Archives/edgar/data/804328/000123445216000352/qcom12271510-q.htm"
  },
  {
    "date": "2015-09-27",
    "symbol": "QCOM",
    "reportedCurrency": "USD",
    "cik": "0000804328",
    "fillingDate": "2015-11-04",
    "acceptedDate": "2015-11-04 16:26:47",
    "calendarYear": "2015",
    "period": "Q4",
    "revenue": 5456000000,
    "costOfRevenue": 2252000000,
    "grossProfit": 3204000000,
    "grossProfitRatio": 0.5872434018,
    "researchAndDevelopmentExpenses": 1357000000,
    "generalAndAdministrativeExpenses": 0,
    "sellingAndMarketingExpenses": 0,
    "sellingGeneralAndAdministrativeExpenses": 595000000,
    "otherExpenses": 52000000,
    "operatingExpenses": 2064000000,
    "costAndExpenses": 4316000000,
    "interestIncome": 127000000,
    "interestExpense": 70000000,
    "depreciationAndAmortization": 326000000,
    "ebitda": 1724000000,
    "ebitdaratio": 0.3159824047,
    "operatingIncome": 1140000000,
    "operatingIncomeRatio": 0.2089442815,
    "totalOtherIncomeExpensesNet": 111000000,
    "incomeBeforeTax": 1252000000,
    "incomeBeforeTaxRatio": 0.2294721408,
    "incomeTaxExpense": 192000000,
    "netIncome": 1061000000,
    "netIncomeRatio": 0.1944648094,
    "eps": 0.68,
    "epsdiluted": 0.67,
    "weightedAverageShsOut": 1557000000,
    "weightedAverageShsOutDil": 1573000000,
    "link": "https://www.sec.gov/Archives/edgar/data/804328/000123445215000271/0001234452-15-000271-index.htm",
    "finalLink": "https://www.sec.gov/Archives/edgar/data/804328/000123445215000271/qcom10-k2015.htm"
  },
  {
    "date": "2015-06-28",
    "symbol": "QCOM",
    "reportedCurrency": "USD",
    "cik": "0000804328",
    "fillingDate": "2015-07-22",
    "acceptedDate": "2015-07-22 16:18:54",
    "calendarYear": "2015",
    "period": "Q3",
    "revenue": 5832000000,
    "costOfRevenue": 2451000000,
    "grossProfit": 3381000000,
    "grossProfitRatio": 0.5797325103,
    "researchAndDevelopmentExpenses": 1407000000,
    "generalAndAdministrativeExpenses": 0,
    "sellingAndMarketingExpenses": 0,
    "sellingGeneralAndAdministrativeExpenses": 577000000,
    "otherExpenses": 162000000,
    "operatingExpenses": 2146000000,
    "costAndExpenses": 4597000000,
    "interestIncome": 128000000,
    "interestExpense": 32000000,
    "depreciationAndAmortization": 297000000,
    "ebitda": 1728000000,
    "ebitdaratio": 0.2962962963,
    "operatingIncome": 1235000000,
    "operatingIncomeRatio": 0.2117626886,
    "totalOtherIncomeExpensesNet": 163000000,
    "incomeBeforeTax": 1398000000,
    "incomeBeforeTaxRatio": 0.2397119342,
    "incomeTaxExpense": 215000000,
    "netIncome": 1184000000,
    "netIncomeRatio": 0.2030178326,
    "eps": 0.74,
    "epsdiluted": 0.73,
    "weightedAverageShsOut": 1608000000,
    "weightedAverageShsOutDil": 1629000000,
    "link": "https://www.sec.gov/Archives/edgar/data/804328/000123445215000208/0001234452-15-000208-index.htm",
    "finalLink": "https://www.sec.gov/Archives/edgar/data/804328/000123445215000208/qcom6281510-q.htm"
  },
  {
    "date": "2015-03-29",
    "symbol": "QCOM",
    "reportedCurrency": "USD",
    "cik": "0000804328",
    "fillingDate": "2015-04-22",
    "acceptedDate": "2015-04-22 16:24:39",
    "calendarYear": "2015",
    "period": "Q2",
    "revenue": 6894000000,
    "costOfRevenue": 2628000000,
    "grossProfit": 4266000000,
    "grossProfitRatio": 0.6187989556,
    "researchAndDevelopmentExpenses": 1375000000,
    "generalAndAdministrativeExpenses": 0,
    "sellingAndMarketingExpenses": 0,
    "sellingGeneralAndAdministrativeExpenses": 545000000,
    "otherExpenses": 1010000000,
    "operatingExpenses": 2930000000,
    "costAndExpenses": 5558000000,
    "interestIncome": 138000000,
    "interestExpense": 1000000,
    "depreciationAndAmortization": 304000000,
    "ebitda": 1719000000,
    "ebitdaratio": 0.2493472585,
    "operatingIncome": 1336000000,
    "operatingIncomeRatio": 0.1937917029,
    "totalOtherIncomeExpensesNet": 203000000,
    "incomeBeforeTax": 1539000000,
    "incomeBeforeTaxRatio": 0.2232375979,
    "incomeTaxExpense": 487000000,
    "netIncome": 1053000000,
    "netIncomeRatio": 0.1527415144,
    "eps": 0.64,
    "epsdiluted": 0.63,
    "weightedAverageShsOut": 1645000000,
    "weightedAverageShsOutDil": 1667000000,
    "link": "https://www.sec.gov/Archives/edgar/data/804328/000123445215000134/0001234452-15-000134-index.htm",
    "finalLink": "https://www.sec.gov/Archives/edgar/data/804328/000123445215000134/qcom3291510-q.htm"
  },
  {
    "date": "2014-12-28",
    "symbol": "QCOM",
    "reportedCurrency": "USD",
    "cik": "0000804328",
    "fillingDate": "2015-01-28",
    "acceptedDate": "2015-01-28 16:18:31",
    "calendarYear": "2015",
    "period": "Q1",
    "revenue": 7099000000,
    "costOfRevenue": 3047000000,
    "grossProfit": 4052000000,
    "grossProfitRatio": 0.5707846176,
    "researchAndDevelopmentExpenses": 1352000000,
    "generalAndAdministrativeExpenses": 0,
    "sellingAndMarketingExpenses": 0,
    "sellingGeneralAndAdministrativeExpenses": 567000000,
    "otherExpenses": 69000000,
    "operatingExpenses": 1988000000,
    "costAndExpenses": 5035000000,
    "interestIncome": 134000000,
    "interestExpense": 1000000,
    "depreciationAndAmortization": 287000000,
    "ebitda": 2487000000,
    "ebitdaratio": 0.3503310325,
    "operatingIncome": 2064000000,
    "operatingIncomeRatio": 0.2907451754,
    "totalOtherIncomeExpensesNet": 234000000,
    "incomeBeforeTax": 2298000000,
    "incomeBeforeTaxRatio": 0.3237075644,
    "incomeTaxExpense": 327000000,
    "netIncome": 1972000000,
    "netIncomeRatio": 0.2777856036,
    "eps": 1.19,
    "epsdiluted": 1.17,
    "weightedAverageShsOut": 1661000000,
    "weightedAverageShsOutDil": 1686000000,
    "link": "https://www.sec.gov/Archives/edgar/data/804328/000123445215000024/0001234452-15-000024-index.htm",
    "finalLink": "https://www.sec.gov/Archives/edgar/data/804328/000123445215000024/qcom12281410-q.htm"
  },
  {
    "date": "2014-09-28",
    "symbol": "QCOM",
    "reportedCurrency": "USD",
    "cik": "0000804328",
    "fillingDate": "2014-11-05",
    "acceptedDate": "2014-11-05 16:18:10",
    "calendarYear": "2014",
    "period": "Q4",
    "revenue": 6692000000,
    "costOfRevenue": 2757000000,
    "grossProfit": 3935000000,
    "grossProfitRatio": 0.5880155409,
    "researchAndDevelopmentExpenses": 1364000000,
    "generalAndAdministrativeExpenses": 0,
    "sellingAndMarketingExpenses": 0,
    "sellingGeneralAndAdministrativeExpenses": 545000000,
    "otherExpenses": 34000000,
    "operatingExpenses": 1943000000,
    "costAndExpenses": 4700000000,
    "interestIncome": 126000000,
    "interestExpense": 1000000,
    "depreciationAndAmortization": 297000000,
    "ebitda": 2398000000,
    "ebitdaratio": 0.3583383144,
    "operatingIncome": 1992000000,
    "operatingIncomeRatio": 0.2976688583,
    "totalOtherIncomeExpensesNet": 260000000,
    "incomeBeforeTax": 2252000000,
    "incomeBeforeTaxRatio": 0.3365212194,
    "incomeTaxExpense": 358000000,
    "netIncome": 1894000000,
    "netIncomeRatio": 0.2830245069,
    "eps": 1.11,
    "epsdiluted": 1.11,
    "weightedAverageShsOut": 1674000000,
    "weightedAverageShsOutDil": 1702000000,
    "link": "https://www.sec.gov/Archives/edgar/data/804328/000123445214000320/0001234452-14-000320-index.htm",
    "finalLink": "https://www.sec.gov/Archives/edgar/data/804328/000123445214000320/qcom10-k2014.htm"
  },
  {
    "date": "2014-06-29",
    "symbol": "QCOM",
    "reportedCurrency": "USD",
    "cik": "0000804328",
    "fillingDate": "2014-07-23",
    "acceptedDate": "2014-07-23 16:13:56",
    "calendarYear": "2014",
    "period": "Q3",
    "revenue": 6806000000,
    "costOfRevenue": 2740000000,
    "grossProfit": 4066000000,
    "grossProfitRatio": 0.5974140464,
    "researchAndDevelopmentExpenses": 1429000000,
    "generalAndAdministrativeExpenses": 0,
    "sellingAndMarketingExpenses": 0,
    "sellingGeneralAndAdministrativeExpenses": 582000000,
    "otherExpenses": -20000000,
    "operatingExpenses": 1991000000,
    "costAndExpenses": 4731000000,
    "interestIncome": 139000000,
    "interestExpense": 0,
    "depreciationAndAmortization": 292000000,
    "ebitda": 1945000000,
    "ebitdaratio": 0.2857772554,
    "operatingIncome": 2075000000,
    "operatingIncomeRatio": 0.3048780488,
    "totalOtherIncomeExpensesNet": 422000000,
    "incomeBeforeTax": 2497000000,
    "incomeBeforeTaxRatio": 0.3668821628,
    "incomeTaxExpense": 260000000,
    "netIncome": 2238000000,
    "netIncomeRatio": 0.3288275051,
    "eps": 1.33,
    "epsdiluted": 1.31,
    "weightedAverageShsOut": 1683000000,
    "weightedAverageShsOutDil": 1714000000,
    "link": "https://www.sec.gov/Archives/edgar/data/804328/000123445214000238/0001234452-14-000238-index.htm",
    "finalLink": "https://www.sec.gov/Archives/edgar/data/804328/000123445214000238/qcom06291410-q.htm"
  },
  {
    "date": "2014-03-30",
    "symbol": "QCOM",
    "reportedCurrency": "USD",
    "cik": "0000804328",
    "fillingDate": "2014-04-23",
    "acceptedDate": "2014-04-23 16:12:55",
    "calendarYear": "2014",
    "period": "Q2",
    "revenue": 6367000000,
    "costOfRevenue": 2482000000,
    "grossProfit": 3885000000,
    "grossProfitRatio": 0.6101774776,
    "researchAndDevelopmentExpenses": 1356000000,
    "generalAndAdministrativeExpenses": 0,
    "sellingAndMarketingExpenses": 0,
    "sellingGeneralAndAdministrativeExpenses": 539000000,
    "otherExpenses": 0,
    "operatingExpenses": 1895000000,
    "costAndExpenses": 4377000000,
    "interestIncome": 167000000,
    "interestExpense": 3000000,
    "depreciationAndAmortization": 289000000,
    "ebitda": 2369000000,
    "ebitdaratio": 0.3720747605,
    "operatingIncome": 1990000000,
    "operatingIncomeRatio": 0.3125490812,
    "totalOtherIncomeExpensesNet": 282000000,
    "incomeBeforeTax": 2272000000,
    "incomeBeforeTaxRatio": 0.356839956,
    "incomeTaxExpense": 314000000,
    "netIncome": 1959000000,
    "netIncomeRatio": 0.3076802262,
    "eps": 1.16,
    "epsdiluted": 1.14,
    "weightedAverageShsOut": 1688000000,
    "weightedAverageShsOutDil": 1719000000,
    "link": "https://www.sec.gov/Archives/edgar/data/804328/000123445214000154/0001234452-14-000154-index.htm",
    "finalLink": "https://www.sec.gov/Archives/edgar/data/804328/000123445214000154/qcom03301410-q.htm"
  },
  {
    "date": "2013-12-29",
    "symbol": "QCOM",
    "reportedCurrency": "USD",
    "cik": "0000804328",
    "fillingDate": "2014-01-29",
    "acceptedDate": "2014-01-29 16:18:38",
    "calendarYear": "2014",
    "period": "Q1",
    "revenue": 6622000000,
    "costOfRevenue": 2706000000,
    "grossProfit": 3916000000,
    "grossProfitRatio": 0.5913621262,
    "researchAndDevelopmentExpenses": 1328000000,
    "generalAndAdministrativeExpenses": 0,
    "sellingAndMarketingExpenses": 0,
    "sellingGeneralAndAdministrativeExpenses": 623000000,
    "otherExpenses": 472000000,
    "operatingExpenses": 2423000000,
    "costAndExpenses": 5129000000,
    "interestIncome": 156000000,
    "interestExpense": 3000000,
    "depreciationAndAmortization": 272000000,
    "ebitda": 2306000000,
    "ebitdaratio": 0.3482331622,
    "operatingIncome": 1493000000,
    "operatingIncomeRatio": 0.2254605859,
    "totalOtherIncomeExpensesNet": 264000000,
    "incomeBeforeTax": 1757000000,
    "incomeBeforeTaxRatio": 0.2653276956,
    "incomeTaxExpense": 313000000,
    "netIncome": 1875000000,
    "netIncomeRatio": 0.2831470855,
    "eps": 1.11,
    "epsdiluted": 1.09,
    "weightedAverageShsOut": 1688000000,
    "weightedAverageShsOutDil": 1722000000,
    "link": "https://www.sec.gov/Archives/edgar/data/804328/000123445214000049/0001234452-14-000049-index.htm",
    "finalLink": "https://www.sec.gov/Archives/edgar/data/804328/000123445214000049/qcom12291310-q.htm"
  },
  {
    "date": "2013-09-29",
    "symbol": "QCOM",
    "reportedCurrency": "USD",
    "cik": "0000804328",
    "fillingDate": "2013-11-06",
    "acceptedDate": "2013-11-06 16:22:40",
    "calendarYear": "2013",
    "period": "Q4",
    "revenue": 6481000000,
    "costOfRevenue": 2714000000,
    "grossProfit": 3767000000,
    "grossProfitRatio": 0.5812374634,
    "researchAndDevelopmentExpenses": 1349000000,
    "generalAndAdministrativeExpenses": 0,
    "sellingAndMarketingExpenses": 0,
    "sellingGeneralAndAdministrativeExpenses": 657000000,
    "otherExpenses": 173000000,
    "operatingExpenses": 2179000000,
    "costAndExpenses": 4893000000,
    "interestIncome": 168000000,
    "interestExpense": 1000000,
    "depreciationAndAmortization": 273000000,
    "ebitda": 2034000000,
    "ebitdaratio": 0.3138404567,
    "operatingIncome": 1588000000,
    "operatingIncomeRatio": 0.2450239161,
    "totalOtherIncomeExpensesNet": 234000000,
    "incomeBeforeTax": 1822000000,
    "incomeBeforeTaxRatio": 0.2811294553,
    "incomeTaxExpense": 321000000,
    "netIncome": 1501000000,
    "netIncomeRatio": 0.2316000617,
    "eps": 0.86,
    "epsdiluted": 0.86,
    "weightedAverageShsOut": 1700000000,
    "weightedAverageShsOutDil": 1736000000,
    "link": "https://www.sec.gov/Archives/edgar/data/804328/000123445213000483/0001234452-13-000483-index.htm",
    "finalLink": "https://www.sec.gov/Archives/edgar/data/804328/000123445213000483/qcom10-k2013.htm"
  },
  {
    "date": "2013-06-30",
    "symbol": "QCOM",
    "reportedCurrency": "USD",
    "cik": "0000804328",
    "fillingDate": "2013-07-24",
    "acceptedDate": "2013-07-24 16:09:43",
    "calendarYear": "2013",
    "period": "Q3",
    "revenue": 6243000000,
    "costOfRevenue": 2497000000,
    "grossProfit": 3746000000,
    "grossProfitRatio": 0.6000320359,
    "researchAndDevelopmentExpenses": 1298000000,
    "generalAndAdministrativeExpenses": 0,
    "sellingAndMarketingExpenses": 0,
    "sellingGeneralAndAdministrativeExpenses": 613000000,
    "otherExpenses": 158000000,
    "operatingExpenses": 2069000000,
    "costAndExpenses": 4566000000,
    "interestIncome": 182000000,
    "interestExpense": 7000000,
    "depreciationAndAmortization": 255000000,
    "ebitda": 2172000000,
    "ebitdaratio": 0.3479096588,
    "operatingIncome": 1677000000,
    "operatingIncomeRatio": 0.2686208554,
    "totalOtherIncomeExpensesNet": 233000000,
    "incomeBeforeTax": 1910000000,
    "incomeBeforeTaxRatio": 0.3059426558,
    "incomeTaxExpense": 332000000,
    "netIncome": 1580000000,
    "netIncomeRatio": 0.2530834535,
    "eps": 0.91,
    "epsdiluted": 0.9,
    "weightedAverageShsOut": 1727000000,
    "weightedAverageShsOutDil": 1765000000,
    "link": "https://www.sec.gov/Archives/edgar/data/804328/000123445213000292/0001234452-13-000292-index.htm",
    "finalLink": "https://www.sec.gov/Archives/edgar/data/804328/000123445213000292/qcom6301310-q.htm"
  },
  {
    "date": "2013-03-31",
    "symbol": "QCOM",
    "reportedCurrency": "USD",
    "cik": "0000804328",
    "fillingDate": "2013-04-24",
    "acceptedDate": "2013-04-24 16:14:05",
    "calendarYear": "2013",
    "period": "Q2",
    "revenue": 6124000000,
    "costOfRevenue": 2372000000,
    "grossProfit": 3752000000,
    "grossProfitRatio": 0.6126714566,
    "researchAndDevelopmentExpenses": 1214000000,
    "generalAndAdministrativeExpenses": 0,
    "sellingAndMarketingExpenses": 0,
    "sellingGeneralAndAdministrativeExpenses": 661000000,
    "otherExpenses": 0,
    "operatingExpenses": 1875000000,
    "costAndExpenses": 4247000000,
    "interestIncome": 181000000,
    "interestExpense": 7000000,
    "depreciationAndAmortization": 248000000,
    "ebitda": 2391000000,
    "ebitdaratio": 0.3904310908,
    "operatingIncome": 1877000000,
    "operatingIncomeRatio": 0.3064990202,
    "totalOtherIncomeExpensesNet": 259000000,
    "incomeBeforeTax": 2136000000,
    "incomeBeforeTaxRatio": 0.3487916395,
    "incomeTaxExpense": 273000000,
    "netIncome": 1866000000,
    "netIncomeRatio": 0.3047028086,
    "eps": 1.08,
    "epsdiluted": 1.06,
    "weightedAverageShsOut": 1722000000,
    "weightedAverageShsOutDil": 1763000000,
    "link": "https://www.sec.gov/Archives/edgar/data/804328/000123445213000179/0001234452-13-000179-index.htm",
    "finalLink": "https://www.sec.gov/Archives/edgar/data/804328/000123445213000179/qcom3311310-q.htm"
  },
  {
    "date": "2012-12-30",
    "symbol": "QCOM",
    "reportedCurrency": "USD",
    "cik": "0000804328",
    "fillingDate": "2013-01-30",
    "acceptedDate": "2013-01-30 16:11:45",
    "calendarYear": "2013",
    "period": "Q1",
    "revenue": 6018000000,
    "costOfRevenue": 2237000000,
    "grossProfit": 3781000000,
    "grossProfitRatio": 0.6282818212,
    "researchAndDevelopmentExpenses": 1106000000,
    "generalAndAdministrativeExpenses": 0,
    "sellingAndMarketingExpenses": 0,
    "sellingGeneralAndAdministrativeExpenses": 587000000,
    "otherExpenses": 0,
    "operatingExpenses": 1693000000,
    "costAndExpenses": 3930000000,
    "interestIncome": 165000000,
    "interestExpense": 8000000,
    "depreciationAndAmortization": 241000000,
    "ebitda": 2576000000,
    "ebitdaratio": 0.4280491858,
    "operatingIncome": 2088000000,
    "operatingIncomeRatio": 0.3469591226,
    "totalOtherIncomeExpensesNet": 239000000,
    "incomeBeforeTax": 2327000000,
    "incomeBeforeTaxRatio": 0.3866733134,
    "incomeTaxExpense": 424000000,
    "netIncome": 1906000000,
    "netIncomeRatio": 0.3167165171,
    "eps": 1.12,
    "epsdiluted": 1.09,
    "weightedAverageShsOut": 1709000000,
    "weightedAverageShsOutDil": 1751000000,
    "link": "https://www.sec.gov/Archives/edgar/data/804328/000123445213000041/0001234452-13-000041-index.htm",
    "finalLink": "https://www.sec.gov/Archives/edgar/data/804328/000123445213000041/qcom12301210-q.htm"
  },
  {
    "date": "2012-09-30",
    "symbol": "QCOM",
    "reportedCurrency": "USD",
    "cik": "0000804328",
    "fillingDate": "2012-11-07",
    "acceptedDate": "2012-11-07 16:15:01",
    "calendarYear": "2012",
    "period": "Q4",
    "revenue": 4871000000,
    "costOfRevenue": 1841000000,
    "grossProfit": 3030000000,
    "grossProfitRatio": 0.6220488606,
    "researchAndDevelopmentExpenses": 1114000000,
    "generalAndAdministrativeExpenses": 0,
    "sellingAndMarketingExpenses": 0,
    "sellingGeneralAndAdministrativeExpenses": 681000000,
    "otherExpenses": 0,
    "operatingExpenses": 1795000000,
    "costAndExpenses": 3636000000,
    "interestIncome": 178000000,
    "interestExpense": 16000000,
    "depreciationAndAmortization": 257000000,
    "ebitda": 1201000000,
    "ebitdaratio": 0.2465612811,
    "operatingIncome": 1235000000,
    "operatingIncomeRatio": 0.2535413673,
    "totalOtherIncomeExpensesNet": 291000000,
    "incomeBeforeTax": 1526000000,
    "incomeBeforeTaxRatio": 0.3132826935,
    "incomeTaxExpense": 286000000,
    "netIncome": 1271000000,
    "netIncomeRatio": 0.2609320468,
    "eps": 0.75,
    "epsdiluted": 0.73,
    "weightedAverageShsOut": 1704000000,
    "weightedAverageShsOutDil": 1745000000,
    "link": "https://www.sec.gov/Archives/edgar/data/804328/000123445212000371/0001234452-12-000371-index.htm",
    "finalLink": "https://www.sec.gov/Archives/edgar/data/804328/000123445212000371/qcom10-k2012.htm"
  },
  {
    "date": "2012-06-24",
    "symbol": "QCOM",
    "reportedCurrency": "USD",
    "cik": "0000804328",
    "fillingDate": "2012-07-18",
    "acceptedDate": "2012-07-18 16:11:00",
    "calendarYear": "2012",
    "period": "Q3",
    "revenue": 4626000000,
    "costOfRevenue": 1719000000,
    "grossProfit": 2907000000,
    "grossProfitRatio": 0.6284046693,
    "researchAndDevelopmentExpenses": 974000000,
    "generalAndAdministrativeExpenses": 0,
    "sellingAndMarketingExpenses": 0,
    "sellingGeneralAndAdministrativeExpenses": 544000000,
    "otherExpenses": 7000000,
    "operatingExpenses": 1518000000,
    "costAndExpenses": 3237000000,
    "interestIncome": 156000000,
    "interestExpense": 18000000,
    "depreciationAndAmortization": 221000000,
    "ebitda": 1820000000,
    "ebitdaratio": 0.3934284479,
    "operatingIncome": 1382000000,
    "operatingIncomeRatio": 0.298746217,
    "totalOtherIncomeExpensesNet": 199000000,
    "incomeBeforeTax": 1581000000,
    "incomeBeforeTaxRatio": 0.3417639429,
    "incomeTaxExpense": 375000000,
    "netIncome": 1207000000,
    "netIncomeRatio": 0.2609165586,
    "eps": 0.7,
    "epsdiluted": 0.69,
    "weightedAverageShsOut": 1715000000,
    "weightedAverageShsOutDil": 1758000000,
    "link": "https://www.sec.gov/Archives/edgar/data/804328/000123445212000268/0001234452-12-000268-index.htm",
    "finalLink": "https://www.sec.gov/Archives/edgar/data/804328/000123445212000268/qcom6241210q.htm"
  },
  {
    "date": "2012-03-25",
    "symbol": "QCOM",
    "reportedCurrency": "USD",
    "cik": "0000804328",
    "fillingDate": "2012-04-18",
    "acceptedDate": "2012-04-18 16:11:42",
    "calendarYear": "2012",
    "period": "Q2",
    "revenue": 4943000000,
    "costOfRevenue": 1783000000,
    "grossProfit": 3160000000,
    "grossProfitRatio": 0.6392878819,
    "researchAndDevelopmentExpenses": 954000000,
    "generalAndAdministrativeExpenses": 0,
    "sellingAndMarketingExpenses": 0,
    "sellingGeneralAndAdministrativeExpenses": 595000000,
    "otherExpenses": 0,
    "operatingExpenses": 1549000000,
    "costAndExpenses": 3332000000,
    "interestIncome": 146000000,
    "interestExpense": 29000000,
    "depreciationAndAmortization": 211000000,
    "ebitda": 1974000000,
    "ebitdaratio": 0.3993526199,
    "operatingIncome": 1514000000,
    "operatingIncomeRatio": 0.3062917257,
    "totalOtherIncomeExpensesNet": 220000000,
    "incomeBeforeTax": 1734000000,
    "incomeBeforeTaxRatio": 0.3507991099,
    "incomeTaxExpense": 296000000,
    "netIncome": 2230000000,
    "netIncomeRatio": 0.4511430305,
    "eps": 1.31,
    "epsdiluted": 1.28,
    "weightedAverageShsOut": 1698000000,
    "weightedAverageShsOutDil": 1743000000,
    "link": "https://www.sec.gov/Archives/edgar/data/804328/000123445212000217/0001234452-12-000217-index.htm",
    "finalLink": "https://www.sec.gov/Archives/edgar/data/804328/000123445212000217/qcom3251210q.htm"
  },
  {
    "date": "2011-12-25",
    "symbol": "QCOM",
    "reportedCurrency": "USD",
    "cik": "0000804328",
    "fillingDate": "2012-02-01",
    "acceptedDate": "2012-02-01 16:07:54",
    "calendarYear": "2012",
    "period": "Q1",
    "revenue": 4681000000,
    "costOfRevenue": 1754000000,
    "grossProfit": 2927000000,
    "grossProfitRatio": 0.6252937407,
    "researchAndDevelopmentExpenses": 873000000,
    "generalAndAdministrativeExpenses": 0,
    "sellingAndMarketingExpenses": 0,
    "sellingGeneralAndAdministrativeExpenses": 503000000,
    "otherExpenses": 0,
    "operatingExpenses": 1376000000,
    "costAndExpenses": 3130000000,
    "interestIncome": 130000000,
    "interestExpense": 27000000,
    "depreciationAndAmortization": 208000000,
    "ebitda": 1956000000,
    "ebitdaratio": 0.4178594317,
    "operatingIncome": 1551000000,
    "operatingIncomeRatio": 0.3313394574,
    "totalOtherIncomeExpensesNet": 170000000,
    "incomeBeforeTax": 1721000000,
    "incomeBeforeTaxRatio": 0.3676564837,
    "incomeTaxExpense": 321000000,
    "netIncome": 1401000000,
    "netIncomeRatio": 0.2992950224,
    "eps": 0.83,
    "epsdiluted": 0.81,
    "weightedAverageShsOut": 1684000000,
    "weightedAverageShsOutDil": 1721000000,
    "link": "https://www.sec.gov/Archives/edgar/data/804328/000123445212000055/0001234452-12-000055-index.htm",
    "finalLink": "https://www.sec.gov/Archives/edgar/data/804328/000123445212000055/qcom12251110q.htm"
  },
  {
    "date": "2011-09-25",
    "symbol": "QCOM",
    "reportedCurrency": "USD",
    "cik": "0000804328",
    "fillingDate": "2011-11-02",
    "acceptedDate": "2011-11-02 16:08:57",
    "calendarYear": "2011",
    "period": "Q4",
    "revenue": 4117000000,
    "costOfRevenue": 1497000000,
    "grossProfit": 2620000000,
    "grossProfitRatio": 0.6363857178,
    "researchAndDevelopmentExpenses": 851000000,
    "generalAndAdministrativeExpenses": 0,
    "sellingAndMarketingExpenses": 0,
    "sellingGeneralAndAdministrativeExpenses": 532000000,
    "otherExpenses": 114000000,
    "operatingExpenses": 1497000000,
    "costAndExpenses": 2994000000,
    "interestIncome": 116000000,
    "interestExpense": 30000000,
    "depreciationAndAmortization": 241000000,
    "ebitda": 1595000000,
    "ebitdaratio": 0.3874180228,
    "operatingIncome": 1237000000,
    "operatingIncomeRatio": 0.3004615011,
    "totalOtherIncomeExpensesNet": -406000000,
    "incomeBeforeTax": 1324000000,
    "incomeBeforeTaxRatio": 0.3215933932,
    "incomeTaxExpense": 270000000,
    "netIncome": 1056000000,
    "netIncomeRatio": 0.2564974496,
    "eps": 0.62,
    "epsdiluted": 0.62,
    "weightedAverageShsOut": 1682000000,
    "weightedAverageShsOutDil": 1716000000,
    "link": "https://www.sec.gov/Archives/edgar/data/804328/000123445211000360/0001234452-11-000360-index.htm",
    "finalLink": "https://www.sec.gov/Archives/edgar/data/804328/000123445211000360/qcom10-k2011.htm"
  },
  {
    "date": "2011-06-26",
    "symbol": "QCOM",
    "reportedCurrency": "USD",
    "cik": "0000804328",
    "fillingDate": "2011-07-20",
    "acceptedDate": "2011-07-20 16:19:05",
    "calendarYear": "2011",
    "period": "Q3",
    "revenue": 3623000000,
    "costOfRevenue": 1278000000,
    "grossProfit": 2345000000,
    "grossProfitRatio": 0.6472536572,
    "researchAndDevelopmentExpenses": 757000000,
    "generalAndAdministrativeExpenses": 0,
    "sellingAndMarketingExpenses": 0,
    "sellingGeneralAndAdministrativeExpenses": 475000000,
    "otherExpenses": 0,
    "operatingExpenses": 1232000000,
    "costAndExpenses": 2510000000,
    "interestIncome": 127000000,
    "interestExpense": 29000000,
    "depreciationAndAmortization": 185000000,
    "ebitda": 952000000,
    "ebitdaratio": 0.2627656638,
    "operatingIncome": 1113000000,
    "operatingIncomeRatio": 0.3072039746,
    "totalOtherIncomeExpensesNet": 161000000,
    "incomeBeforeTax": 1274000000,
    "incomeBeforeTaxRatio": 0.3516422854,
    "incomeTaxExpense": 289000000,
    "netIncome": 1035000000,
    "netIncomeRatio": 0.2856748551,
    "eps": 0.62,
    "epsdiluted": 0.61,
    "weightedAverageShsOut": 1673000000,
    "weightedAverageShsOutDil": 1709000000,
    "link": "https://www.sec.gov/Archives/edgar/data/804328/000123445211000292/0001234452-11-000292-index.htm",
    "finalLink": "https://www.sec.gov/Archives/edgar/data/804328/000123445211000292/qcom6261110q.htm"
  },
  {
    "date": "2011-03-27",
    "symbol": "QCOM",
    "reportedCurrency": "USD",
    "cik": "0000804328",
    "fillingDate": "2011-04-20",
    "acceptedDate": "2011-04-20 16:15:29",
    "calendarYear": "2011",
    "period": "Q2",
    "revenue": 3875000000,
    "costOfRevenue": 1363000000,
    "grossProfit": 2512000000,
    "grossProfitRatio": 0.6482580645,
    "researchAndDevelopmentExpenses": 740000000,
    "generalAndAdministrativeExpenses": 0,
    "sellingAndMarketingExpenses": 0,
    "sellingGeneralAndAdministrativeExpenses": 585000000,
    "otherExpenses": 0,
    "operatingExpenses": 1325000000,
    "costAndExpenses": 2688000000,
    "interestIncome": 126000000,
    "interestExpense": 34000000,
    "depreciationAndAmortization": 434000000,
    "ebitda": 1747000000,
    "ebitdaratio": 0.4508387097,
    "operatingIncome": 1073000000,
    "operatingIncomeRatio": 0.2769032258,
    "totalOtherIncomeExpensesNet": 185000000,
    "incomeBeforeTax": 1258000000,
    "incomeBeforeTaxRatio": 0.3246451613,
    "incomeTaxExpense": 263000000,
    "netIncome": 999000000,
    "netIncomeRatio": 0.2578064516,
    "eps": 0.6,
    "epsdiluted": 0.59,
    "weightedAverageShsOut": 1654000000,
    "weightedAverageShsOutDil": 1689000000,
    "link": "https://www.sec.gov/Archives/edgar/data/804328/000123445211000190/0001234452-11-000190-index.htm",
    "finalLink": "https://www.sec.gov/Archives/edgar/data/804328/000123445211000190/qcom3271110q.htm"
  },
  {
    "date": "2010-12-26",
    "symbol": "QCOM",
    "reportedCurrency": "USD",
    "cik": "0000804328",
    "fillingDate": "2011-01-26",
    "acceptedDate": "2011-01-26 16:20:46",
    "calendarYear": "2011",
    "period": "Q1",
    "revenue": 3348000000,
    "costOfRevenue": 1130000000,
    "grossProfit": 2218000000,
    "grossProfitRatio": 0.6624850657,
    "researchAndDevelopmentExpenses": 671000000,
    "generalAndAdministrativeExpenses": 0,
    "sellingAndMarketingExpenses": 0,
    "sellingGeneralAndAdministrativeExpenses": 437000000,
    "otherExpenses": 0,
    "operatingExpenses": 1108000000,
    "costAndExpenses": 2238000000,
    "interestIncome": 131000000,
    "interestExpense": 28000000,
    "depreciationAndAmortization": 201000000,
    "ebitda": 1092000000,
    "ebitdaratio": 0.3261648746,
    "operatingIncome": 1110000000,
    "operatingIncomeRatio": 0.3315412186,
    "totalOtherIncomeExpensesNet": 82000000,
    "incomeBeforeTax": 1329000000,
    "incomeBeforeTaxRatio": 0.396953405,
    "incomeTaxExpense": 159000000,
    "netIncome": 1170000000,
    "netIncomeRatio": 0.3494623656,
    "eps": 0.72,
    "epsdiluted": 0.71,
    "weightedAverageShsOut": 1623000000,
    "weightedAverageShsOutDil": 1648000000,
    "link": "https://www.sec.gov/Archives/edgar/data/804328/000095012311005582/0000950123-11-005582-index.htm",
    "finalLink": "https://www.sec.gov/Archives/edgar/data/804328/000095012311005582/a58430e10vq.htm"
  },
  {
    "date": "2010-09-26",
    "symbol": "QCOM",
    "reportedCurrency": "USD",
    "cik": "0000804328",
    "fillingDate": "2010-11-03",
    "acceptedDate": "2010-11-03 17:18:30",
    "calendarYear": "2010",
    "period": "Q4",
    "revenue": 2952000000,
    "costOfRevenue": 988000000,
    "grossProfit": 1964000000,
    "grossProfitRatio": 0.6653116531,
    "researchAndDevelopmentExpenses": 657000000,
    "generalAndAdministrativeExpenses": 0,
    "sellingAndMarketingExpenses": 0,
    "sellingGeneralAndAdministrativeExpenses": 471000000,
    "otherExpenses": 0,
    "operatingExpenses": 1128000000,
    "costAndExpenses": 2116000000,
    "interestIncome": 125000000,
    "interestExpense": 28000000,
    "depreciationAndAmortization": 171000000,
    "ebitda": 1245000000,
    "ebitdaratio": 0.4217479675,
    "operatingIncome": 836000000,
    "operatingIncomeRatio": 0.283197832,
    "totalOtherIncomeExpensesNet": 210000000,
    "incomeBeforeTax": 1046000000,
    "incomeBeforeTaxRatio": 0.3543360434,
    "incomeTaxExpense": 181000000,
    "netIncome": 865000000,
    "netIncomeRatio": 0.2930216802,
    "eps": 0.53,
    "epsdiluted": 0.53,
    "weightedAverageShsOut": 1610000000,
    "weightedAverageShsOutDil": 1621000000,
    "link": "https://www.sec.gov/Archives/edgar/data/804328/000095012310100207/0000950123-10-100207-index.htm",
    "finalLink": "https://www.sec.gov/Archives/edgar/data/804328/000095012310100207/a57478e10vk.htm"
  },
  {
    "date": "2010-06-27",
    "symbol": "QCOM",
    "reportedCurrency": "USD",
    "cik": "0000804328",
    "fillingDate": "2010-07-21",
    "acceptedDate": "2010-07-21 16:18:19",
    "calendarYear": "2010",
    "period": "Q3",
    "revenue": 2706000000,
    "costOfRevenue": 905000000,
    "grossProfit": 1801000000,
    "grossProfitRatio": 0.6655580192,
    "researchAndDevelopmentExpenses": 649000000,
    "generalAndAdministrativeExpenses": 0,
    "sellingAndMarketingExpenses": 0,
    "sellingGeneralAndAdministrativeExpenses": 360000000,
    "otherExpenses": 0,
    "operatingExpenses": 1009000000,
    "costAndExpenses": 1914000000,
    "interestIncome": 131000000,
    "interestExpense": 14000000,
    "depreciationAndAmortization": 166000000,
    "ebitda": 613000000,
    "ebitdaratio": 0.226533629,
    "operatingIncome": 792000000,
    "operatingIncomeRatio": 0.2926829268,
    "totalOtherIncomeExpensesNet": 179000000,
    "incomeBeforeTax": 971000000,
    "incomeBeforeTaxRatio": 0.3588322247,
    "incomeTaxExpense": 204000000,
    "netIncome": 767000000,
    "netIncomeRatio": 0.2834441981,
    "eps": 0.47,
    "epsdiluted": 0.47,
    "weightedAverageShsOut": 1629000000,
    "weightedAverageShsOutDil": 1642000000,
    "link": "https://www.sec.gov/Archives/edgar/data/804328/000095012310066837/0000950123-10-066837-index.htm",
    "finalLink": "https://www.sec.gov/Archives/edgar/data/804328/000095012310066837/a56728e10vq.htm"
  },
  {
    "date": "2010-03-28",
    "symbol": "QCOM",
    "reportedCurrency": "USD",
    "cik": "0000804328",
    "fillingDate": "2010-04-21",
    "acceptedDate": "2010-04-21 16:29:12",
    "calendarYear": "2010",
    "period": "Q2",
    "revenue": 2663000000,
    "costOfRevenue": 809000000,
    "grossProfit": 1854000000,
    "grossProfitRatio": 0.696207285,
    "researchAndDevelopmentExpenses": 648000000,
    "generalAndAdministrativeExpenses": 0,
    "sellingAndMarketingExpenses": 0,
    "sellingGeneralAndAdministrativeExpenses": 430000000,
    "otherExpenses": 0,
    "operatingExpenses": 1078000000,
    "costAndExpenses": 1887000000,
    "interestIncome": 129000000,
    "interestExpense": 7000000,
    "depreciationAndAmortization": 167000000,
    "ebitda": 1139000000,
    "ebitdaratio": 0.4277131055,
    "operatingIncome": 776000000,
    "operatingIncomeRatio": 0.2914006759,
    "totalOtherIncomeExpensesNet": 189000000,
    "incomeBeforeTax": 965000000,
    "incomeBeforeTaxRatio": 0.3623732632,
    "incomeTaxExpense": 191000000,
    "netIncome": 774000000,
    "netIncomeRatio": 0.2906496433,
    "eps": 0.47,
    "epsdiluted": 0.46,
    "weightedAverageShsOut": 1662000000,
    "weightedAverageShsOutDil": 1678000000,
    "link": "https://www.sec.gov/Archives/edgar/data/804328/000095012310036699/0000950123-10-036699-index.htm",
    "finalLink": "https://www.sec.gov/Archives/edgar/data/804328/000095012310036699/a55833e10vq.htm"
  },
  {
    "date": "2009-12-27",
    "symbol": "QCOM",
    "reportedCurrency": "USD",
    "cik": "0000804328",
    "fillingDate": "2010-01-27",
    "acceptedDate": "2010-01-27 16:50:32",
    "calendarYear": "2010",
    "period": "Q1",
    "revenue": 2670000000,
    "costOfRevenue": 816000000,
    "grossProfit": 1854000000,
    "grossProfitRatio": 0.6943820225,
    "researchAndDevelopmentExpenses": 596000000,
    "generalAndAdministrativeExpenses": 0,
    "sellingAndMarketingExpenses": 0,
    "sellingGeneralAndAdministrativeExpenses": 379000000,
    "otherExpenses": 0,
    "operatingExpenses": 975000000,
    "costAndExpenses": 1791000000,
    "interestIncome": 145000000,
    "interestExpense": 9000000,
    "depreciationAndAmortization": 162000000,
    "ebitda": 868000000,
    "ebitdaratio": 0.325093633,
    "operatingIncome": 879000000,
    "operatingIncomeRatio": 0.3292134831,
    "totalOtherIncomeExpensesNet": 173000000,
    "incomeBeforeTax": 1052000000,
    "incomeBeforeTaxRatio": 0.3940074906,
    "incomeTaxExpense": 211000000,
    "netIncome": 841000000,
    "netIncomeRatio": 0.3149812734,
    "eps": 0.5,
    "epsdiluted": 0.5,
    "weightedAverageShsOut": 1672000000,
    "weightedAverageShsOutDil": 1691000000,
    "link": "https://www.sec.gov/Archives/edgar/data/804328/000095012310005721/0000950123-10-005721-index.htm",
    "finalLink": "https://www.sec.gov/Archives/edgar/data/804328/000095012310005721/a54942e10vq.htm"
  },
  {
    "date": "2009-09-27",
    "symbol": "QCOM",
    "reportedCurrency": "USD",
    "cik": "0000804328",
    "fillingDate": "2009-11-05",
    "acceptedDate": "2009-11-04 20:21:47",
    "calendarYear": "2009",
    "period": "Q4",
    "revenue": 2690000000,
    "costOfRevenue": 824000000,
    "grossProfit": 1866000000,
    "grossProfitRatio": 0.6936802974,
    "researchAndDevelopmentExpenses": 614000000,
    "generalAndAdministrativeExpenses": 0,
    "sellingAndMarketingExpenses": 0,
    "sellingGeneralAndAdministrativeExpenses": 391000000,
    "otherExpenses": 265000000,
    "operatingExpenses": 1270000000,
    "costAndExpenses": 2094000000,
    "interestIncome": 127000000,
    "interestExpense": 8000000,
    "depreciationAndAmortization": 175000000,
    "ebitda": 925000000,
    "ebitdaratio": 0.343866171,
    "operatingIncome": 596000000,
    "operatingIncomeRatio": 0.2215613383,
    "totalOtherIncomeExpensesNet": 146000000,
    "incomeBeforeTax": 742000000,
    "incomeBeforeTaxRatio": 0.2758364312,
    "incomeTaxExpense": -60000000,
    "netIncome": 802000000,
    "netIncomeRatio": 0.2981412639,
    "eps": 0.48,
    "epsdiluted": 0.48,
    "weightedAverageShsOut": 1665000000,
    "weightedAverageShsOutDil": 1688000000,
    "link": "https://www.sec.gov/Archives/edgar/data/804328/000095012309057827/0000950123-09-057827-index.htm",
    "finalLink": "https://www.sec.gov/Archives/edgar/data/804328/000095012309057827/a54086e10vk.htm"
  },
  {
    "date": "2009-06-28",
    "symbol": "QCOM",
    "reportedCurrency": "USD",
    "cik": "0000804328",
    "fillingDate": "2009-07-22",
    "acceptedDate": "2009-07-22 16:31:14",
    "calendarYear": "2009",
    "period": "Q3",
    "revenue": 2753000000,
    "costOfRevenue": 864000000,
    "grossProfit": 1889000000,
    "grossProfitRatio": 0.6861605521,
    "researchAndDevelopmentExpenses": 618000000,
    "generalAndAdministrativeExpenses": 0,
    "sellingAndMarketingExpenses": 0,
    "sellingGeneralAndAdministrativeExpenses": 377000000,
    "otherExpenses": 0,
    "operatingExpenses": 995000000,
    "costAndExpenses": 1859000000,
    "interestIncome": 132000000,
    "interestExpense": 8000000,
    "depreciationAndAmortization": 154000000,
    "ebitda": 1146000000,
    "ebitdaratio": 0.4162731566,
    "operatingIncome": 894000000,
    "operatingIncomeRatio": 0.3247366509,
    "totalOtherIncomeExpensesNet": 90000000,
    "incomeBeforeTax": 984000000,
    "incomeBeforeTaxRatio": 0.3574282601,
    "incomeTaxExpense": 247000000,
    "netIncome": 737000000,
    "netIncomeRatio": 0.267707955,
    "eps": 0.45,
    "epsdiluted": 0.44,
    "weightedAverageShsOut": 1656000000,
    "weightedAverageShsOutDil": 1675000000,
    "link": "https://www.sec.gov/Archives/edgar/data/804328/000095012309024369/0000950123-09-024369-index.htm",
    "finalLink": "https://www.sec.gov/Archives/edgar/data/804328/000095012309024369/a53206e10vq.htm"
  },
  {
    "date": "2009-03-29",
    "symbol": "QCOM",
    "reportedCurrency": "USD",
    "cik": "0000804328",
    "fillingDate": "2009-04-29",
    "acceptedDate": "2009-04-29 16:17:25",
    "calendarYear": "2009",
    "period": "Q2",
    "revenue": 2455000000,
    "costOfRevenue": 738000000,
    "grossProfit": 1717000000,
    "grossProfitRatio": 0.699389002,
    "researchAndDevelopmentExpenses": 604000000,
    "generalAndAdministrativeExpenses": 0,
    "sellingAndMarketingExpenses": 0,
    "sellingGeneralAndAdministrativeExpenses": 375000000,
    "otherExpenses": 748000000,
    "operatingExpenses": 1727000000,
    "costAndExpenses": 2465000000,
    "interestIncome": 121000000,
    "interestExpense": 4000000,
    "depreciationAndAmortization": 154000000,
    "ebitda": 57000000,
    "ebitdaratio": 0.0232179226,
    "operatingIncome": -10000000,
    "operatingIncomeRatio": -0.0040733198,
    "totalOtherIncomeExpensesNet": -91000000,
    "incomeBeforeTax": -101000000,
    "incomeBeforeTaxRatio": -0.0411405295,
    "incomeTaxExpense": 188000000,
    "netIncome": -289000000,
    "netIncomeRatio": -0.1177189409,
    "eps": -0.18,
    "epsdiluted": -0.18,
    "weightedAverageShsOut": 1651000000,
    "weightedAverageShsOutDil": 1651000000,
    "link": "https://www.sec.gov/Archives/edgar/data/804328/000093639209000216/0000936392-09-000216-index.htm",
    "finalLink": "https://www.sec.gov/Archives/edgar/data/804328/000093639209000216/a52247e10vq.htm"
  },
  {
    "date": "2008-12-28",
    "symbol": "QCOM",
    "reportedCurrency": "USD",
    "cik": "0000804328",
    "fillingDate": "2009-01-28",
    "acceptedDate": "2009-01-28 16:19:34",
    "calendarYear": "2009",
    "period": "Q1",
    "revenue": 2517000000,
    "costOfRevenue": 755000000,
    "grossProfit": 1762000000,
    "grossProfitRatio": 0.7000397298,
    "researchAndDevelopmentExpenses": 604000000,
    "generalAndAdministrativeExpenses": 0,
    "sellingAndMarketingExpenses": 0,
    "sellingGeneralAndAdministrativeExpenses": 413000000,
    "otherExpenses": 0,
    "operatingExpenses": 1017000000,
    "costAndExpenses": 1772000000,
    "interestIncome": 135000000,
    "interestExpense": 3000000,
    "depreciationAndAmortization": 152000000,
    "ebitda": 1323000000,
    "ebitdaratio": 0.5256257449,
    "operatingIncome": 745000000,
    "operatingIncomeRatio": 0.2959872865,
    "totalOtherIncomeExpensesNet": -294000000,
    "incomeBeforeTax": 451000000,
    "incomeBeforeTaxRatio": 0.1791815654,
    "incomeTaxExpense": 110000000,
    "netIncome": 341000000,
    "netIncomeRatio": 0.1354787445,
    "eps": 0.21,
    "epsdiluted": 0.2,
    "weightedAverageShsOut": 1653000000,
    "weightedAverageShsOutDil": 1667000000,
    "link": "https://www.sec.gov/Archives/edgar/data/804328/000093639209000032/0000936392-09-000032-index.htm",
    "finalLink": "https://www.sec.gov/Archives/edgar/data/804328/000093639209000032/a51184e10vq.htm"
  },
  {
    "date": "2008-09-28",
    "symbol": "QCOM",
    "reportedCurrency": "USD",
    "cik": "0000804328",
    "fillingDate": "2008-11-06",
    "acceptedDate": "2008-11-06 16:23:15",
    "calendarYear": "2008",
    "period": "Q4",
    "revenue": 3334000000,
    "costOfRevenue": 921000000,
    "grossProfit": 2413000000,
    "grossProfitRatio": 0.723755249,
    "researchAndDevelopmentExpenses": 621000000,
    "generalAndAdministrativeExpenses": 0,
    "sellingAndMarketingExpenses": 0,
    "sellingGeneralAndAdministrativeExpenses": 456000000,
    "otherExpenses": 0,
    "operatingExpenses": 1077000000,
    "costAndExpenses": 1998000000,
    "interestIncome": 0,
    "interestExpense": 0,
    "depreciationAndAmortization": 120000000,
    "ebitda": 1456000000,
    "ebitdaratio": 0.4367126575,
    "operatingIncome": 1336000000,
    "operatingIncomeRatio": 0.400719856,
    "totalOtherIncomeExpensesNet": -228000000,
    "incomeBeforeTax": 1108000000,
    "incomeBeforeTaxRatio": 0.3323335333,
    "incomeTaxExpense": 230000000,
    "netIncome": 878000000,
    "netIncomeRatio": 0.2633473305,
    "eps": 0.52,
    "epsdiluted": 0.52,
    "weightedAverageShsOut": 1650000000,
    "weightedAverageShsOutDil": 1678000000,
    "link": "https://www.sec.gov/Archives/edgar/data/804328/000093639208000707/0000936392-08-000707-index.htm",
    "finalLink": "https://www.sec.gov/Archives/edgar/data/804328/000093639208000707/a50397e10vk.htm"
  },
  {
    "date": "2008-06-29",
    "symbol": "QCOM",
    "reportedCurrency": "USD",
    "cik": "0000804328",
    "fillingDate": "2008-07-25",
    "acceptedDate": "2008-07-24 21:29:34",
    "calendarYear": "2008",
    "period": "Q3",
    "revenue": 2762000000,
    "costOfRevenue": 889000000,
    "grossProfit": 1873000000,
    "grossProfitRatio": 0.6781317886,
    "researchAndDevelopmentExpenses": 596000000,
    "generalAndAdministrativeExpenses": 0,
    "sellingAndMarketingExpenses": 0,
    "sellingGeneralAndAdministrativeExpenses": 453000000,
    "otherExpenses": 0,
    "operatingExpenses": 1049000000,
    "costAndExpenses": 1938000000,
    "interestIncome": 108000000,
    "interestExpense": 4000000,
    "depreciationAndAmortization": 117000000,
    "ebitda": 1003000000,
    "ebitdaratio": 0.3631426503,
    "operatingIncome": 824000000,
    "operatingIncomeRatio": 0.2983345402,
    "totalOtherIncomeExpensesNet": 58000000,
    "incomeBeforeTax": 882000000,
    "incomeBeforeTaxRatio": 0.3193338161,
    "incomeTaxExpense": 134000000,
    "netIncome": 748000000,
    "netIncomeRatio": 0.2708182476,
    "eps": 0.46,
    "epsdiluted": 0.45,
    "weightedAverageShsOut": 1626000000,
    "weightedAverageShsOutDil": 1654000000,
    "link": "https://www.sec.gov/Archives/edgar/data/804328/000093639208000473/0000936392-08-000473-index.htm",
    "finalLink": "https://www.sec.gov/Archives/edgar/data/804328/000093639208000473/a42335e10vq.htm"
  },
  {
    "date": "2008-03-30",
    "symbol": "QCOM",
    "reportedCurrency": "USD",
    "cik": "0000804328",
    "fillingDate": "2008-04-23",
    "acceptedDate": "2008-04-23 16:18:45",
    "calendarYear": "2008",
    "period": "Q2",
    "revenue": 2606000000,
    "costOfRevenue": 820000000,
    "grossProfit": 1786000000,
    "grossProfitRatio": 0.6853415196,
    "researchAndDevelopmentExpenses": 553000000,
    "generalAndAdministrativeExpenses": 0,
    "sellingAndMarketingExpenses": 0,
    "sellingGeneralAndAdministrativeExpenses": 420000000,
    "otherExpenses": 0,
    "operatingExpenses": 973000000,
    "costAndExpenses": 1793000000,
    "interestIncome": 0,
    "interestExpense": 0,
    "depreciationAndAmortization": 111000000,
    "ebitda": 813000000,
    "ebitdaratio": 0.3119723715,
    "operatingIncome": 813000000,
    "operatingIncomeRatio": 0.3119723715,
    "totalOtherIncomeExpensesNet": 93000000,
    "incomeBeforeTax": 906000000,
    "incomeBeforeTaxRatio": 0.3476592479,
    "incomeTaxExpense": 140000000,
    "netIncome": 766000000,
    "netIncomeRatio": 0.2939370683,
    "eps": 0.47,
    "epsdiluted": 0.47,
    "weightedAverageShsOut": 1617000000,
    "weightedAverageShsOutDil": 1617000000,
    "link": "https://www.sec.gov/Archives/edgar/data/804328/000093639208000288/0000936392-08-000288-index.htm",
    "finalLink": "https://www.sec.gov/Archives/edgar/data/804328/000093639208000288/a40068e10vq.htm"
  },
  {
    "date": "2007-12-30",
    "symbol": "QCOM",
    "reportedCurrency": "USD",
    "cik": "0000804328",
    "fillingDate": "2008-01-23",
    "acceptedDate": "2008-01-23 16:13:29",
    "calendarYear": "2008",
    "period": "Q1",
    "revenue": 2440000000,
    "costOfRevenue": 783000000,
    "grossProfit": 1657000000,
    "grossProfitRatio": 0.6790983607,
    "researchAndDevelopmentExpenses": 511000000,
    "generalAndAdministrativeExpenses": 0,
    "sellingAndMarketingExpenses": 0,
    "sellingGeneralAndAdministrativeExpenses": 389000000,
    "otherExpenses": 0,
    "operatingExpenses": 900000000,
    "costAndExpenses": 1683000000,
    "interestIncome": 0,
    "interestExpense": 0,
    "depreciationAndAmortization": 108000000,
    "ebitda": 757000000,
    "ebitdaratio": 0.3102459016,
    "operatingIncome": 757000000,
    "operatingIncomeRatio": 0.3102459016,
    "totalOtherIncomeExpensesNet": 173000000,
    "incomeBeforeTax": 930000000,
    "incomeBeforeTaxRatio": 0.381147541,
    "incomeTaxExpense": 163000000,
    "netIncome": 767000000,
    "netIncomeRatio": 0.3143442623,
    "eps": 0.47,
    "epsdiluted": 0.46,
    "weightedAverageShsOut": 1635000000,
    "weightedAverageShsOutDil": 1664000000,
    "link": "https://www.sec.gov/Archives/edgar/data/804328/000093639208000071/0000936392-08-000071-index.htm",
    "finalLink": "https://www.sec.gov/Archives/edgar/data/804328/000093639208000071/a37255e10vq.htm"
  },
  {
    "date": "2007-09-30",
    "symbol": "QCOM",
    "reportedCurrency": "USD",
    "cik": "0000804328",
    "fillingDate": "2007-11-08",
    "acceptedDate": "2007-11-08 16:03:56",
    "calendarYear": "2007",
    "period": "Q4",
    "revenue": 2306000000,
    "costOfRevenue": 725000000,
    "grossProfit": 1581000000,
    "grossProfitRatio": 0.6856027754,
    "researchAndDevelopmentExpenses": 481000000,
    "generalAndAdministrativeExpenses": 0,
    "sellingAndMarketingExpenses": 0,
    "sellingGeneralAndAdministrativeExpenses": 323000000,
    "otherExpenses": 0,
    "operatingExpenses": 804000000,
    "costAndExpenses": 1529000000,
    "interestIncome": 0,
    "interestExpense": 0,
    "depreciationAndAmortization": 100000000,
    "ebitda": 877000000,
    "ebitdaratio": 0.380312229,
    "operatingIncome": 777000000,
    "operatingIncomeRatio": 0.3369470945,
    "totalOtherIncomeExpensesNet": 171000000,
    "incomeBeforeTax": 948000000,
    "incomeBeforeTaxRatio": 0.4111014744,
    "incomeTaxExpense": -184000000,
    "netIncome": 1132000000,
    "netIncomeRatio": 0.4908933218,
    "eps": 0.66,
    "epsdiluted": 0.66,
    "weightedAverageShsOut": 1657000000,
    "weightedAverageShsOutDil": 1704000000,
    "link": "https://www.sec.gov/Archives/edgar/data/804328/000093639207000836/0000936392-07-000836-index.htm",
    "finalLink": "https://www.sec.gov/Archives/edgar/data/804328/000093639207000836/a35354e10vk.htm"
  },
  {
    "date": "2007-07-01",
    "symbol": "QCOM",
    "reportedCurrency": "USD",
    "cik": "0000804328",
    "fillingDate": "2007-07-25",
    "acceptedDate": "2007-07-25 16:27:49",
    "calendarYear": "2007",
    "period": "Q3",
    "revenue": 2325000000,
    "costOfRevenue": 688000000,
    "grossProfit": 1637000000,
    "grossProfitRatio": 0.7040860215,
    "researchAndDevelopmentExpenses": 454000000,
    "generalAndAdministrativeExpenses": 0,
    "sellingAndMarketingExpenses": 0,
    "sellingGeneralAndAdministrativeExpenses": 401000000,
    "otherExpenses": 0,
    "operatingExpenses": 855000000,
    "costAndExpenses": 1543000000,
    "interestIncome": 0,
    "interestExpense": 0,
    "depreciationAndAmortization": 99000000,
    "ebitda": 782000000,
    "ebitdaratio": 0.336344086,
    "operatingIncome": 782000000,
    "operatingIncomeRatio": 0.336344086,
    "totalOtherIncomeExpensesNet": 190000000,
    "incomeBeforeTax": 972000000,
    "incomeBeforeTaxRatio": 0.4180645161,
    "incomeTaxExpense": 174000000,
    "netIncome": 798000000,
    "netIncomeRatio": 0.3432258065,
    "eps": 0.48,
    "epsdiluted": 0.47,
    "weightedAverageShsOut": 1670000000,
    "weightedAverageShsOutDil": 1704000000,
    "link": "https://www.sec.gov/Archives/edgar/data/804328/000093639207000602/0000936392-07-000602-index.htm",
    "finalLink": "https://www.sec.gov/Archives/edgar/data/804328/000093639207000602/a32135e10vq.htm"
  },
  {
    "date": "2007-04-01",
    "symbol": "QCOM",
    "reportedCurrency": "USD",
    "cik": "0000804328",
    "fillingDate": "2007-04-25",
    "acceptedDate": "2007-04-25 16:11:24",
    "calendarYear": "2007",
    "period": "Q2",
    "revenue": 2221000000,
    "costOfRevenue": 634000000,
    "grossProfit": 1587000000,
    "grossProfitRatio": 0.7145429986,
    "researchAndDevelopmentExpenses": 454000000,
    "generalAndAdministrativeExpenses": 0,
    "sellingAndMarketingExpenses": 0,
    "sellingGeneralAndAdministrativeExpenses": 385000000,
    "otherExpenses": 0,
    "operatingExpenses": 839000000,
    "costAndExpenses": 1473000000,
    "interestIncome": 0,
    "interestExpense": 0,
    "depreciationAndAmortization": 93000000,
    "ebitda": 748000000,
    "ebitdaratio": 0.3367852319,
    "operatingIncome": 748000000,
    "operatingIncomeRatio": 0.3367852319,
    "totalOtherIncomeExpensesNet": 180000000,
    "incomeBeforeTax": 928000000,
    "incomeBeforeTaxRatio": 0.4178298064,
    "incomeTaxExpense": 202000000,
    "netIncome": 726000000,
    "netIncomeRatio": 0.3268797839,
    "eps": 0.44,
    "epsdiluted": 0.43,
    "weightedAverageShsOut": 1659000000,
    "weightedAverageShsOutDil": 1693000000,
    "link": "https://www.sec.gov/Archives/edgar/data/804328/000093639207000327/0000936392-07-000327-index.htm",
    "finalLink": "https://www.sec.gov/Archives/edgar/data/804328/000093639207000327/a29474e10vq.htm"
  },
  {
    "date": "2006-12-31",
    "symbol": "QCOM",
    "reportedCurrency": "USD",
    "cik": "0000804328",
    "fillingDate": "2007-01-24",
    "acceptedDate": "2007-01-24 16:12:09",
    "calendarYear": "2007",
    "period": "Q1",
    "revenue": 2019000000,
    "costOfRevenue": 634000000,
    "grossProfit": 1385000000,
    "grossProfitRatio": 0.68598316,
    "researchAndDevelopmentExpenses": 440000000,
    "generalAndAdministrativeExpenses": 0,
    "sellingAndMarketingExpenses": 0,
    "sellingGeneralAndAdministrativeExpenses": 369000000,
    "otherExpenses": 0,
    "operatingExpenses": 809000000,
    "costAndExpenses": 1443000000,
    "interestIncome": 0,
    "interestExpense": 0,
    "depreciationAndAmortization": 91000000,
    "ebitda": 576000000,
    "ebitdaratio": 0.2852897474,
    "operatingIncome": 576000000,
    "operatingIncomeRatio": 0.2852897474,
    "totalOtherIncomeExpensesNet": 203000000,
    "incomeBeforeTax": 779000000,
    "incomeBeforeTaxRatio": 0.3858345716,
    "incomeTaxExpense": 131000000,
    "netIncome": 648000000,
    "netIncomeRatio": 0.3209509658,
    "eps": 0.39,
    "epsdiluted": 0.38,
    "weightedAverageShsOut": 1653000000,
    "weightedAverageShsOutDil": 1685000000,
    "link": "https://www.sec.gov/Archives/edgar/data/804328/000093639207000046/0000936392-07-000046-index.htm",
    "finalLink": "https://www.sec.gov/Archives/edgar/data/804328/000093639207000046/a26643e10vq.htm"
  },
  {
    "date": "2006-09-24",
    "symbol": "QCOM",
    "reportedCurrency": "USD",
    "cik": "0000804328",
    "fillingDate": "2006-11-02",
    "acceptedDate": "2006-11-02 16:24:35",
    "calendarYear": "2006",
    "period": "Q4",
    "revenue": 1999000000,
    "costOfRevenue": 586000000,
    "grossProfit": 1413000000,
    "grossProfitRatio": 0.7068534267,
    "researchAndDevelopmentExpenses": 412000000,
    "generalAndAdministrativeExpenses": 0,
    "sellingAndMarketingExpenses": 0,
    "sellingGeneralAndAdministrativeExpenses": 321000000,
    "otherExpenses": 0,
    "operatingExpenses": 733000000,
    "costAndExpenses": 1319000000,
    "interestIncome": 0,
    "interestExpense": 0,
    "depreciationAndAmortization": 82000000,
    "ebitda": 762000000,
    "ebitdaratio": 0.3811905953,
    "operatingIncome": 680000000,
    "operatingIncomeRatio": 0.340170085,
    "totalOtherIncomeExpensesNet": 129000000,
    "incomeBeforeTax": 810000000,
    "incomeBeforeTaxRatio": 0.4052026013,
    "incomeTaxExpense": 196000000,
    "netIncome": 614000000,
    "netIncomeRatio": 0.3071535768,
    "eps": 0.36,
    "epsdiluted": 0.36,
    "weightedAverageShsOut": 1653000000,
    "weightedAverageShsOutDil": 1699000000,
    "link": "https://www.sec.gov/Archives/edgar/data/804328/000093639206000996/0000936392-06-000996-index.htm",
    "finalLink": "https://www.sec.gov/Archives/edgar/data/804328/000093639206000996/a24679e10vk.htm"
  },
  {
    "date": "2006-06-25",
    "symbol": "QCOM",
    "reportedCurrency": "USD",
    "cik": "0000804328",
    "fillingDate": "2006-07-19",
    "acceptedDate": "2006-07-19 16:13:55",
    "calendarYear": "2006",
    "period": "Q3",
    "revenue": 1951000000,
    "costOfRevenue": 559000000,
    "grossProfit": 1392000000,
    "grossProfitRatio": 0.7134802665,
    "researchAndDevelopmentExpenses": 395000000,
    "generalAndAdministrativeExpenses": 0,
    "sellingAndMarketingExpenses": 0,
    "sellingGeneralAndAdministrativeExpenses": 293000000,
    "otherExpenses": 0,
    "operatingExpenses": 688000000,
    "costAndExpenses": 1247000000,
    "interestIncome": 0,
    "interestExpense": 0,
    "depreciationAndAmortization": 69000000,
    "ebitda": 704000000,
    "ebitdaratio": 0.3608405946,
    "operatingIncome": 704000000,
    "operatingIncomeRatio": 0.3608405946,
    "totalOtherIncomeExpensesNet": 120000000,
    "incomeBeforeTax": 824000000,
    "incomeBeforeTaxRatio": 0.4223475141,
    "incomeTaxExpense": 181000000,
    "netIncome": 643000000,
    "netIncomeRatio": 0.3295745771,
    "eps": 0.38,
    "epsdiluted": 0.37,
    "weightedAverageShsOut": 1675000000,
    "weightedAverageShsOutDil": 1728000000,
    "link": "https://www.sec.gov/Archives/edgar/data/804328/000093639206000709/0000936392-06-000709-index.htm",
    "finalLink": "https://www.sec.gov/Archives/edgar/data/804328/000093639206000709/a22159e10vq.htm"
  },
  {
    "date": "2006-03-26",
    "symbol": "QCOM",
    "reportedCurrency": "USD",
    "cik": "0000804328",
    "fillingDate": "2006-04-19",
    "acceptedDate": "2006-04-19 16:42:53",
    "calendarYear": "2006",
    "period": "Q2",
    "revenue": 1834000000,
    "costOfRevenue": 521000000,
    "grossProfit": 1313000000,
    "grossProfitRatio": 0.7159214831,
    "researchAndDevelopmentExpenses": 390000000,
    "generalAndAdministrativeExpenses": 0,
    "sellingAndMarketingExpenses": 0,
    "sellingGeneralAndAdministrativeExpenses": 263000000,
    "otherExpenses": 0,
    "operatingExpenses": 653000000,
    "costAndExpenses": 1174000000,
    "interestIncome": 0,
    "interestExpense": 0,
    "depreciationAndAmortization": 63000000,
    "ebitda": 660000000,
    "ebitdaratio": 0.3598691385,
    "operatingIncome": 660000000,
    "operatingIncomeRatio": 0.3598691385,
    "totalOtherIncomeExpensesNet": 125000000,
    "incomeBeforeTax": 785000000,
    "incomeBeforeTaxRatio": 0.4280261723,
    "incomeTaxExpense": 192000000,
    "netIncome": 593000000,
    "netIncomeRatio": 0.3233369684,
    "eps": 0.36,
    "epsdiluted": 0.34,
    "weightedAverageShsOut": 1664000000,
    "weightedAverageShsOutDil": 1721000000,
    "link": "https://www.sec.gov/Archives/edgar/data/804328/000093639206000386/0000936392-06-000386-index.htm",
    "finalLink": "https://www.sec.gov/Archives/edgar/data/804328/000093639206000386/a19688e10vq.htm"
  },
  {
    "date": "2005-12-25",
    "symbol": "QCOM",
    "reportedCurrency": "USD",
    "cik": "0000804328",
    "fillingDate": "2006-01-25",
    "acceptedDate": "2006-01-25 17:01:34",
    "calendarYear": "2006",
    "period": "Q1",
    "revenue": 1741000000,
    "costOfRevenue": 517000000,
    "grossProfit": 1224000000,
    "grossProfitRatio": 0.7030442275,
    "researchAndDevelopmentExpenses": 340000000,
    "generalAndAdministrativeExpenses": 0,
    "sellingAndMarketingExpenses": 0,
    "sellingGeneralAndAdministrativeExpenses": 239000000,
    "otherExpenses": 0,
    "operatingExpenses": 579000000,
    "costAndExpenses": 1096000000,
    "interestIncome": 0,
    "interestExpense": 0,
    "depreciationAndAmortization": 58000000,
    "ebitda": 645000000,
    "ebitdaratio": 0.3704767375,
    "operatingIncome": 645000000,
    "operatingIncomeRatio": 0.3704767375,
    "totalOtherIncomeExpensesNet": 91000000,
    "incomeBeforeTax": 736000000,
    "incomeBeforeTaxRatio": 0.4227455485,
    "incomeTaxExpense": 116000000,
    "netIncome": 620000000,
    "netIncomeRatio": 0.356117174,
    "eps": 0.38,
    "epsdiluted": 0.36,
    "weightedAverageShsOut": 1645000000,
    "weightedAverageShsOutDil": 1702000000,
    "link": "https://www.sec.gov/Archives/edgar/data/804328/000093639206000042/0000936392-06-000042-index.htm",
    "finalLink": "https://www.sec.gov/Archives/edgar/data/804328/000093639206000042/a16462e10vq.htm"
  },
  {
    "date": "2005-09-25",
    "symbol": "QCOM",
    "reportedCurrency": "USD",
    "cik": "0000804328",
    "fillingDate": "2005-11-02",
    "acceptedDate": "2005-11-02 17:17:00",
    "calendarYear": "2005",
    "period": "Q4",
    "revenue": 1561000000,
    "costOfRevenue": 441000000,
    "grossProfit": 1120000000,
    "grossProfitRatio": 0.7174887892,
    "researchAndDevelopmentExpenses": 271000000,
    "generalAndAdministrativeExpenses": 0,
    "sellingAndMarketingExpenses": 0,
    "sellingGeneralAndAdministrativeExpenses": 179000000,
    "otherExpenses": 0,
    "operatingExpenses": 450000000,
    "costAndExpenses": 891000000,
    "interestIncome": 0,
    "interestExpense": 0,
    "depreciationAndAmortization": 56000000,
    "ebitda": 726000000,
    "ebitdaratio": 0.465086483,
    "operatingIncome": 670000000,
    "operatingIncomeRatio": 0.4292120436,
    "totalOtherIncomeExpensesNet": -550000000,
    "incomeBeforeTax": 786000000,
    "incomeBeforeTaxRatio": 0.5035233824,
    "incomeTaxExpense": 248000000,
    "netIncome": 538000000,
    "netIncomeRatio": 0.3446508648,
    "eps": 0.32,
    "epsdiluted": 0.32,
    "weightedAverageShsOut": 1632000000,
    "weightedAverageShsOutDil": 1686000000,
    "link": "https://www.sec.gov/Archives/edgar/data/804328/000093639205000362/0000936392-05-000362-index.htm",
    "finalLink": "https://www.sec.gov/Archives/edgar/data/804328/000093639205000362/a14009e10vk.htm"
  },
  {
    "date": "2005-06-26",
    "symbol": "QCOM",
    "reportedCurrency": "USD",
    "cik": "0000804328",
    "fillingDate": "2005-07-20",
    "acceptedDate": "2005-07-20 16:52:24",
    "calendarYear": "2005",
    "period": "Q3",
    "revenue": 1358000000,
    "costOfRevenue": 389000000,
    "grossProfit": 969000000,
    "grossProfitRatio": 0.7135493373,
    "researchAndDevelopmentExpenses": 259000000,
    "generalAndAdministrativeExpenses": 0,
    "sellingAndMarketingExpenses": 0,
    "sellingGeneralAndAdministrativeExpenses": 150000000,
    "otherExpenses": 0,
    "operatingExpenses": 409000000,
    "costAndExpenses": 798000000,
    "interestIncome": 0,
    "interestExpense": 0,
    "depreciationAndAmortization": 51000000,
    "ebitda": 560000000,
    "ebitdaratio": 0.412371134,
    "operatingIncome": 560000000,
    "operatingIncomeRatio": 0.412371134,
    "totalOtherIncomeExpensesNet": 126000000,
    "incomeBeforeTax": 686000000,
    "incomeBeforeTaxRatio": 0.5051546392,
    "incomeTaxExpense": 126000000,
    "netIncome": 560000000,
    "netIncomeRatio": 0.412371134,
    "eps": 0.34,
    "epsdiluted": 0.33,
    "weightedAverageShsOut": 1633000000,
    "weightedAverageShsOutDil": 1683000000,
    "link": "https://www.sec.gov/Archives/edgar/data/804328/000095013705008889/0000950137-05-008889-index.htm",
    "finalLink": "https://www.sec.gov/Archives/edgar/data/804328/000095013705008889/a10805e10vq.htm"
  },
  {
    "date": "2005-03-27",
    "symbol": "QCOM",
    "reportedCurrency": "USD",
    "cik": "0000804328",
    "fillingDate": "2005-04-20",
    "acceptedDate": "2005-04-20 16:51:19",
    "calendarYear": "2005",
    "period": "Q2",
    "revenue": 1365000000,
    "costOfRevenue": 386000000,
    "grossProfit": 979000000,
    "grossProfitRatio": 0.7172161172,
    "researchAndDevelopmentExpenses": 252000000,
    "generalAndAdministrativeExpenses": 0,
    "sellingAndMarketingExpenses": 0,
    "sellingGeneralAndAdministrativeExpenses": 155000000,
    "otherExpenses": 0,
    "operatingExpenses": 407000000,
    "costAndExpenses": 793000000,
    "interestIncome": 0,
    "interestExpense": 0,
    "depreciationAndAmortization": 48000000,
    "ebitda": 572000000,
    "ebitdaratio": 0.419047619,
    "operatingIncome": 572000000,
    "operatingIncomeRatio": 0.419047619,
    "totalOtherIncomeExpensesNet": 61000000,
    "incomeBeforeTax": 633000000,
    "incomeBeforeTaxRatio": 0.4637362637,
    "incomeTaxExpense": 101000000,
    "netIncome": 532000000,
    "netIncomeRatio": 0.3897435897,
    "eps": 0.32,
    "epsdiluted": 0.31,
    "weightedAverageShsOut": 1646000000,
    "weightedAverageShsOutDil": 1704000000,
    "link": "https://www.sec.gov/Archives/edgar/data/804328/000093639205000099/0000936392-05-000099-index.htm",
    "finalLink": "https://www.sec.gov/Archives/edgar/data/804328/000093639205000099/a08084e10vq.htm"
  },
  {
    "date": "2004-12-26",
    "symbol": "QCOM",
    "reportedCurrency": "USD",
    "cik": "0000804328",
    "fillingDate": "2005-01-19",
    "acceptedDate": "2005-01-19 17:21:09",
    "calendarYear": "2005",
    "period": "Q1",
    "revenue": 1390000000,
    "costOfRevenue": 430000000,
    "grossProfit": 960000000,
    "grossProfitRatio": 0.690647482,
    "researchAndDevelopmentExpenses": 228000000,
    "generalAndAdministrativeExpenses": 0,
    "sellingAndMarketingExpenses": 0,
    "sellingGeneralAndAdministrativeExpenses": 148000000,
    "otherExpenses": 0,
    "operatingExpenses": 376000000,
    "costAndExpenses": 806000000,
    "interestIncome": 0,
    "interestExpense": 0,
    "depreciationAndAmortization": 45000000,
    "ebitda": 584000000,
    "ebitdaratio": 0.4201438849,
    "operatingIncome": 584000000,
    "operatingIncomeRatio": 0.4201438849,
    "totalOtherIncomeExpensesNet": 120000000,
    "incomeBeforeTax": 704000000,
    "incomeBeforeTaxRatio": 0.5064748201,
    "incomeTaxExpense": 191000000,
    "netIncome": 513000000,
    "netIncomeRatio": 0.3690647482,
    "eps": 0.31,
    "epsdiluted": 0.3,
    "weightedAverageShsOut": 1639000000,
    "weightedAverageShsOutDil": 1704000000,
    "link": "https://www.sec.gov/Archives/edgar/data/804328/000095013705000531/0000950137-05-000531-index.htm",
    "finalLink": "https://www.sec.gov/Archives/edgar/data/804328/000095013705000531/a04746e10vq.htm"
  },
  {
    "date": "2004-09-26",
    "symbol": "QCOM",
    "reportedCurrency": "USD",
    "cik": "0000804328",
    "fillingDate": "2004-11-03",
    "acceptedDate": "2004-11-03 17:24:17",
    "calendarYear": "2004",
    "period": "Q4",
    "revenue": 1117252000,
    "costOfRevenue": 409946000,
    "grossProfit": 707306000,
    "grossProfitRatio": 0.6330765127,
    "researchAndDevelopmentExpenses": 207431000,
    "generalAndAdministrativeExpenses": 0,
    "sellingAndMarketingExpenses": 0,
    "sellingGeneralAndAdministrativeExpenses": 145920000,
    "otherExpenses": -8226000,
    "operatingExpenses": 345125000,
    "costAndExpenses": 755071000,
    "interestIncome": 0,
    "interestExpense": 0,
    "depreciationAndAmortization": 42659000,
    "ebitda": 404840000,
    "ebitdaratio": 0.3623533455,
    "operatingIncome": 362181000,
    "operatingIncomeRatio": 0.3241712702,
    "totalOtherIncomeExpensesNet": 69350000,
    "incomeBeforeTax": 431531000,
    "incomeBeforeTaxRatio": 0.386243211,
    "incomeTaxExpense": 44773000,
    "netIncome": 392846000,
    "netIncomeRatio": 0.3516180772,
    "eps": 0.24,
    "epsdiluted": 0.24,
    "weightedAverageShsOut": 1621764000,
    "weightedAverageShsOutDil": 1621764000,
    "link": "https://www.sec.gov/Archives/edgar/data/804328/000093639204000858/0000936392-04-000858-index.htm",
    "finalLink": "https://www.sec.gov/Archives/edgar/data/804328/000093639204000858/a02900e10vk.htm"
  },
  {
    "date": "2004-06-27",
    "symbol": "QCOM",
    "reportedCurrency": "USD",
    "cik": "0000804328",
    "fillingDate": "2004-07-21",
    "acceptedDate": "2004-07-21 17:19:11",
    "calendarYear": "2004",
    "period": "Q3",
    "revenue": 1340526000,
    "costOfRevenue": 369189000,
    "grossProfit": 971337000,
    "grossProfitRatio": 0.7245939281,
    "researchAndDevelopmentExpenses": 193608000,
    "generalAndAdministrativeExpenses": 0,
    "sellingAndMarketingExpenses": 0,
    "sellingGeneralAndAdministrativeExpenses": 161799000,
    "otherExpenses": -5937000,
    "operatingExpenses": 349470000,
    "costAndExpenses": 718659000,
    "interestIncome": 0,
    "interestExpense": 0,
    "depreciationAndAmortization": 40183000,
    "ebitda": 621867000,
    "ebitdaratio": 0.4638977536,
    "operatingIncome": 621867000,
    "operatingIncomeRatio": 0.4638977536,
    "totalOtherIncomeExpensesNet": 46186000,
    "incomeBeforeTax": 668053000,
    "incomeBeforeTaxRatio": 0.4983513934,
    "incomeTaxExpense": 181629000,
    "netIncome": 486424000,
    "netIncomeRatio": 0.3628605488,
    "eps": 0.3,
    "epsdiluted": 0.29,
    "weightedAverageShsOut": 1621764000,
    "weightedAverageShsOutDil": 1682236000,
    "link": "https://www.sec.gov/Archives/edgar/data/804328/000093639204000768/0000936392-04-000768-index.htm",
    "finalLink": "https://www.sec.gov/Archives/edgar/data/804328/000093639204000768/a00338e10vq.htm"
  },
  {
    "date": "2004-03-28",
    "symbol": "QCOM",
    "reportedCurrency": "USD",
    "cik": "0000804328",
    "fillingDate": "2004-04-21",
    "acceptedDate": "2004-04-21 17:24:09",
    "calendarYear": "2004",
    "period": "Q2",
    "revenue": 1215648000,
    "costOfRevenue": 335135000,
    "grossProfit": 880513000,
    "grossProfitRatio": 0.7243157559,
    "researchAndDevelopmentExpenses": 169023000,
    "generalAndAdministrativeExpenses": 0,
    "sellingAndMarketingExpenses": 0,
    "sellingGeneralAndAdministrativeExpenses": 138205000,
    "otherExpenses": -3285000,
    "operatingExpenses": 303943000,
    "costAndExpenses": 639078000,
    "interestIncome": 0,
    "interestExpense": 0,
    "depreciationAndAmortization": 31603000,
    "ebitda": 617000000,
    "ebitdaratio": 0.5075482376,
    "operatingIncome": 576570000,
    "operatingIncomeRatio": 0.4742902551,
    "totalOtherIncomeExpensesNet": 33490000,
    "incomeBeforeTax": 610060000,
    "incomeBeforeTaxRatio": 0.5018393482,
    "incomeTaxExpense": 168771000,
    "netIncome": 488437000,
    "netIncomeRatio": 0.4017914725,
    "eps": 0.3,
    "epsdiluted": 0.29,
    "weightedAverageShsOut": 1613000000,
    "weightedAverageShsOutDil": 1672000000,
    "link": "https://www.sec.gov/Archives/edgar/data/804328/000093639204000407/0000936392-04-000407-index.htm",
    "finalLink": "https://www.sec.gov/Archives/edgar/data/804328/000093639204000407/a98252e10vq.htm"
  },
  {
    "date": "2003-12-28",
    "symbol": "QCOM",
    "reportedCurrency": "USD",
    "cik": "0000804328",
    "fillingDate": "2004-01-21",
    "acceptedDate": "2004-01-21 17:10:20",
    "calendarYear": "2004",
    "period": "Q1",
    "revenue": 1242097000,
    "costOfRevenue": 408531000,
    "grossProfit": 833566000,
    "grossProfitRatio": 0.6710957357,
    "researchAndDevelopmentExpenses": 149938000,
    "generalAndAdministrativeExpenses": 0,
    "sellingAndMarketingExpenses": 0,
    "sellingGeneralAndAdministrativeExpenses": 170513000,
    "otherExpenses": 2875000,
    "operatingExpenses": 323326000,
    "costAndExpenses": 731857000,
    "interestIncome": 0,
    "interestExpense": 0,
    "depreciationAndAmortization": 48555000,
    "ebitda": 609000000,
    "ebitdaratio": 0.4902998719,
    "operatingIncome": 510240000,
    "operatingIncomeRatio": 0.4107891735,
    "totalOtherIncomeExpensesNet": 29341000,
    "incomeBeforeTax": 539581000,
    "incomeBeforeTaxRatio": 0.4344113221,
    "incomeTaxExpense": 187288000,
    "netIncome": 352293000,
    "netIncomeRatio": 0.2836276072,
    "eps": 0.22,
    "epsdiluted": 0.21,
    "weightedAverageShsOut": 1601000000,
    "weightedAverageShsOutDil": 1654000000,
    "link": "https://www.sec.gov/Archives/edgar/data/804328/000093639204000041/0000936392-04-000041-index.htm",
    "finalLink": "https://www.sec.gov/Archives/edgar/data/804328/000093639204000041/a95740e10vq.htm"
  },
  {
    "date": "2003-09-28",
    "symbol": "QCOM",
    "reportedCurrency": "USD",
    "cik": "0000804328",
    "fillingDate": "2003-11-05",
    "acceptedDate": "2003-11-05 17:15:06",
    "calendarYear": "2003",
    "period": "Q4",
    "revenue": 908816000,
    "costOfRevenue": 333216000,
    "grossProfit": 575600000,
    "grossProfitRatio": 0.6333515255,
    "researchAndDevelopmentExpenses": 143297000,
    "generalAndAdministrativeExpenses": 0,
    "sellingAndMarketingExpenses": 0,
    "sellingGeneralAndAdministrativeExpenses": -60552000,
    "otherExpenses": 196640000,
    "operatingExpenses": 279385000,
    "costAndExpenses": 612601000,
    "interestIncome": 0,
    "interestExpense": 0,
    "depreciationAndAmortization": 47125000,
    "ebitda": 343340000,
    "ebitdaratio": 0.3777882432,
    "operatingIncome": 296215000,
    "operatingIncomeRatio": 0.3259350628,
    "totalOtherIncomeExpensesNet": 14316000,
    "incomeBeforeTax": 310531000,
    "incomeBeforeTaxRatio": 0.3416874263,
    "incomeTaxExpense": 19129000,
    "netIncome": 291402000,
    "netIncomeRatio": 0.3206391613,
    "eps": 0.18,
    "epsdiluted": 0.18,
    "weightedAverageShsOut": 1581022000,
    "weightedAverageShsOutDil": 1581022000,
    "link": "https://www.sec.gov/Archives/edgar/data/804328/000093639203001502/0000936392-03-001502-index.htm",
    "finalLink": "https://www.sec.gov/Archives/edgar/data/804328/000093639203001502/a94029e10vk.htm"
  },
  {
    "date": "2003-06-29",
    "symbol": "QCOM",
    "reportedCurrency": "USD",
    "cik": "0000804328",
    "fillingDate": "2003-07-23",
    "acceptedDate": "2003-07-23 17:25:23",
    "calendarYear": "2003",
    "period": "Q3",
    "revenue": 921608000,
    "costOfRevenue": 326902000,
    "grossProfit": 594706000,
    "grossProfitRatio": 0.6452917075,
    "researchAndDevelopmentExpenses": 135690000,
    "generalAndAdministrativeExpenses": 0,
    "sellingAndMarketingExpenses": 0,
    "sellingGeneralAndAdministrativeExpenses": 151599000,
    "otherExpenses": -28405000,
    "operatingExpenses": 258884000,
    "costAndExpenses": 585786000,
    "interestIncome": 0,
    "interestExpense": 0,
    "depreciationAndAmortization": 43043000,
    "ebitda": 364727000,
    "ebitdaratio": 0.3957506879,
    "operatingIncome": 335822000,
    "operatingIncomeRatio": 0.3643870279,
    "totalOtherIncomeExpensesNet": 34669000,
    "incomeBeforeTax": 370491000,
    "incomeBeforeTaxRatio": 0.4020049739,
    "incomeTaxExpense": 178802000,
    "netIncome": 191689000,
    "netIncomeRatio": 0.2079940712,
    "eps": 0.12,
    "epsdiluted": 0.12,
    "weightedAverageShsOut": 1581022000,
    "weightedAverageShsOutDil": 1631712000,
    "link": "https://www.sec.gov/Archives/edgar/data/804328/000093639203000969/0000936392-03-000969-index.htm",
    "finalLink": "https://www.sec.gov/Archives/edgar/data/804328/000093639203000969/a91623e10vq.htm"
  },
  {
    "date": "2003-03-30",
    "symbol": "QCOM",
    "reportedCurrency": "USD",
    "cik": "0000804328",
    "fillingDate": "2003-04-23",
    "acceptedDate": "2003-04-23 16:27:34",
    "calendarYear": "2003",
    "period": "Q2",
    "revenue": 1043043000,
    "costOfRevenue": 381928000,
    "grossProfit": 661115000,
    "grossProfitRatio": 0.6338329292,
    "researchAndDevelopmentExpenses": 131801000,
    "generalAndAdministrativeExpenses": 0,
    "sellingAndMarketingExpenses": 0,
    "sellingGeneralAndAdministrativeExpenses": 295869000,
    "otherExpenses": 1965000,
    "operatingExpenses": 429635000,
    "costAndExpenses": 811563000,
    "interestIncome": 0,
    "interestExpense": 0,
    "depreciationAndAmortization": 46349000,
    "ebitda": 231480000,
    "ebitdaratio": 0.2219275715,
    "operatingIncome": 231480000,
    "operatingIncomeRatio": 0.2219275715,
    "totalOtherIncomeExpensesNet": -16604000,
    "incomeBeforeTax": 214876000,
    "incomeBeforeTaxRatio": 0.2060087647,
    "incomeTaxExpense": 111860000,
    "netIncome": 103016000,
    "netIncomeRatio": 0.098764864,
    "eps": 0.065,
    "epsdiluted": 0.065,
    "weightedAverageShsOut": 1578052000,
    "weightedAverageShsOutDil": 1636176000,
    "link": "https://www.sec.gov/Archives/edgar/data/804328/000093639203000531/0000936392-03-000531-index.htm",
    "finalLink": "https://www.sec.gov/Archives/edgar/data/804328/000093639203000531/a89297e10vq.htm"
  },
  {
    "date": "2002-12-29",
    "symbol": "QCOM",
    "reportedCurrency": "USD",
    "cik": "0000804328",
    "fillingDate": "2003-01-22",
    "acceptedDate": "2003-01-22 16:56:05",
    "calendarYear": "2003",
    "period": "Q1",
    "revenue": 1097169000,
    "costOfRevenue": 388001000,
    "grossProfit": 709168000,
    "grossProfitRatio": 0.6463616817,
    "researchAndDevelopmentExpenses": 112479000,
    "generalAndAdministrativeExpenses": 0,
    "sellingAndMarketingExpenses": 0,
    "sellingGeneralAndAdministrativeExpenses": 147999000,
    "otherExpenses": 1972000,
    "operatingExpenses": 262450000,
    "costAndExpenses": 650451000,
    "interestIncome": 0,
    "interestExpense": 0,
    "depreciationAndAmortization": 43177000,
    "ebitda": 446718000,
    "ebitdaratio": 0.407155142,
    "operatingIncome": 446718000,
    "operatingIncomeRatio": 0.407155142,
    "totalOtherIncomeExpensesNet": -57469000,
    "incomeBeforeTax": 389249000,
    "incomeBeforeTaxRatio": 0.3547757911,
    "incomeTaxExpense": 147915000,
    "netIncome": 241334000,
    "netIncomeRatio": 0.2199606442,
    "eps": 0.16,
    "epsdiluted": 0.15,
    "weightedAverageShsOut": 1566560000,
    "weightedAverageShsOutDil": 1631490000,
    "link": "https://www.sec.gov/Archives/edgar/data/804328/000093639203000045/0000936392-03-000045-index.htm",
    "finalLink": "https://www.sec.gov/Archives/edgar/data/804328/000093639203000045/a87070e10vq.htm"
  },
  {
    "date": "2002-09-29",
    "symbol": "QCOM",
    "reportedCurrency": "USD",
    "cik": "0000804328",
    "fillingDate": "2002-11-26",
    "acceptedDate": "2002-11-26 17:05:50",
    "calendarYear": "2002",
    "period": "Q4",
    "revenue": 873886000,
    "costOfRevenue": 312087000,
    "grossProfit": 561799000,
    "grossProfitRatio": 0.642874471,
    "researchAndDevelopmentExpenses": 109969000,
    "generalAndAdministrativeExpenses": 0,
    "sellingAndMarketingExpenses": 0,
    "sellingGeneralAndAdministrativeExpenses": 131847000,
    "otherExpenses": 67218000,
    "operatingExpenses": 309034000,
    "costAndExpenses": 621121000,
    "interestIncome": 0,
    "interestExpense": 0,
    "depreciationAndAmortization": 109160000,
    "ebitda": 361925000,
    "ebitdaratio": 0.414155851,
    "operatingIncome": 252765000,
    "operatingIncomeRatio": 0.2892425328,
    "totalOtherIncomeExpensesNet": -23688000,
    "incomeBeforeTax": 229077000,
    "incomeBeforeTaxRatio": 0.2621360223,
    "incomeTaxExpense": 38795000,
    "netIncome": 190282000,
    "netIncomeRatio": 0.21774236,
    "eps": 0.12,
    "epsdiluted": 0.12,
    "weightedAverageShsOut": 1546254000,
    "weightedAverageShsOutDil": 1546254000,
    "link": "https://www.sec.gov/Archives/edgar/data/804328/000093639202001489/0000936392-02-001489-index.htm",
    "finalLink": "https://www.sec.gov/Archives/edgar/data/804328/000093639202001489/a85543e10vk.htm"
  },
  {
    "date": "2002-06-30",
    "symbol": "QCOM",
    "reportedCurrency": "USD",
    "cik": "0000804328",
    "fillingDate": "2002-07-25",
    "acceptedDate": "2002-07-25 17:12:00",
    "calendarYear": "2002",
    "period": "Q3",
    "revenue": 770917000,
    "costOfRevenue": 288162000,
    "grossProfit": 482755000,
    "grossProfitRatio": 0.6262087877,
    "researchAndDevelopmentExpenses": 118086000,
    "generalAndAdministrativeExpenses": 0,
    "sellingAndMarketingExpenses": 0,
    "sellingGeneralAndAdministrativeExpenses": 152072000,
    "otherExpenses": 73979000,
    "operatingExpenses": 344137000,
    "costAndExpenses": 632299000,
    "interestIncome": 0,
    "interestExpense": 0,
    "depreciationAndAmortization": 104657000,
    "ebitda": 138618000,
    "ebitdaratio": 0.1798092402,
    "operatingIncome": 138618000,
    "operatingIncomeRatio": 0.1798092402,
    "totalOtherIncomeExpensesNet": -192762000,
    "incomeBeforeTax": -54144000,
    "incomeBeforeTaxRatio": -0.0702332417,
    "incomeTaxExpense": -40376000,
    "netIncome": -13768000,
    "netIncomeRatio": -0.0178592507,
    "eps": -0.0089,
    "epsdiluted": -0.0089,
    "weightedAverageShsOut": 1546254000,
    "weightedAverageShsOutDil": 1546254000,
    "link": "https://www.sec.gov/Archives/edgar/data/804328/000093639202000876/0000936392-02-000876-index.htm",
    "finalLink": "https://www.sec.gov/Archives/edgar/data/804328/000093639202000876/a83070e10vq.htm"
  },
  {
    "date": "2002-03-31",
    "symbol": "QCOM",
    "reportedCurrency": "USD",
    "cik": "0000804328",
    "fillingDate": "2002-04-24",
    "acceptedDate": "2002-04-24 00:00:00",
    "calendarYear": "2002",
    "period": "Q2",
    "revenue": 696115000,
    "costOfRevenue": 291914000,
    "grossProfit": 404201000,
    "grossProfitRatio": 0.5806526221,
    "researchAndDevelopmentExpenses": 116755000,
    "generalAndAdministrativeExpenses": 0,
    "sellingAndMarketingExpenses": 0,
    "sellingGeneralAndAdministrativeExpenses": 123960000,
    "otherExpenses": 63682000,
    "operatingExpenses": 304397000,
    "costAndExpenses": 596311000,
    "interestIncome": 0,
    "interestExpense": 0,
    "depreciationAndAmortization": 96793000,
    "ebitda": 99804000,
    "ebitdaratio": 0.1433728622,
    "operatingIncome": 99804000,
    "operatingIncomeRatio": 0.1433728622,
    "totalOtherIncomeExpensesNet": -31163000,
    "incomeBeforeTax": 68641000,
    "incomeBeforeTaxRatio": 0.0986058338,
    "incomeTaxExpense": 24711000,
    "netIncome": 43930000,
    "netIncomeRatio": 0.0631073889,
    "eps": 0.03,
    "epsdiluted": 0.025,
    "weightedAverageShsOut": 1535806000,
    "weightedAverageShsOutDil": 1617992000,
    "link": "https://www.sec.gov/Archives/edgar/data/804328/000093639202000464/0000936392-02-000464-index.htm",
    "finalLink": "https://www.sec.gov/Archives/edgar/data/804328/000093639202000464/a81020e10-q.htm"
  },
  {
    "date": "2001-12-30",
    "symbol": "QCOM",
    "reportedCurrency": "USD",
    "cik": "0000804328",
    "fillingDate": "2002-01-25",
    "acceptedDate": "2002-01-25 00:00:00",
    "calendarYear": "2002",
    "period": "Q1",
    "revenue": 698642000,
    "costOfRevenue": 245197000,
    "grossProfit": 453445000,
    "grossProfitRatio": 0.6490377046,
    "researchAndDevelopmentExpenses": 106868000,
    "generalAndAdministrativeExpenses": 0,
    "sellingAndMarketingExpenses": 0,
    "sellingGeneralAndAdministrativeExpenses": 100765000,
    "otherExpenses": 63731000,
    "operatingExpenses": 271364000,
    "costAndExpenses": 516561000,
    "interestIncome": 0,
    "interestExpense": 0,
    "depreciationAndAmortization": 83647000,
    "ebitda": 265728000,
    "ebitdaratio": 0.3803493062,
    "operatingIncome": 182081000,
    "operatingIncomeRatio": 0.2606213196,
    "totalOtherIncomeExpensesNet": 35470000,
    "incomeBeforeTax": 217551000,
    "incomeBeforeTaxRatio": 0.3113912419,
    "incomeTaxExpense": 78318000,
    "netIncome": 139233000,
    "netIncomeRatio": 0.1992909101,
    "eps": 0.09,
    "epsdiluted": 0.085,
    "weightedAverageShsOut": 1529918000,
    "weightedAverageShsOutDil": 1619148000,
    "link": "https://www.sec.gov/Archives/edgar/data/804328/000093639202000054/0000936392-02-000054-index.htm",
    "finalLink": "https://www.sec.gov/Archives/edgar/data/804328/000093639202000054/a78634e10-q.htm"
  },
  {
    "date": "2001-09-30",
    "symbol": "QCOM",
    "reportedCurrency": "USD",
    "cik": "0000804328",
    "fillingDate": "2001-11-09",
    "acceptedDate": "2001-11-09 00:00:00",
    "calendarYear": "2001",
    "period": "Q4",
    "revenue": 642483000,
    "costOfRevenue": 252815000,
    "grossProfit": 389668000,
    "grossProfitRatio": 0.6065032071,
    "researchAndDevelopmentExpenses": 114970000,
    "generalAndAdministrativeExpenses": 0,
    "sellingAndMarketingExpenses": 0,
    "sellingGeneralAndAdministrativeExpenses": 95744000,
    "otherExpenses": 97249000,
    "operatingExpenses": 307963000,
    "costAndExpenses": 560778000,
    "interestIncome": 0,
    "interestExpense": 0,
    "depreciationAndAmortization": 79867000,
    "ebitda": 161572000,
    "ebitdaratio": 0.2514805839,
    "operatingIncome": 81705000,
    "operatingIncomeRatio": 0.12717068,
    "totalOtherIncomeExpensesNet": -38862000,
    "incomeBeforeTax": 42843000,
    "incomeBeforeTaxRatio": 0.0666834764,
    "incomeTaxExpense": 90427000,
    "netIncome": -194336000,
    "netIncomeRatio": -0.3024764858,
    "eps": -0.13,
    "epsdiluted": -0.13,
    "weightedAverageShsOut": 1516100000,
    "weightedAverageShsOutDil": 1516100000,
    "link": "https://www.sec.gov/Archives/edgar/data/804328/000093639201500225/0000936392-01-500225-index.htm",
    "finalLink": "https://www.sec.gov/Archives/edgar/data/804328/000093639201500225/a76829e10-k.htm"
  },
  {
    "date": "2001-07-01",
    "symbol": "QCOM",
    "reportedCurrency": "USD",
    "cik": "0000804328",
    "fillingDate": "2001-07-27",
    "acceptedDate": "2001-07-27 00:00:00",
    "calendarYear": "2001",
    "period": "Q3",
    "revenue": 640027000,
    "costOfRevenue": 232870000,
    "grossProfit": 407157000,
    "grossProfitRatio": 0.6361559747,
    "researchAndDevelopmentExpenses": 107414000,
    "generalAndAdministrativeExpenses": 0,
    "sellingAndMarketingExpenses": 0,
    "sellingGeneralAndAdministrativeExpenses": 104175000,
    "otherExpenses": 90349000,
    "operatingExpenses": 301938000,
    "costAndExpenses": 534808000,
    "interestIncome": 0,
    "interestExpense": 16000,
    "depreciationAndAmortization": 78609000,
    "ebitda": 105219000,
    "ebitdaratio": 0.164397752,
    "operatingIncome": 105219000,
    "operatingIncomeRatio": 0.164397752,
    "totalOtherIncomeExpensesNet": -195301000,
    "incomeBeforeTax": -90082000,
    "incomeBeforeTaxRatio": -0.1407471872,
    "incomeTaxExpense": 184654000,
    "netIncome": -274736000,
    "netIncomeRatio": -0.4292568907,
    "eps": -0.18,
    "epsdiluted": -0.18,
    "weightedAverageShsOut": 1516100000,
    "weightedAverageShsOutDil": 1516100000,
    "link": "https://www.sec.gov/Archives/edgar/data/804328/000109581101503433/0001095811-01-503433-index.htm",
    "finalLink": "https://www.sec.gov/Archives/edgar/data/804328/000109581101503433/a74431e10-q.htm"
  },
  {
    "date": "2001-04-01",
    "symbol": "QCOM",
    "reportedCurrency": "USD",
    "cik": "0000804328",
    "fillingDate": "2001-04-26",
    "acceptedDate": "2001-04-26 00:00:00",
    "calendarYear": "2001",
    "period": "Q2",
    "revenue": 713255000,
    "costOfRevenue": 253497000,
    "grossProfit": 459758000,
    "grossProfitRatio": 0.6445913453,
    "researchAndDevelopmentExpenses": 106253000,
    "generalAndAdministrativeExpenses": 0,
    "sellingAndMarketingExpenses": 0,
    "sellingGeneralAndAdministrativeExpenses": 87272000,
    "otherExpenses": 55279000,
    "operatingExpenses": 248804000,
    "costAndExpenses": 502301000,
    "interestIncome": 0,
    "interestExpense": 0,
    "depreciationAndAmortization": 78634000,
    "ebitda": 290140000,
    "ebitdaratio": 0.4067829879,
    "operatingIncome": 210954000,
    "operatingIncomeRatio": 0.2957623851,
    "totalOtherIncomeExpensesNet": 97591000,
    "incomeBeforeTax": 308545000,
    "incomeBeforeTaxRatio": 0.4325872234,
    "incomeTaxExpense": 159473000,
    "netIncome": 149072000,
    "netIncomeRatio": 0.2090023904,
    "eps": 0.075,
    "epsdiluted": 0.07,
    "weightedAverageShsOut": 1509268000,
    "weightedAverageShsOutDil": 1613692000,
    "link": "https://www.sec.gov/Archives/edgar/data/804328/000093639201500076/0000936392-01-500076-index.htm",
    "finalLink": "https://www.sec.gov/Archives/edgar/data/804328/000093639201500076/a71824e10-q.htm"
  },
  {
    "date": "2000-12-31",
    "symbol": "QCOM",
    "reportedCurrency": "USD",
    "cik": "0000804328",
    "fillingDate": "2001-01-26",
    "acceptedDate": "2001-01-26 00:00:00",
    "calendarYear": "2001",
    "period": "Q1",
    "revenue": 684021000,
    "costOfRevenue": 295921000,
    "grossProfit": 388100000,
    "grossProfitRatio": 0.5673802412,
    "researchAndDevelopmentExpenses": 86123000,
    "generalAndAdministrativeExpenses": 0,
    "sellingAndMarketingExpenses": 0,
    "sellingGeneralAndAdministrativeExpenses": 79964000,
    "otherExpenses": 612961000,
    "operatingExpenses": 779048000,
    "costAndExpenses": 1074969000,
    "interestIncome": 0,
    "interestExpense": 0,
    "depreciationAndAmortization": 82701000,
    "ebitda": -342068000,
    "ebitdaratio": -0.5000840617,
    "operatingIncome": -390948000,
    "operatingIncomeRatio": -0.5715438561,
    "totalOtherIncomeExpensesNet": -322543000,
    "incomeBeforeTax": -687611000,
    "incomeBeforeTaxRatio": -1.0052483769,
    "incomeTaxExpense": -330053000,
    "netIncome": -228743000,
    "netIncomeRatio": -0.3344093237,
    "eps": -0.15,
    "epsdiluted": -0.15,
    "weightedAverageShsOut": 1498964000,
    "weightedAverageShsOutDil": 1498964000,
    "link": "https://www.sec.gov/Archives/edgar/data/804328/000091205701002967/0000912057-01-002967-index.htm",
    "finalLink": "https://www.sec.gov/Archives/edgar/data/804328/000091205701002967/a2036376z10-q.txt"
  },
  {
    "date": "2000-09-24",
    "symbol": "QCOM",
    "reportedCurrency": "USD",
    "cik": "0000804328",
    "fillingDate": "2000-11-03",
    "acceptedDate": "2000-11-03 00:00:00",
    "calendarYear": "2000",
    "period": "Q4",
    "revenue": 635445000,
    "costOfRevenue": 233026000,
    "grossProfit": 402419000,
    "grossProfitRatio": 0.6332869092,
    "researchAndDevelopmentExpenses": 85917000,
    "generalAndAdministrativeExpenses": 0,
    "sellingAndMarketingExpenses": 0,
    "sellingGeneralAndAdministrativeExpenses": 67070000,
    "otherExpenses": 75940000,
    "operatingExpenses": 228927000,
    "costAndExpenses": 461953000,
    "interestIncome": 0,
    "interestExpense": 0,
    "depreciationAndAmortization": 79770000,
    "ebitda": 253262000,
    "ebitdaratio": 0.3985584905,
    "operatingIncome": 173492000,
    "operatingIncomeRatio": 0.273024416,
    "totalOtherIncomeExpensesNet": 60521000,
    "incomeBeforeTax": 234013000,
    "incomeBeforeTaxRatio": 0.368266333,
    "incomeTaxExpense": 95338000,
    "netIncome": 138675000,
    "netIncomeRatio": 0.2182328919,
    "eps": 0.0925,
    "epsdiluted": 0.0925,
    "weightedAverageShsOut": 1491362000,
    "weightedAverageShsOutDil": 1498964000,
    "link": "https://www.sec.gov/Archives/edgar/data/804328/000091205700047095/0000912057-00-047095-index.htm",
    "finalLink": "https://www.sec.gov/Archives/edgar/data/804328/000091205700047095/a2029329z10-k.txt"
  },
  {
    "date": "2000-06-25",
    "symbol": "QCOM",
    "reportedCurrency": "USD",
    "cik": "0000804328",
    "fillingDate": "2000-07-25",
    "acceptedDate": "2000-07-25 00:00:00",
    "calendarYear": "2000",
    "period": "Q3",
    "revenue": 713521000,
    "costOfRevenue": 274952000,
    "grossProfit": 438569000,
    "grossProfitRatio": 0.6146546493,
    "researchAndDevelopmentExpenses": 80933000,
    "generalAndAdministrativeExpenses": 0,
    "sellingAndMarketingExpenses": 0,
    "sellingGeneralAndAdministrativeExpenses": 76696000,
    "otherExpenses": 63506000,
    "operatingExpenses": 221135000,
    "costAndExpenses": 496087000,
    "interestIncome": 0,
    "interestExpense": 0,
    "depreciationAndAmortization": 82678000,
    "ebitda": 300112000,
    "ebitdaratio": 0.420607102,
    "operatingIncome": 217434000,
    "operatingIncomeRatio": 0.3047338481,
    "totalOtherIncomeExpensesNet": 63840000,
    "incomeBeforeTax": 281274000,
    "incomeBeforeTaxRatio": 0.3942056366,
    "incomeTaxExpense": 126573000,
    "netIncome": 154701000,
    "netIncomeRatio": 0.2168135206,
    "eps": 0.11,
    "epsdiluted": 0.095,
    "weightedAverageShsOut": 1483470000,
    "weightedAverageShsOutDil": 1611014000,
    "link": "https://www.sec.gov/Archives/edgar/data/804328/000091205700032986/0000912057-00-032986-index.htm",
    "finalLink": "https://www.sec.gov/Archives/edgar/data/804328/000091205700032986/a10-q.txt"
  },
  {
    "date": "2000-03-26",
    "symbol": "QCOM",
    "reportedCurrency": "USD",
    "cik": "0000804328",
    "fillingDate": "2000-04-26",
    "acceptedDate": "2000-04-26 00:00:00",
    "calendarYear": "2000",
    "period": "Q2",
    "revenue": 727741000,
    "costOfRevenue": 350396000,
    "grossProfit": 377345000,
    "grossProfitRatio": 0.5185155158,
    "researchAndDevelopmentExpenses": 90153000,
    "generalAndAdministrativeExpenses": 0,
    "sellingAndMarketingExpenses": 0,
    "sellingGeneralAndAdministrativeExpenses": 97398000,
    "otherExpenses": 57973000,
    "operatingExpenses": 245524000,
    "costAndExpenses": 595920000,
    "interestIncome": 0,
    "interestExpense": 0,
    "depreciationAndAmortization": 46312000,
    "ebitda": 178133000,
    "ebitdaratio": 0.2447752703,
    "operatingIncome": 71791000,
    "operatingIncomeRatio": 0.0986491073,
    "totalOtherIncomeExpensesNet": 327277000,
    "incomeBeforeTax": 399068000,
    "incomeBeforeTaxRatio": 0.5483654212,
    "incomeTaxExpense": 199352000,
    "netIncome": 199716000,
    "netIncomeRatio": 0.2744327996,
    "eps": 0.14,
    "epsdiluted": 0.13,
    "weightedAverageShsOut": 1433636000,
    "weightedAverageShsOutDil": 1602776000,
    "link": "https://www.sec.gov/Archives/edgar/data/804328/000093639200000223/0000936392-00-000223-index.htm",
    "finalLink": "https://www.sec.gov/Archives/edgar/data/804328/000093639200000223/0000936392-00-000223.txt"
  },
  {
    "date": "1999-12-26",
    "symbol": "QCOM",
    "reportedCurrency": "USD",
    "cik": "0000804328",
    "fillingDate": "2000-01-28",
    "acceptedDate": "2000-01-28 00:00:00",
    "calendarYear": "2000",
    "period": "Q1",
    "revenue": 1120073000,
    "costOfRevenue": 648748000,
    "grossProfit": 471325000,
    "grossProfitRatio": 0.4207984658,
    "researchAndDevelopmentExpenses": 83404000,
    "generalAndAdministrativeExpenses": 0,
    "sellingAndMarketingExpenses": 0,
    "sellingGeneralAndAdministrativeExpenses": 101848000,
    "otherExpenses": 26152000,
    "operatingExpenses": 211404000,
    "costAndExpenses": 860152000,
    "interestIncome": 0,
    "interestExpense": 0,
    "depreciationAndAmortization": 35082000,
    "ebitda": 295003000,
    "ebitdaratio": 0.2633783691,
    "operatingIncome": 259921000,
    "operatingIncomeRatio": 0.2320571963,
    "totalOtherIncomeExpensesNet": 22529000,
    "incomeBeforeTax": 282450000,
    "incomeBeforeTaxRatio": 0.2521710639,
    "incomeTaxExpense": 105331000,
    "netIncome": 177119000,
    "netIncomeRatio": 0.1581316575,
    "eps": 0.14,
    "epsdiluted": 0.12,
    "weightedAverageShsOut": 1329172000,
    "weightedAverageShsOutDil": 1581654000,
    "link": "https://www.sec.gov/Archives/edgar/data/804328/000093639200000080/0000936392-00-000080-index.htm",
    "finalLink": "https://www.sec.gov/Archives/edgar/data/804328/000093639200000080/0000936392-00-000080.txt"
  },
  {
    "date": "1999-09-26",
    "symbol": "QCOM",
    "reportedCurrency": "USD",
    "cik": "0000804328",
    "fillingDate": "1999-11-17",
    "acceptedDate": "1999-11-17 00:00:00",
    "calendarYear": "1999",
    "period": "Q4",
    "revenue": 1059615000,
    "costOfRevenue": 621240000,
    "grossProfit": 438375000,
    "grossProfitRatio": 0.4137115839,
    "researchAndDevelopmentExpenses": 84273000,
    "generalAndAdministrativeExpenses": 0,
    "sellingAndMarketingExpenses": 0,
    "sellingGeneralAndAdministrativeExpenses": 95640000,
    "otherExpenses": 34838000,
    "operatingExpenses": 214751000,
    "costAndExpenses": 835991000,
    "interestIncome": 0,
    "interestExpense": 0,
    "depreciationAndAmortization": 31645000,
    "ebitda": 255269000,
    "ebitdaratio": 0.2409073107,
    "operatingIncome": 223624000,
    "operatingIncomeRatio": 0.21104269,
    "totalOtherIncomeExpensesNet": -13643000,
    "incomeBeforeTax": 209981000,
    "incomeBeforeTaxRatio": 0.1981672589,
    "incomeTaxExpense": 73960000,
    "netIncome": 136021000,
    "netIncomeRatio": 0.1283683225,
    "eps": 0.086,
    "epsdiluted": 0.086,
    "weightedAverageShsOut": 1581700000,
    "weightedAverageShsOutDil": 1581700000,
    "link": "https://www.sec.gov/Archives/edgar/data/804328/000093639299001354/0000936392-99-001354-index.htm",
    "finalLink": "https://www.sec.gov/Archives/edgar/data/804328/000093639299001354/"
  },
  {
    "date": "1999-06-27",
    "symbol": "QCOM",
    "reportedCurrency": "USD",
    "cik": "0000804328",
    "fillingDate": "1999-08-06",
    "acceptedDate": "1999-08-06 00:00:00",
    "calendarYear": "1999",
    "period": "Q3",
    "revenue": 1004066000,
    "costOfRevenue": 597667000,
    "grossProfit": 406399000,
    "grossProfitRatio": 0.4047532732,
    "researchAndDevelopmentExpenses": 93791000,
    "generalAndAdministrativeExpenses": 0,
    "sellingAndMarketingExpenses": 0,
    "sellingGeneralAndAdministrativeExpenses": 104884000,
    "otherExpenses": 109345000,
    "operatingExpenses": 308020000,
    "costAndExpenses": 905687000,
    "interestIncome": 0,
    "interestExpense": 0,
    "depreciationAndAmortization": 40065000,
    "ebitda": 138463000,
    "ebitdaratio": 0.1379022893,
    "operatingIncome": 98379000,
    "operatingIncomeRatio": 0.0979806108,
    "totalOtherIncomeExpensesNet": -7690000,
    "incomeBeforeTax": 90689000,
    "incomeBeforeTaxRatio": 0.0903217518,
    "incomeTaxExpense": 31741000,
    "netIncome": 58948000,
    "netIncomeRatio": 0.058709288,
    "eps": 0.05,
    "epsdiluted": 0.045,
    "weightedAverageShsOut": 1202320000,
    "weightedAverageShsOutDil": 1503064000,
    "link": "https://www.sec.gov/Archives/edgar/data/804328/000093639299000933/0000936392-99-000933-index.htm",
    "finalLink": "https://www.sec.gov/Archives/edgar/data/804328/000093639299000933/0000936392-99-000933.txt"
  },
  {
    "date": "1999-03-28",
    "symbol": "QCOM",
    "reportedCurrency": "USD",
    "cik": "0000804328",
    "fillingDate": "1999-05-11",
    "acceptedDate": "1999-05-11 00:00:00",
    "calendarYear": "1999",
    "period": "Q2",
    "revenue": 932395000,
    "costOfRevenue": 623775000,
    "grossProfit": 308620000,
    "grossProfitRatio": 0.330997056,
    "researchAndDevelopmentExpenses": 102713000,
    "generalAndAdministrativeExpenses": 0,
    "sellingAndMarketingExpenses": 0,
    "sellingGeneralAndAdministrativeExpenses": 104894000,
    "otherExpenses": 95824000,
    "operatingExpenses": 303431000,
    "costAndExpenses": 927206000,
    "interestIncome": 0,
    "interestExpense": 0,
    "depreciationAndAmortization": 42271000,
    "ebitda": 91889000,
    "ebitdaratio": 0.0985515795,
    "operatingIncome": 5189000,
    "operatingIncomeRatio": 0.0055652379,
    "totalOtherIncomeExpensesNet": -70757000,
    "incomeBeforeTax": -65568000,
    "incomeBeforeTaxRatio": -0.0703221274,
    "incomeTaxExpense": -22948000,
    "netIncome": -42620000,
    "netIncomeRatio": -0.0457102408,
    "eps": -0.04,
    "epsdiluted": -0.04,
    "weightedAverageShsOut": 1065500000,
    "weightedAverageShsOutDil": 1065500000,
    "link": "https://www.sec.gov/Archives/edgar/data/804328/000093639299000539/0000936392-99-000539-index.htm",
    "finalLink": "https://www.sec.gov/Archives/edgar/data/804328/0000936392-99-000539.txt"
  },
  {
    "date": "1998-12-27",
    "symbol": "QCOM",
    "reportedCurrency": "USD",
    "cik": "0000804328",
    "fillingDate": "1999-01-26",
    "acceptedDate": "1999-01-26 00:00:00",
    "calendarYear": "1999",
    "period": "Q1",
    "revenue": 941223000,
    "costOfRevenue": 642390000,
    "grossProfit": 298833000,
    "grossProfitRatio": 0.3174943664,
    "researchAndDevelopmentExpenses": 100362000,
    "generalAndAdministrativeExpenses": 0,
    "sellingAndMarketingExpenses": 0,
    "sellingGeneralAndAdministrativeExpenses": 120523000,
    "otherExpenses": 0,
    "operatingExpenses": 220885000,
    "costAndExpenses": 863275000,
    "interestIncome": 0,
    "interestExpense": 0,
    "depreciationAndAmortization": 44448000,
    "ebitda": 122300000,
    "ebitdaratio": 0.1299373262,
    "operatingIncome": 77948000,
    "operatingIncomeRatio": 0.0828156558,
    "totalOtherIncomeExpensesNet": -6300000,
    "incomeBeforeTax": 71584000,
    "incomeBeforeTaxRatio": 0.0760542401,
    "incomeTaxExpense": 23054000,
    "netIncome": 48530000,
    "netIncomeRatio": 0.051560576,
    "eps": 0.045,
    "epsdiluted": 0.04,
    "weightedAverageShsOut": 1077777778,
    "weightedAverageShsOutDil": 1212500000,
    "link": "https://www.sec.gov/Archives/edgar/data/804328/000093639299000055/0000936392-99-000055-index.htm",
    "finalLink": "https://www.sec.gov/Archives/edgar/data/804328/0000936392-99-000055.txt"
  },
  {
    "date": "1998-09-27",
    "symbol": "QCOM",
    "reportedCurrency": "USD",
    "cik": "0000804328",
    "fillingDate": "1998-11-23",
    "acceptedDate": "1998-11-23 00:00:00",
    "calendarYear": "1998",
    "period": "Q4",
    "revenue": 925966000,
    "costOfRevenue": 620772000,
    "grossProfit": 305194000,
    "grossProfitRatio": 0.3295952551,
    "researchAndDevelopmentExpenses": 104926000,
    "generalAndAdministrativeExpenses": 0,
    "sellingAndMarketingExpenses": 0,
    "sellingGeneralAndAdministrativeExpenses": 115152000,
    "otherExpenses": 0,
    "operatingExpenses": 220078000,
    "costAndExpenses": 840850000,
    "interestIncome": 0,
    "interestExpense": 0,
    "depreciationAndAmortization": 41021000,
    "ebitda": 126137000,
    "ebitdaratio": 0.1362220643,
    "operatingIncome": 85116000,
    "operatingIncomeRatio": 0.0919213016,
    "totalOtherIncomeExpensesNet": -27450000,
    "incomeBeforeTax": 57666000,
    "incomeBeforeTaxRatio": 0.0622765847,
    "incomeTaxExpense": 17750000,
    "netIncome": 39916000,
    "netIncomeRatio": 0.0431074143,
    "eps": 0.0336,
    "epsdiluted": 0.0336,
    "weightedAverageShsOut": 1129456000,
    "weightedAverageShsOutDil": 1187500000,
    "link": "https://www.sec.gov/Archives/edgar/data/804328/000093639298001564/0000936392-98-001564-index.htm",
    "finalLink": "https://www.sec.gov/Archives/edgar/data/804328/0000936392-98-001564.txt"
  },
  {
    "date": "1998-06-28",
    "symbol": "QCOM",
    "reportedCurrency": "USD",
    "cik": "0000804328",
    "fillingDate": "1998-07-27",
    "acceptedDate": "1998-07-27 00:00:00",
    "calendarYear": "1998",
    "period": "Q3",
    "revenue": 875497000,
    "costOfRevenue": 624680000,
    "grossProfit": 250817000,
    "grossProfitRatio": 0.2864852764,
    "researchAndDevelopmentExpenses": 92810000,
    "generalAndAdministrativeExpenses": 0,
    "sellingAndMarketingExpenses": 0,
    "sellingGeneralAndAdministrativeExpenses": 104654000,
    "otherExpenses": 0,
    "operatingExpenses": 197464000,
    "costAndExpenses": 822144000,
    "interestIncome": 0,
    "interestExpense": 0,
    "depreciationAndAmortization": 35752000,
    "ebitda": 89105000,
    "ebitdaratio": 0.1017764767,
    "operatingIncome": 53353000,
    "operatingIncomeRatio": 0.0609402431,
    "totalOtherIncomeExpensesNet": -45124000,
    "incomeBeforeTax": 8229000,
    "incomeBeforeTaxRatio": 0.0093992327,
    "incomeTaxExpense": 2386000,
    "netIncome": 5843000,
    "netIncomeRatio": 0.0066739235,
    "eps": 0.0051,
    "epsdiluted": 0.005,
    "weightedAverageShsOut": 1144168000,
    "weightedAverageShsOutDil": 1175070000,
    "link": "https://www.sec.gov/Archives/edgar/data/804328/000093639298001059/0000936392-98-001059-index.htm",
    "finalLink": "https://www.sec.gov/Archives/edgar/data/804328/0000936392-98-001059.txt"
  },
  {
    "date": "1998-03-29",
    "symbol": "QCOM",
    "reportedCurrency": "USD",
    "cik": "0000804328",
    "fillingDate": "1998-04-24",
    "acceptedDate": "1998-04-24 00:00:00",
    "calendarYear": "1998",
    "period": "Q2",
    "revenue": 760553000,
    "costOfRevenue": 534332000,
    "grossProfit": 226221000,
    "grossProfitRatio": 0.2974427818,
    "researchAndDevelopmentExpenses": 76946000,
    "generalAndAdministrativeExpenses": 0,
    "sellingAndMarketingExpenses": 0,
    "sellingGeneralAndAdministrativeExpenses": 97974000,
    "otherExpenses": 0,
    "operatingExpenses": 174920000,
    "costAndExpenses": 709252000,
    "interestIncome": 0,
    "interestExpense": 0,
    "depreciationAndAmortization": 34145000,
    "ebitda": 85446000,
    "ebitdaratio": 0.1123472,
    "operatingIncome": 51301000,
    "operatingIncomeRatio": 0.0674522354,
    "totalOtherIncomeExpensesNet": -25079000,
    "incomeBeforeTax": 26222000,
    "incomeBeforeTaxRatio": 0.0344775446,
    "incomeTaxExpense": 211000,
    "netIncome": 26011000,
    "netIncomeRatio": 0.0342001149,
    "eps": 0.0227,
    "epsdiluted": 0.0221,
    "weightedAverageShsOut": 1144168000,
    "weightedAverageShsOutDil": 1175070000,
    "link": "https://www.sec.gov/Archives/edgar/data/804328/000093639298000652/0000936392-98-000652-index.htm",
    "finalLink": "https://www.sec.gov/Archives/edgar/data/804328/0000936392-98-000652.txt"
  },
  {
    "date": "1997-12-28",
    "symbol": "QCOM",
    "reportedCurrency": "USD",
    "cik": "0000804328",
    "fillingDate": "1998-02-11",
    "acceptedDate": "1998-02-11 00:00:00",
    "calendarYear": "1998",
    "period": "Q1",
    "revenue": 785854000,
    "costOfRevenue": 553615000,
    "grossProfit": 232239000,
    "grossProfitRatio": 0.2955243595,
    "researchAndDevelopmentExpenses": 74801000,
    "generalAndAdministrativeExpenses": 0,
    "sellingAndMarketingExpenses": 0,
    "sellingGeneralAndAdministrativeExpenses": 92567000,
    "otherExpenses": 11976000,
    "operatingExpenses": 179344000,
    "costAndExpenses": 732959000,
    "interestIncome": 0,
    "interestExpense": 0,
    "depreciationAndAmortization": 30974000,
    "ebitda": 83869000,
    "ebitdaratio": 0.1067233863,
    "operatingIncome": 52895000,
    "operatingIncomeRatio": 0.0673089403,
    "totalOtherIncomeExpensesNet": 3662000,
    "incomeBeforeTax": 56557000,
    "incomeBeforeTaxRatio": 0.071968839,
    "incomeTaxExpense": 19795000,
    "netIncome": 36762000,
    "netIncomeRatio": 0.0467796817,
    "eps": 0.0321,
    "epsdiluted": 0.0313,
    "weightedAverageShsOut": 1144168000,
    "weightedAverageShsOutDil": 1175070000,
    "link": "https://www.sec.gov/Archives/edgar/data/804328/000093639298000170/0000936392-98-000170-index.htm",
    "finalLink": "https://www.sec.gov/Archives/edgar/data/804328/0000936392-98-000170.txt"
  },
  {
    "date": "1997-09-28",
    "symbol": "QCOM",
    "reportedCurrency": "USD",
    "cik": "0000804328",
    "fillingDate": "1997-12-03",
    "acceptedDate": "1997-12-03 00:00:00",
    "calendarYear": "1997",
    "period": "Q4",
    "revenue": 601419000,
    "costOfRevenue": 420179000,
    "grossProfit": 181240000,
    "grossProfitRatio": 0.3013539645,
    "researchAndDevelopmentExpenses": 71795000,
    "generalAndAdministrativeExpenses": 0,
    "sellingAndMarketingExpenses": 0,
    "sellingGeneralAndAdministrativeExpenses": 73611000,
    "otherExpenses": 0,
    "operatingExpenses": 145406000,
    "costAndExpenses": 565585000,
    "interestIncome": 0,
    "interestExpense": 0,
    "depreciationAndAmortization": 27710000,
    "ebitda": 63544000,
    "ebitdaratio": 0.1056567884,
    "operatingIncome": 35834000,
    "operatingIncomeRatio": 0.0595824209,
    "totalOtherIncomeExpensesNet": 2274000,
    "incomeBeforeTax": 38108000,
    "incomeBeforeTaxRatio": 0.0633634787,
    "incomeTaxExpense": 7990000,
    "netIncome": 30118000,
    "netIncomeRatio": 0.0500782316,
    "eps": 0.0254,
    "epsdiluted": 0.0254,
    "weightedAverageShsOut": 1186000000,
    "weightedAverageShsOutDil": 1186000000,
    "link": "https://www.sec.gov/Archives/edgar/data/804328/000093639297001609/0000936392-97-001609-index.htm",
    "finalLink": "https://www.sec.gov/Archives/edgar/data/804328/000093639297001609/"
  },
  {
    "date": "1997-06-29",
    "symbol": "QCOM",
    "reportedCurrency": "USD",
    "cik": "0000804328",
    "fillingDate": "1997-08-06",
    "acceptedDate": "1997-08-06 00:00:00",
    "calendarYear": "1997",
    "period": "Q3",
    "revenue": 520260000,
    "costOfRevenue": 355423000,
    "grossProfit": 164837000,
    "grossProfitRatio": 0.3168358129,
    "researchAndDevelopmentExpenses": 64843000,
    "generalAndAdministrativeExpenses": 0,
    "sellingAndMarketingExpenses": 0,
    "sellingGeneralAndAdministrativeExpenses": 66932000,
    "otherExpenses": 0,
    "operatingExpenses": 131775000,
    "costAndExpenses": 487198000,
    "interestIncome": 0,
    "interestExpense": 0,
    "depreciationAndAmortization": 24213000,
    "ebitda": 57275000,
    "ebitdaratio": 0.1100891862,
    "operatingIncome": 33062000,
    "operatingIncomeRatio": 0.0635489947,
    "totalOtherIncomeExpensesNet": 2769000,
    "incomeBeforeTax": 35831000,
    "incomeBeforeTaxRatio": 0.0688713336,
    "incomeTaxExpense": -114000,
    "netIncome": 35945000,
    "netIncomeRatio": 0.0690904548,
    "eps": 0.035,
    "epsdiluted": 0.0322,
    "weightedAverageShsOut": 145388000,
    "weightedAverageShsOutDil": 1118000000,
    "link": "https://www.sec.gov/Archives/edgar/data/804328/000093639297001041/0000936392-97-001041-index.htm",
    "finalLink": "https://www.sec.gov/Archives/edgar/data/804328/0000936392-97-001041.txt"
  },
  {
    "date": "1997-03-30",
    "symbol": "QCOM",
    "reportedCurrency": "USD",
    "cik": "0000804328",
    "fillingDate": "1997-05-07",
    "acceptedDate": "1997-05-07 00:00:00",
    "calendarYear": "1997",
    "period": "Q2",
    "revenue": 585746000,
    "costOfRevenue": 455194000,
    "grossProfit": 130552000,
    "grossProfitRatio": 0.2228815903,
    "researchAndDevelopmentExpenses": 53106000,
    "generalAndAdministrativeExpenses": 0,
    "sellingAndMarketingExpenses": 0,
    "sellingGeneralAndAdministrativeExpenses": 53112000,
    "otherExpenses": 8792000,
    "operatingExpenses": 115010000,
    "costAndExpenses": 570204000,
    "interestIncome": 0,
    "interestExpense": 0,
    "depreciationAndAmortization": 22671000,
    "ebitda": 38213000,
    "ebitdaratio": 0.0652381749,
    "operatingIncome": 15542000,
    "operatingIncomeRatio": 0.0265336852,
    "totalOtherIncomeExpensesNet": 6785000,
    "incomeBeforeTax": 22327000,
    "incomeBeforeTaxRatio": 0.0381172044,
    "incomeTaxExpense": 5582000,
    "netIncome": 16745000,
    "netIncomeRatio": 0.0285874765,
    "eps": 0.015,
    "epsdiluted": 0.015,
    "weightedAverageShsOut": 145642000,
    "weightedAverageShsOutDil": 1118000000,
    "link": "https://www.sec.gov/Archives/edgar/data/804328/000093639297000599/0000936392-97-000599-index.htm",
    "finalLink": "https://www.sec.gov/Archives/edgar/data/804328/0000936392-97-000599.txt"
  },
  {
    "date": "1996-12-31",
    "symbol": "QCOM",
    "reportedCurrency": "USD",
    "cik": "0000804328",
    "fillingDate": "1997-02-10",
    "acceptedDate": "1997-02-10 00:00:00",
    "calendarYear": "1997",
    "period": "Q1",
    "revenue": 388940000,
    "costOfRevenue": 287210000,
    "grossProfit": 101730000,
    "grossProfitRatio": 0.2615570525,
    "researchAndDevelopmentExpenses": 46178000,
    "generalAndAdministrativeExpenses": 0,
    "sellingAndMarketingExpenses": 0,
    "sellingGeneralAndAdministrativeExpenses": 42533000,
    "otherExpenses": 0,
    "operatingExpenses": 88711000,
    "costAndExpenses": 375921000,
    "interestIncome": 0,
    "interestExpense": 0,
    "depreciationAndAmortization": 19004000,
    "ebitda": 32023000,
    "ebitdaratio": 0.0823340361,
    "operatingIncome": 13019000,
    "operatingIncomeRatio": 0.0334730293,
    "totalOtherIncomeExpensesNet": -851000,
    "incomeBeforeTax": 12168000,
    "incomeBeforeTaxRatio": 0.0312850311,
    "incomeTaxExpense": 3042000,
    "netIncome": 9126000,
    "netIncomeRatio": 0.0234637733,
    "eps": 0.01,
    "epsdiluted": 0.0082,
    "weightedAverageShsOut": 141318000,
    "weightedAverageShsOutDil": 1118000000,
    "link": "https://www.sec.gov/Archives/edgar/data/804328/000093639297000127/0000936392-97-000127-index.htm",
    "finalLink": "https://www.sec.gov/Archives/edgar/data/804328/0000936392-97-000127.txt"
  },
  {
    "date": "1996-09-29",
    "symbol": "QCOM",
    "reportedCurrency": "USD",
    "cik": "0000804328",
    "fillingDate": "1996-12-03",
    "acceptedDate": "1996-12-03 00:00:00",
    "calendarYear": "1996",
    "period": "Q4",
    "revenue": 283200000,
    "costOfRevenue": 175700000,
    "grossProfit": 107500000,
    "grossProfitRatio": 0.3795903955,
    "researchAndDevelopmentExpenses": 48100000,
    "generalAndAdministrativeExpenses": 0,
    "sellingAndMarketingExpenses": 0,
    "sellingGeneralAndAdministrativeExpenses": 38300000,
    "otherExpenses": 17100000,
    "operatingExpenses": 103500000,
    "costAndExpenses": 279200000,
    "interestIncome": 0,
    "interestExpense": 0,
    "depreciationAndAmortization": 17100000,
    "ebitda": 21100000,
    "ebitdaratio": 0.0745056497,
    "operatingIncome": 4000000,
    "operatingIncomeRatio": 0.0141242938,
    "totalOtherIncomeExpensesNet": 6600000,
    "incomeBeforeTax": 10600000,
    "incomeBeforeTaxRatio": 0.0374293785,
    "incomeTaxExpense": 2700000,
    "netIncome": 7900000,
    "netIncomeRatio": 0.0278954802,
    "eps": 0.007,
    "epsdiluted": 0.007,
    "weightedAverageShsOut": 1124900000,
    "weightedAverageShsOutDil": 1124900000,
    "link": "https://www.sec.gov/Archives/edgar/data/804328/000093639296001149/0000936392-96-001149-index.htm",
    "finalLink": "https://www.sec.gov/Archives/edgar/data/804328/0000936392-96-001149.txt"
  },
  {
    "date": "1996-06-30",
    "symbol": "QCOM",
    "reportedCurrency": "USD",
    "cik": "0000804328",
    "fillingDate": "1996-08-08",
    "acceptedDate": "1996-08-08 00:00:00",
    "calendarYear": "1996",
    "period": "Q3",
    "revenue": 234900000,
    "costOfRevenue": 145300000,
    "grossProfit": 89600000,
    "grossProfitRatio": 0.3814389102,
    "researchAndDevelopmentExpenses": 46700000,
    "generalAndAdministrativeExpenses": 0,
    "sellingAndMarketingExpenses": 0,
    "sellingGeneralAndAdministrativeExpenses": 33300000,
    "otherExpenses": 15300000,
    "operatingExpenses": 95300000,
    "costAndExpenses": 240600000,
    "interestIncome": 0,
    "interestExpense": 0,
    "depreciationAndAmortization": 15300000,
    "ebitda": 5500000,
    "ebitdaratio": 0.0234142188,
    "operatingIncome": -5700000,
    "operatingIncomeRatio": -0.024265645,
    "totalOtherIncomeExpensesNet": 7500000,
    "incomeBeforeTax": 1800000,
    "incomeBeforeTaxRatio": 0.0076628352,
    "incomeTaxExpense": 300000,
    "netIncome": 1500000,
    "netIncomeRatio": 0.006385696,
    "eps": 0.0014,
    "epsdiluted": 0.0014,
    "weightedAverageShsOut": 1160000000,
    "weightedAverageShsOutDil": 1160000000,
    "link": "https://www.sec.gov/Archives/edgar/data/804328/000093639296000562/0000936392-96-000562-index.htm",
    "finalLink": "https://www.sec.gov/Archives/edgar/data/804328/0000936392-96-000562.txt"
  },
  {
    "date": "1996-03-31",
    "symbol": "QCOM",
    "reportedCurrency": "USD",
    "cik": "0000804328",
    "fillingDate": "1996-05-13",
    "acceptedDate": "1996-05-13 00:00:00",
    "calendarYear": "1996",
    "period": "Q2",
    "revenue": 149300000,
    "costOfRevenue": 85300000,
    "grossProfit": 64000000,
    "grossProfitRatio": 0.4286671132,
    "researchAndDevelopmentExpenses": 35300000,
    "generalAndAdministrativeExpenses": 0,
    "sellingAndMarketingExpenses": 0,
    "sellingGeneralAndAdministrativeExpenses": 25000000,
    "otherExpenses": 12200000,
    "operatingExpenses": 72500000,
    "costAndExpenses": 157800000,
    "interestIncome": 0,
    "interestExpense": 0,
    "depreciationAndAmortization": 12200000,
    "ebitda": 3700000,
    "ebitdaratio": 0.0247823175,
    "operatingIncome": -8500000,
    "operatingIncomeRatio": -0.056932351,
    "totalOtherIncomeExpensesNet": 8600000,
    "incomeBeforeTax": 100000,
    "incomeBeforeTaxRatio": 0.0006697924,
    "incomeTaxExpense": -1400000,
    "netIncome": 1500000,
    "netIncomeRatio": 0.0100468855,
    "eps": 0.0013,
    "epsdiluted": 0.0013,
    "weightedAverageShsOut": 1010000000,
    "weightedAverageShsOutDil": 1010000000,
    "link": "https://www.sec.gov/Archives/edgar/data/804328/000093639296000171/0000936392-96-000171-index.htm",
    "finalLink": "https://www.sec.gov/Archives/edgar/data/804328/0000936392-96-000171.txt"
  },
  {
    "date": "1995-12-31",
    "symbol": "QCOM",
    "reportedCurrency": "USD",
    "cik": "0000804328",
    "fillingDate": "1995-12-31",
    "acceptedDate": "1995-12-30 19:00:00",
    "calendarYear": "1996",
    "period": "Q1",
    "revenue": 146600000,
    "costOfRevenue": 85200000,
    "grossProfit": 61400000,
    "grossProfitRatio": 0.4188267394,
    "researchAndDevelopmentExpenses": 32200000,
    "generalAndAdministrativeExpenses": 0,
    "sellingAndMarketingExpenses": 0,
    "sellingGeneralAndAdministrativeExpenses": 26700000,
    "otherExpenses": 0,
    "operatingExpenses": 58900000,
    "costAndExpenses": 144100000,
    "interestIncome": 0,
    "interestExpense": 0,
    "depreciationAndAmortization": -7000000,
    "ebitda": -4500000,
    "ebitdaratio": -0.0306957708,
    "operatingIncome": 2500000,
    "operatingIncomeRatio": 0.017053206,
    "totalOtherIncomeExpensesNet": 11500000,
    "incomeBeforeTax": 14000000,
    "incomeBeforeTaxRatio": 0.0954979536,
    "incomeTaxExpense": 3900000,
    "netIncome": 10100000,
    "netIncomeRatio": 0.0688949523,
    "eps": 0.01,
    "epsdiluted": 0.01,
    "weightedAverageShsOut": 1010000000,
    "weightedAverageShsOutDil": 1010000000,
    "link": "",
    "finalLink": ""
  },
  {
    "date": "1995-09-30",
    "symbol": "QCOM",
    "reportedCurrency": "USD",
    "cik": "0000804328",
    "fillingDate": "1995-09-30",
    "acceptedDate": "1995-09-29 20:00:00",
    "calendarYear": "1995",
    "period": "Q4",
    "revenue": 121500000,
    "costOfRevenue": 59900000,
    "grossProfit": 61600000,
    "grossProfitRatio": 0.5069958848,
    "researchAndDevelopmentExpenses": 23700000,
    "generalAndAdministrativeExpenses": 0,
    "sellingAndMarketingExpenses": 0,
    "sellingGeneralAndAdministrativeExpenses": 19500000,
    "otherExpenses": 9400000,
    "operatingExpenses": 52600000,
    "costAndExpenses": 112500000,
    "interestIncome": 0,
    "interestExpense": 0,
    "depreciationAndAmortization": 9400000,
    "ebitda": 18400000,
    "ebitdaratio": 0.1514403292,
    "operatingIncome": 9000000,
    "operatingIncomeRatio": 0.0740740741,
    "totalOtherIncomeExpensesNet": 8600000,
    "incomeBeforeTax": 17600000,
    "incomeBeforeTaxRatio": 0.1448559671,
    "incomeTaxExpense": 6700000,
    "netIncome": 10900000,
    "netIncomeRatio": 0.0897119342,
    "eps": 0.0108,
    "epsdiluted": 0.0108,
    "weightedAverageShsOut": 1010000000,
    "weightedAverageShsOutDil": 1010000000,
    "link": "",
    "finalLink": ""
  }
]