[
  {
    "date": "2025-06-30",
    "symbol": "RCL",
    "reportedCurrency": "USD",
    "cik": "0000884887",
    "fillingDate": "2025-07-29",
    "acceptedDate": "2025-07-29 17:04:16",
    "calendarYear": "2025",
    "period": "Q2",
    "revenue": 4538000000,
    "costOfRevenue": 2283000000,
    "grossProfit": 2255000000,
    "grossProfitRatio": 0.4969149405,
    "researchAndDevelopmentExpenses": 0,
    "generalAndAdministrativeExpenses": 0,
    "sellingAndMarketingExpenses": 0,
    "sellingGeneralAndAdministrativeExpenses": 508000000,
    "otherExpenses": 417000000,
    "operatingExpenses": 925000000,
    "costAndExpenses": 3208000000,
    "interestIncome": 12000000,
    "interestExpense": 228000000,
    "depreciationAndAmortization": 417000000,
    "ebitda": 1855000000,
    "ebitdaratio": 0.4087703834,
    "operatingIncome": 1330000000,
    "operatingIncomeRatio": 0.2930806523,
    "totalOtherIncomeExpensesNet": -120000000,
    "incomeBeforeTax": 1210000000,
    "incomeBeforeTaxRatio": 0.2666372851,
    "incomeTaxExpense": 0,
    "netIncome": 1210000000,
    "netIncomeRatio": 0.2666372851,
    "eps": 4.45,
    "epsdiluted": 4.41,
    "weightedAverageShsOut": 272000000,
    "weightedAverageShsOutDil": 275000000,
    "link": "https://www.sec.gov/Archives/edgar/data/884887/000088488725000142/0000884887-25-000142-index.htm",
    "finalLink": "https://www.sec.gov/Archives/edgar/data/884887/000088488725000142/rcl-20250630.htm"
  },
  {
    "date": "2025-03-31",
    "symbol": "RCL",
    "reportedCurrency": "USD",
    "cik": "0000884887",
    "fillingDate": "2025-04-29",
    "acceptedDate": "2025-04-29 16:40:53",
    "calendarYear": "2025",
    "period": "Q1",
    "revenue": 3999000000,
    "costOfRevenue": 2078000000,
    "grossProfit": 1921000000,
    "grossProfitRatio": 0.4803700925,
    "researchAndDevelopmentExpenses": 0,
    "generalAndAdministrativeExpenses": 0,
    "sellingAndMarketingExpenses": 0,
    "sellingGeneralAndAdministrativeExpenses": 562000000,
    "otherExpenses": 414000000,
    "operatingExpenses": 976000000,
    "costAndExpenses": 3054000000,
    "interestIncome": 2000000,
    "interestExpense": 249000000,
    "depreciationAndAmortization": 412000000,
    "ebitda": 1398000000,
    "ebitdaratio": 0.3495873968,
    "operatingIncome": 945000000,
    "operatingIncomeRatio": 0.2363090773,
    "totalOtherIncomeExpensesNet": -208000000,
    "incomeBeforeTax": 737000000,
    "incomeBeforeTaxRatio": 0.184296074,
    "incomeTaxExpense": 0,
    "netIncome": 730000000,
    "netIncomeRatio": 0.1825456364,
    "eps": 2.71,
    "epsdiluted": 2.7,
    "weightedAverageShsOut": 269000000,
    "weightedAverageShsOutDil": 276000000,
    "link": "https://www.sec.gov/Archives/edgar/data/884887/000088488725000095/0000884887-25-000095-index.htm",
    "finalLink": "https://www.sec.gov/Archives/edgar/data/884887/000088488725000095/rcl-20250331.htm"
  },
  {
    "date": "2024-12-31",
    "symbol": "RCL",
    "reportedCurrency": "USD",
    "cik": "0000884887",
    "fillingDate": "2025-02-14",
    "acceptedDate": "2025-02-14 06:55:04",
    "calendarYear": "2024",
    "period": "Q4",
    "revenue": 3761000000,
    "costOfRevenue": 2052000000,
    "grossProfit": 1709000000,
    "grossProfitRatio": 0.4544004254,
    "researchAndDevelopmentExpenses": 0,
    "generalAndAdministrativeExpenses": 0,
    "sellingAndMarketingExpenses": 0,
    "sellingGeneralAndAdministrativeExpenses": 673000000,
    "otherExpenses": 412000000,
    "operatingExpenses": 1085000000,
    "costAndExpenses": 3137000000,
    "interestIncome": 3000000,
    "interestExpense": 266000000,
    "depreciationAndAmortization": 410000000,
    "ebitda": 1236000000,
    "ebitdaratio": 0.3286360011,
    "operatingIncome": 624000000,
    "operatingIncomeRatio": 0.1659133209,
    "totalOtherIncomeExpensesNet": -64000000,
    "incomeBeforeTax": 560000000,
    "incomeBeforeTaxRatio": 0.1488965701,
    "incomeTaxExpense": 0,
    "netIncome": 552000000,
    "netIncomeRatio": 0.1467694762,
    "eps": 2.02,
    "epsdiluted": 2,
    "weightedAverageShsOut": 269000000,
    "weightedAverageShsOutDil": 277000000,
    "link": "https://www.sec.gov/Archives/edgar/data/884887/000088488725000050/0000884887-25-000050-index.htm",
    "finalLink": "https://www.sec.gov/Archives/edgar/data/884887/000088488725000050/rcl-20241231.htm"
  },
  {
    "date": "2024-09-30",
    "symbol": "RCL",
    "reportedCurrency": "USD",
    "cik": "0000884887",
    "fillingDate": "2024-10-29",
    "acceptedDate": "2024-10-29 16:35:53",
    "calendarYear": "2024",
    "period": "Q3",
    "revenue": 4886000000,
    "costOfRevenue": 2391000000,
    "grossProfit": 2495000000,
    "grossProfitRatio": 0.5106426525,
    "researchAndDevelopmentExpenses": 0,
    "generalAndAdministrativeExpenses": 0,
    "sellingAndMarketingExpenses": 0,
    "sellingGeneralAndAdministrativeExpenses": 451000000,
    "otherExpenses": 410000000,
    "operatingExpenses": 861000000,
    "costAndExpenses": 3252000000,
    "interestIncome": 4000000,
    "interestExpense": 603000000,
    "depreciationAndAmortization": 410000000,
    "ebitda": 2128000000,
    "ebitdaratio": 0.435530086,
    "operatingIncome": 1634000000,
    "operatingIncomeRatio": 0.3344248874,
    "totalOtherIncomeExpensesNet": -519000000,
    "incomeBeforeTax": 1115000000,
    "incomeBeforeTaxRatio": 0.2282030291,
    "incomeTaxExpense": 0,
    "netIncome": 1111000000,
    "netIncomeRatio": 0.2273843635,
    "eps": 4.22,
    "epsdiluted": 4.21,
    "weightedAverageShsOut": 263000000,
    "weightedAverageShsOutDil": 264000000,
    "link": "https://www.sec.gov/Archives/edgar/data/884887/000088488724000147/0000884887-24-000147-index.htm",
    "finalLink": "https://www.sec.gov/Archives/edgar/data/884887/000088488724000147/rcl-20240930.htm"
  },
  {
    "date": "2024-06-30",
    "symbol": "RCL",
    "reportedCurrency": "USD",
    "cik": "0000884887",
    "fillingDate": "2024-07-25",
    "acceptedDate": "2024-07-25 16:45:32",
    "calendarYear": "2024",
    "period": "Q2",
    "revenue": 4110000000,
    "costOfRevenue": 2152000000,
    "grossProfit": 1958000000,
    "grossProfitRatio": 0.4763990268,
    "researchAndDevelopmentExpenses": 0,
    "generalAndAdministrativeExpenses": 0,
    "sellingAndMarketingExpenses": 0,
    "sellingGeneralAndAdministrativeExpenses": 466000000,
    "otherExpenses": 393000000,
    "operatingExpenses": 859000000,
    "costAndExpenses": 3011000000,
    "interestIncome": 4000000,
    "interestExpense": 298000000,
    "depreciationAndAmortization": 393000000,
    "ebitda": 1549000000,
    "ebitdaratio": 0.3768856448,
    "operatingIncome": 1099000000,
    "operatingIncomeRatio": 0.2673965937,
    "totalOtherIncomeExpensesNet": -241000000,
    "incomeBeforeTax": 858000000,
    "incomeBeforeTaxRatio": 0.2087591241,
    "incomeTaxExpense": 0,
    "netIncome": 854000000,
    "netIncomeRatio": 0.2077858881,
    "eps": 3.32,
    "epsdiluted": 3.11,
    "weightedAverageShsOut": 257000000,
    "weightedAverageShsOutDil": 281000000,
    "link": "https://www.sec.gov/Archives/edgar/data/884887/000088488724000130/0000884887-24-000130-index.htm",
    "finalLink": "https://www.sec.gov/Archives/edgar/data/884887/000088488724000130/rcl-20240630.htm"
  },
  {
    "date": "2024-03-31",
    "symbol": "RCL",
    "reportedCurrency": "USD",
    "cik": "0000884887",
    "fillingDate": "2024-04-25",
    "acceptedDate": "2024-04-25 17:15:56",
    "calendarYear": "2024",
    "period": "Q1",
    "revenue": 3728000000,
    "costOfRevenue": 2056000000,
    "grossProfit": 1672000000,
    "grossProfitRatio": 0.4484978541,
    "researchAndDevelopmentExpenses": 0,
    "generalAndAdministrativeExpenses": 0,
    "sellingAndMarketingExpenses": 0,
    "sellingGeneralAndAdministrativeExpenses": 535000000,
    "otherExpenses": 387000000,
    "operatingExpenses": 922000000,
    "costAndExpenses": 2978000000,
    "interestIncome": 5000000,
    "interestExpense": 424000000,
    "depreciationAndAmortization": 387000000,
    "ebitda": 1175000000,
    "ebitdaratio": 0.3151824034,
    "operatingIncome": 750000000,
    "operatingIncomeRatio": 0.2011802575,
    "totalOtherIncomeExpensesNet": -386000000,
    "incomeBeforeTax": 364000000,
    "incomeBeforeTaxRatio": 0.097639485,
    "incomeTaxExpense": 0,
    "netIncome": 360000000,
    "netIncomeRatio": 0.0965665236,
    "eps": 1.4,
    "epsdiluted": 1.35,
    "weightedAverageShsOut": 257000000,
    "weightedAverageShsOutDil": 281000000,
    "link": "https://www.sec.gov/Archives/edgar/data/884887/000088488724000108/0000884887-24-000108-index.htm",
    "finalLink": "https://www.sec.gov/Archives/edgar/data/884887/000088488724000108/rcl-20240331.htm"
  },
  {
    "date": "2023-12-31",
    "symbol": "RCL",
    "reportedCurrency": "USD",
    "cik": "0000884887",
    "fillingDate": "2024-02-21",
    "acceptedDate": "2024-02-21 17:14:53",
    "calendarYear": "2023",
    "period": "Q4",
    "revenue": 3331419000,
    "costOfRevenue": 1890359000,
    "grossProfit": 1441060000,
    "grossProfitRatio": 0.4325664229,
    "researchAndDevelopmentExpenses": 0,
    "generalAndAdministrativeExpenses": 0,
    "sellingAndMarketingExpenses": 0,
    "sellingGeneralAndAdministrativeExpenses": 503281000,
    "otherExpenses": 368077000,
    "operatingExpenses": 871358000,
    "costAndExpenses": 2761717000,
    "interestIncome": 4137000,
    "interestExpense": 346481000,
    "depreciationAndAmortization": 368077000,
    "ebitda": 993480000,
    "ebitdaratio": 0.298215265,
    "operatingIncome": 569702000,
    "operatingIncomeRatio": 0.1710088104,
    "totalOtherIncomeExpensesNet": -290780000,
    "incomeBeforeTax": 278922000,
    "incomeBeforeTaxRatio": 0.0837246831,
    "incomeTaxExpense": 0,
    "netIncome": 277073000,
    "netIncomeRatio": 0.0831696643,
    "eps": 1.09,
    "epsdiluted": 1.06,
    "weightedAverageShsOut": 256000000,
    "weightedAverageShsOutDil": 280000000,
    "link": "https://www.sec.gov/Archives/edgar/data/884887/000088488724000075/0000884887-24-000075-index.htm",
    "finalLink": "https://www.sec.gov/Archives/edgar/data/884887/000088488724000075/rcl-20231231.htm"
  },
  {
    "date": "2023-09-30",
    "symbol": "RCL",
    "reportedCurrency": "USD",
    "cik": "0000884887",
    "fillingDate": "2023-10-26",
    "acceptedDate": "2023-10-26 17:17:05",
    "calendarYear": "2023",
    "period": "Q3",
    "revenue": 4160000000,
    "costOfRevenue": 2137000000,
    "grossProfit": 2023000000,
    "grossProfitRatio": 0.4862980769,
    "researchAndDevelopmentExpenses": 0,
    "generalAndAdministrativeExpenses": 0,
    "sellingAndMarketingExpenses": 0,
    "sellingGeneralAndAdministrativeExpenses": 393000000,
    "otherExpenses": 365000000,
    "operatingExpenses": 758000000,
    "costAndExpenses": 2895000000,
    "interestIncome": 7000000,
    "interestExpense": 340000000,
    "depreciationAndAmortization": 366000000,
    "ebitda": 1717000000,
    "ebitdaratio": 0.4127403846,
    "operatingIncome": 1265000000,
    "operatingIncomeRatio": 0.3040865385,
    "totalOtherIncomeExpensesNet": -254000000,
    "incomeBeforeTax": 1011000000,
    "incomeBeforeTaxRatio": 0.2430288462,
    "incomeTaxExpense": 0,
    "netIncome": 1009000000,
    "netIncomeRatio": 0.2425480769,
    "eps": 3.94,
    "epsdiluted": 3.65,
    "weightedAverageShsOut": 256000000,
    "weightedAverageShsOutDil": 282000000,
    "link": "https://www.sec.gov/Archives/edgar/data/884887/000088488723000056/0000884887-23-000056-index.htm",
    "finalLink": "https://www.sec.gov/Archives/edgar/data/884887/000088488723000056/rcl-20230930.htm"
  },
  {
    "date": "2023-06-30",
    "symbol": "RCL",
    "reportedCurrency": "USD",
    "cik": "0000884887",
    "fillingDate": "2023-07-27",
    "acceptedDate": "2023-07-27 17:22:36",
    "calendarYear": "2023",
    "period": "Q2",
    "revenue": 3523000000,
    "costOfRevenue": 1955000000,
    "grossProfit": 1568000000,
    "grossProfitRatio": 0.44507522,
    "researchAndDevelopmentExpenses": 0,
    "generalAndAdministrativeExpenses": 0,
    "sellingAndMarketingExpenses": 0,
    "sellingGeneralAndAdministrativeExpenses": 435000000,
    "otherExpenses": 362000000,
    "operatingExpenses": 797000000,
    "costAndExpenses": 2752000000,
    "interestIncome": 10000000,
    "interestExpense": 355000000,
    "depreciationAndAmortization": 361000000,
    "ebitda": 1180000000,
    "ebitdaratio": 0.334941811,
    "operatingIncome": 771000000,
    "operatingIncomeRatio": 0.2188475731,
    "totalOtherIncomeExpensesNet": -308000000,
    "incomeBeforeTax": 463000000,
    "incomeBeforeTaxRatio": 0.1314220835,
    "incomeTaxExpense": 0,
    "netIncome": 459000000,
    "netIncomeRatio": 0.1302866875,
    "eps": 1.79,
    "epsdiluted": 1.7,
    "weightedAverageShsOut": 256000000,
    "weightedAverageShsOutDil": 282000000,
    "link": "https://www.sec.gov/Archives/edgar/data/884887/000088488723000044/0000884887-23-000044-index.htm",
    "finalLink": "https://www.sec.gov/Archives/edgar/data/884887/000088488723000044/rcl-20230630.htm"
  },
  {
    "date": "2023-03-31",
    "symbol": "RCL",
    "reportedCurrency": "USD",
    "cik": "0000884887",
    "fillingDate": "2023-05-04",
    "acceptedDate": "2023-05-04 16:45:17",
    "calendarYear": "2023",
    "period": "Q1",
    "revenue": 2886000000,
    "costOfRevenue": 1793000000,
    "grossProfit": 1093000000,
    "grossProfitRatio": 0.3787248787,
    "researchAndDevelopmentExpenses": 0,
    "generalAndAdministrativeExpenses": 0,
    "sellingAndMarketingExpenses": 0,
    "sellingGeneralAndAdministrativeExpenses": 461000000,
    "otherExpenses": 360000000,
    "operatingExpenses": 821000000,
    "costAndExpenses": 2614000000,
    "interestIncome": 15000000,
    "interestExpense": 360000000,
    "depreciationAndAmortization": 360000000,
    "ebitda": 672000000,
    "ebitdaratio": 0.2328482328,
    "operatingIncome": 272000000,
    "operatingIncomeRatio": 0.0942480942,
    "totalOtherIncomeExpensesNet": -320000000,
    "incomeBeforeTax": -48000000,
    "incomeBeforeTaxRatio": -0.0166320166,
    "incomeTaxExpense": 0,
    "netIncome": -48000000,
    "netIncomeRatio": -0.0166320166,
    "eps": -0.19,
    "epsdiluted": -0.19,
    "weightedAverageShsOut": 255000000,
    "weightedAverageShsOutDil": 255000000,
    "link": "https://www.sec.gov/Archives/edgar/data/884887/000088488723000018/0000884887-23-000018-index.htm",
    "finalLink": "https://www.sec.gov/Archives/edgar/data/884887/000088488723000018/rcl-20230331.htm"
  },
  {
    "date": "2022-12-31",
    "symbol": "RCL",
    "reportedCurrency": "USD",
    "cik": "0000884887",
    "fillingDate": "2023-02-23",
    "acceptedDate": "2023-02-23 17:28:20",
    "calendarYear": "2022",
    "period": "Q4",
    "revenue": 2603992000,
    "costOfRevenue": 1782442000,
    "grossProfit": 821550000,
    "grossProfitRatio": 0.315496361,
    "researchAndDevelopmentExpenses": 0,
    "generalAndAdministrativeExpenses": 0,
    "sellingAndMarketingExpenses": 0,
    "sellingGeneralAndAdministrativeExpenses": 444358000,
    "otherExpenses": 361741000,
    "operatingExpenses": 806099000,
    "costAndExpenses": 2588541000,
    "interestIncome": 14092000,
    "interestExpense": 431610000,
    "depreciationAndAmortization": 360595000,
    "ebitda": 291999000,
    "ebitdaratio": 0.1121351371,
    "operatingIncome": 15451000,
    "operatingIncomeRatio": 0.005933582,
    "totalOtherIncomeExpensesNet": -515657000,
    "incomeBeforeTax": -500206000,
    "incomeBeforeTaxRatio": -0.192091988,
    "incomeTaxExpense": 0,
    "netIncome": -500206000,
    "netIncomeRatio": -0.192091988,
    "eps": -1.96,
    "epsdiluted": -1.96,
    "weightedAverageShsOut": 255184000,
    "weightedAverageShsOutDil": 255184000,
    "link": "https://www.sec.gov/Archives/edgar/data/884887/000088488723000006/0000884887-23-000006-index.htm",
    "finalLink": "https://www.sec.gov/Archives/edgar/data/884887/000088488723000006/rcl-20221231.htm"
  },
  {
    "date": "2022-09-30",
    "symbol": "RCL",
    "reportedCurrency": "USD",
    "cik": "0000884887",
    "fillingDate": "2022-11-03",
    "acceptedDate": "2022-11-03 17:08:33",
    "calendarYear": "2022",
    "period": "Q3",
    "revenue": 2993075000,
    "costOfRevenue": 1966449000,
    "grossProfit": 1026626000,
    "grossProfitRatio": 0.343000426,
    "researchAndDevelopmentExpenses": 0,
    "generalAndAdministrativeExpenses": 0,
    "sellingAndMarketingExpenses": 0,
    "sellingGeneralAndAdministrativeExpenses": 373116000,
    "otherExpenses": 355085000,
    "operatingExpenses": 728201000,
    "costAndExpenses": 2694650000,
    "interestIncome": 11953000,
    "interestExpense": 352187000,
    "depreciationAndAmortization": 355085000,
    "ebitda": 740240000,
    "ebitdaratio": 0.247317558,
    "operatingIncome": 298425000,
    "operatingIncomeRatio": 0.0997051527,
    "totalOtherIncomeExpensesNet": -265457000,
    "incomeBeforeTax": 32968000,
    "incomeBeforeTaxRatio": 0.0110147591,
    "incomeTaxExpense": 0,
    "netIncome": 32968000,
    "netIncomeRatio": 0.0110147591,
    "eps": 0.13,
    "epsdiluted": 0.13,
    "weightedAverageShsOut": 255071000,
    "weightedAverageShsOutDil": 255378000,
    "link": "https://www.sec.gov/Archives/edgar/data/884887/000088488722000038/0000884887-22-000038-index.htm",
    "finalLink": "https://www.sec.gov/Archives/edgar/data/884887/000088488722000038/rcl-20220930.htm"
  },
  {
    "date": "2022-06-30",
    "symbol": "RCL",
    "reportedCurrency": "USD",
    "cik": "0000884887",
    "fillingDate": "2022-07-29",
    "acceptedDate": "2022-07-29 17:29:37",
    "calendarYear": "2022",
    "period": "Q2",
    "revenue": 2184242000,
    "costOfRevenue": 1679919000,
    "grossProfit": 504323000,
    "grossProfitRatio": 0.2308915404,
    "researchAndDevelopmentExpenses": 0,
    "generalAndAdministrativeExpenses": 0,
    "sellingAndMarketingExpenses": 0,
    "sellingGeneralAndAdministrativeExpenses": 371425000,
    "otherExpenses": 351542000,
    "operatingExpenses": 722967000,
    "costAndExpenses": 2402886000,
    "interestIncome": 6490000,
    "interestExpense": 302706000,
    "depreciationAndAmortization": 351542000,
    "ebitda": 132666000,
    "ebitdaratio": 0.0607377754,
    "operatingIncome": -218644000,
    "operatingIncomeRatio": -0.1001006299,
    "totalOtherIncomeExpensesNet": -302938000,
    "incomeBeforeTax": -521582000,
    "incomeBeforeTaxRatio": -0.2387931374,
    "incomeTaxExpense": 0,
    "netIncome": -521582000,
    "netIncomeRatio": -0.2387931374,
    "eps": -2.05,
    "epsdiluted": -2.05,
    "weightedAverageShsOut": 254964000,
    "weightedAverageShsOutDil": 254964000,
    "link": "https://www.sec.gov/Archives/edgar/data/884887/000088488722000028/0000884887-22-000028-index.htm",
    "finalLink": "https://www.sec.gov/Archives/edgar/data/884887/000088488722000028/rcl-20220630.htm"
  },
  {
    "date": "2022-03-31",
    "symbol": "RCL",
    "reportedCurrency": "USD",
    "cik": "0000884887",
    "fillingDate": "2022-05-05",
    "acceptedDate": "2022-05-05 17:15:58",
    "calendarYear": "2022",
    "period": "Q1",
    "revenue": 1059231000,
    "costOfRevenue": 1184942000,
    "grossProfit": -125711000,
    "grossProfitRatio": -0.118681383,
    "researchAndDevelopmentExpenses": 0,
    "generalAndAdministrativeExpenses": 0,
    "sellingAndMarketingExpenses": 0,
    "sellingGeneralAndAdministrativeExpenses": 394030000,
    "otherExpenses": 339467000,
    "operatingExpenses": 733497000,
    "costAndExpenses": 1918439000,
    "interestIncome": 3322000,
    "interestExpense": 277659000,
    "depreciationAndAmortization": 339467000,
    "ebitda": -550016000,
    "ebitdaratio": -0.5192597271,
    "operatingIncome": -859208000,
    "operatingIncomeRatio": -0.81116206,
    "totalOtherIncomeExpensesNet": -307934000,
    "incomeBeforeTax": -1167142000,
    "incomeBeforeTaxRatio": -1.1018767389,
    "incomeTaxExpense": 0,
    "netIncome": -1167142000,
    "netIncomeRatio": -1.1018767389,
    "eps": -4.58,
    "epsdiluted": -4.58,
    "weightedAverageShsOut": 254821000,
    "weightedAverageShsOutDil": 254821000,
    "link": "https://www.sec.gov/Archives/edgar/data/884887/000088488722000018/0000884887-22-000018-index.htm",
    "finalLink": "https://www.sec.gov/Archives/edgar/data/884887/000088488722000018/rcl-20220331.htm"
  },
  {
    "date": "2021-12-31",
    "symbol": "RCL",
    "reportedCurrency": "USD",
    "cik": "0000884887",
    "fillingDate": "2022-03-01",
    "acceptedDate": "2022-03-01 09:15:18",
    "calendarYear": "2021",
    "period": "Q4",
    "revenue": 982247000,
    "costOfRevenue": 1135504000,
    "grossProfit": -153257000,
    "grossProfitRatio": -0.1560269464,
    "researchAndDevelopmentExpenses": 0,
    "generalAndAdministrativeExpenses": 0,
    "sellingAndMarketingExpenses": 0,
    "sellingGeneralAndAdministrativeExpenses": 503055000,
    "otherExpenses": 375433000,
    "operatingExpenses": 878488000,
    "costAndExpenses": 2013992000,
    "interestIncome": 3456000,
    "interestExpense": 283767000,
    "depreciationAndAmortization": 333366000,
    "ebitda": -739835000,
    "ebitdaratio": -0.7532066782,
    "operatingIncome": -1031745000,
    "operatingIncomeRatio": -1.0503926202,
    "totalOtherIncomeExpensesNet": -325223000,
    "incomeBeforeTax": -1356968000,
    "incomeBeforeTaxRatio": -1.3814936569,
    "incomeTaxExpense": 0,
    "netIncome": -1356968000,
    "netIncomeRatio": -1.3814936569,
    "eps": -5.33,
    "epsdiluted": -5.33,
    "weightedAverageShsOut": 254792000,
    "weightedAverageShsOutDil": 254792000,
    "link": "https://www.sec.gov/Archives/edgar/data/884887/000088488722000008/0000884887-22-000008-index.htm",
    "finalLink": "https://www.sec.gov/Archives/edgar/data/884887/000088488722000008/rcl-20211231.htm"
  },
  {
    "date": "2021-09-30",
    "symbol": "RCL",
    "reportedCurrency": "USD",
    "cik": "0000884887",
    "fillingDate": "2021-10-29",
    "acceptedDate": "2021-10-29 17:23:21",
    "calendarYear": "2021",
    "period": "Q3",
    "revenue": 456958000,
    "costOfRevenue": 813691000,
    "grossProfit": -356733000,
    "grossProfitRatio": -0.7806691206,
    "researchAndDevelopmentExpenses": 0,
    "generalAndAdministrativeExpenses": 0,
    "sellingAndMarketingExpenses": 0,
    "sellingGeneralAndAdministrativeExpenses": 323422000,
    "otherExpenses": 325669000,
    "operatingExpenses": 649091000,
    "costAndExpenses": 1462782000,
    "interestIncome": 3786000,
    "interestExpense": 430661000,
    "depreciationAndAmortization": 325907000,
    "ebitda": -667986000,
    "ebitdaratio": -1.4618104946,
    "operatingIncome": -1005824000,
    "operatingIncomeRatio": -2.201130082,
    "totalOtherIncomeExpensesNet": -418730000,
    "incomeBeforeTax": -1424554000,
    "incomeBeforeTaxRatio": -3.1174725029,
    "incomeTaxExpense": 0,
    "netIncome": -1424554000,
    "netIncomeRatio": -3.1174725029,
    "eps": -5.59,
    "epsdiluted": -5.59,
    "weightedAverageShsOut": 254713000,
    "weightedAverageShsOutDil": 254713000,
    "link": "https://www.sec.gov/Archives/edgar/data/884887/000088488721000028/0000884887-21-000028-index.htm",
    "finalLink": "https://www.sec.gov/Archives/edgar/data/884887/000088488721000028/rcl-20210930.htm"
  },
  {
    "date": "2021-06-30",
    "symbol": "RCL",
    "reportedCurrency": "USD",
    "cik": "0000884887",
    "fillingDate": "2021-08-05",
    "acceptedDate": "2021-08-05 09:01:45",
    "calendarYear": "2021",
    "period": "Q2",
    "revenue": 50914000,
    "costOfRevenue": 424830000,
    "grossProfit": -373916000,
    "grossProfitRatio": -7.3440703932,
    "researchAndDevelopmentExpenses": 0,
    "generalAndAdministrativeExpenses": 0,
    "sellingAndMarketingExpenses": 0,
    "sellingGeneralAndAdministrativeExpenses": 285558000,
    "otherExpenses": 364060000,
    "operatingExpenses": 649618000,
    "costAndExpenses": 1074448000,
    "interestIncome": 4670000,
    "interestExpense": 304811000,
    "depreciationAndAmortization": 323439000,
    "ebitda": -719005000,
    "ebitdaratio": -14.1219507405,
    "operatingIncome": -1023534000,
    "operatingIncomeRatio": -20.1031936206,
    "totalOtherIncomeExpensesNet": -323721000,
    "incomeBeforeTax": -1347255000,
    "incomeBeforeTaxRatio": -26.4613858664,
    "incomeTaxExpense": 0,
    "netIncome": -1347255000,
    "netIncomeRatio": -26.4613858664,
    "eps": -5.29,
    "epsdiluted": -5.29,
    "weightedAverageShsOut": 254577000,
    "weightedAverageShsOutDil": 254577000,
    "link": "https://www.sec.gov/Archives/edgar/data/884887/000088488721000018/0000884887-21-000018-index.htm",
    "finalLink": "https://www.sec.gov/Archives/edgar/data/884887/000088488721000018/rcl-20210630.htm"
  },
  {
    "date": "2021-03-31",
    "symbol": "RCL",
    "reportedCurrency": "USD",
    "cik": "0000884887",
    "fillingDate": "2021-04-29",
    "acceptedDate": "2021-04-29 17:24:11",
    "calendarYear": "2021",
    "period": "Q1",
    "revenue": 42014000,
    "costOfRevenue": 283487000,
    "grossProfit": -241473000,
    "grossProfitRatio": -5.7474413291,
    "researchAndDevelopmentExpenses": 0,
    "generalAndAdministrativeExpenses": 0,
    "sellingAndMarketingExpenses": 0,
    "sellingGeneralAndAdministrativeExpenses": 258041000,
    "otherExpenses": 309717000,
    "operatingExpenses": 567758000,
    "costAndExpenses": 851245000,
    "interestIncome": 4861000,
    "interestExpense": 272514000,
    "depreciationAndAmortization": 310166000,
    "ebitda": -549042000,
    "ebitdaratio": -13.0680725472,
    "operatingIncome": -809231000,
    "operatingIncomeRatio": -19.2609844338,
    "totalOtherIncomeExpensesNet": -322491000,
    "incomeBeforeTax": -1131722000,
    "incomeBeforeTaxRatio": -26.9367829771,
    "incomeTaxExpense": 0,
    "netIncome": -1131722000,
    "netIncomeRatio": -26.9367829771,
    "eps": -4.66,
    "epsdiluted": -4.66,
    "weightedAverageShsOut": 243004000,
    "weightedAverageShsOutDil": 243004000,
    "link": "https://www.sec.gov/Archives/edgar/data/884887/000088488721000011/0000884887-21-000011-index.htm",
    "finalLink": "https://www.sec.gov/Archives/edgar/data/884887/000088488721000011/rcl-20210331.htm"
  },
  {
    "date": "2020-12-31",
    "symbol": "RCL",
    "reportedCurrency": "USD",
    "cik": "0000884887",
    "fillingDate": "2021-02-26",
    "acceptedDate": "2021-02-26 16:26:58",
    "calendarYear": "2020",
    "period": "Q4",
    "revenue": 34138000,
    "costOfRevenue": 265260000,
    "grossProfit": -231122000,
    "grossProfitRatio": -6.7702267268,
    "researchAndDevelopmentExpenses": 0,
    "generalAndAdministrativeExpenses": 0,
    "sellingAndMarketingExpenses": 0,
    "sellingGeneralAndAdministrativeExpenses": 255533000,
    "otherExpenses": 529894000,
    "operatingExpenses": 785427000,
    "costAndExpenses": 1050687000,
    "interestIncome": 5279000,
    "interestExpense": 273089000,
    "depreciationAndAmortization": 318028000,
    "ebitda": -775818000,
    "ebitdaratio": -22.7259359072,
    "operatingIncome": -1016549000,
    "operatingIncomeRatio": -29.777637823,
    "totalOtherIncomeExpensesNet": -350386000,
    "incomeBeforeTax": -1366935000,
    "incomeBeforeTaxRatio": -40.0414494112,
    "incomeTaxExpense": 0,
    "netIncome": -1366935000,
    "netIncomeRatio": -40.0414494112,
    "eps": -6.09,
    "epsdiluted": -6.09,
    "weightedAverageShsOut": 224584000,
    "weightedAverageShsOutDil": 224584000,
    "link": "https://www.sec.gov/Archives/edgar/data/884887/000088488721000006/0000884887-21-000006-index.htm",
    "finalLink": "https://www.sec.gov/Archives/edgar/data/884887/000088488721000006/rcl-20201231.htm"
  },
  {
    "date": "2020-09-30",
    "symbol": "RCL",
    "reportedCurrency": "USD",
    "cik": "0000884887",
    "fillingDate": "2020-11-04",
    "acceptedDate": "2020-11-04 07:57:40",
    "calendarYear": "2020",
    "period": "Q3",
    "revenue": -33688000,
    "costOfRevenue": 308609000,
    "grossProfit": -342297000,
    "grossProfitRatio": 10.1607990976,
    "researchAndDevelopmentExpenses": 0,
    "generalAndAdministrativeExpenses": 0,
    "sellingAndMarketingExpenses": 0,
    "sellingGeneralAndAdministrativeExpenses": 246779000,
    "otherExpenses": 407038000,
    "operatingExpenses": 653817000,
    "costAndExpenses": 962426000,
    "interestIncome": 5017000,
    "interestExpense": 259349000,
    "depreciationAndAmortization": 317139000,
    "ebitda": -762824000,
    "ebitdaratio": 22.6437900736,
    "operatingIncome": -996114000,
    "operatingIncomeRatio": 29.5688078841,
    "totalOtherIncomeExpensesNet": -343198000,
    "incomeBeforeTax": -1339312000,
    "incomeBeforeTaxRatio": 39.7563524104,
    "incomeTaxExpense": 0,
    "netIncome": -1346756000,
    "netIncomeRatio": 39.9773213014,
    "eps": -6.29,
    "epsdiluted": -6.29,
    "weightedAverageShsOut": 214163000,
    "weightedAverageShsOutDil": 214163000,
    "link": "https://www.sec.gov/Archives/edgar/data/884887/000088488720000049/0000884887-20-000049-index.htm",
    "finalLink": "https://www.sec.gov/Archives/edgar/data/884887/000088488720000049/rcl-20200930.htm"
  },
  {
    "date": "2020-06-30",
    "symbol": "RCL",
    "reportedCurrency": "USD",
    "cik": "0000884887",
    "fillingDate": "2020-08-10",
    "acceptedDate": "2020-08-10 17:31:25",
    "calendarYear": "2020",
    "period": "Q2",
    "revenue": 175605000,
    "costOfRevenue": 680420000,
    "grossProfit": -504815000,
    "grossProfitRatio": -2.8747188292,
    "researchAndDevelopmentExpenses": 0,
    "generalAndAdministrativeExpenses": 0,
    "sellingAndMarketingExpenses": 0,
    "sellingGeneralAndAdministrativeExpenses": 301418000,
    "otherExpenses": 476254000,
    "operatingExpenses": 777672000,
    "costAndExpenses": 1458092000,
    "interestIncome": 5206000,
    "interestExpense": 218889000,
    "depreciationAndAmortization": 319757000,
    "ebitda": -1093205000,
    "ebitdaratio": -6.2253637425,
    "operatingIncome": -1282487000,
    "operatingIncomeRatio": -7.3032487685,
    "totalOtherIncomeExpensesNet": -349364000,
    "incomeBeforeTax": -1631851000,
    "incomeBeforeTaxRatio": -9.2927365394,
    "incomeTaxExpense": 0,
    "netIncome": -1639292000,
    "netIncomeRatio": -9.3351100481,
    "eps": -7.83,
    "epsdiluted": -7.83,
    "weightedAverageShsOut": 209385000,
    "weightedAverageShsOutDil": 209385000,
    "link": "https://www.sec.gov/Archives/edgar/data/884887/000088488720000037/0000884887-20-000037-index.htm",
    "finalLink": "https://www.sec.gov/Archives/edgar/data/884887/000088488720000037/rcl-20200630.htm"
  },
  {
    "date": "2020-03-31",
    "symbol": "RCL",
    "reportedCurrency": "USD",
    "cik": "0000884887",
    "fillingDate": "2020-05-21",
    "acceptedDate": "2020-05-21 09:05:32",
    "calendarYear": "2020",
    "period": "Q1",
    "revenue": 2032750000,
    "costOfRevenue": 1510819000,
    "grossProfit": 521931000,
    "grossProfitRatio": 0.256761038,
    "researchAndDevelopmentExpenses": 0,
    "generalAndAdministrativeExpenses": 0,
    "sellingAndMarketingExpenses": 0,
    "sellingGeneralAndAdministrativeExpenses": 395890000,
    "otherExpenses": 1432448000,
    "operatingExpenses": 1828338000,
    "costAndExpenses": 3339157000,
    "interestIncome": 5534000,
    "interestExpense": 92911000,
    "depreciationAndAmortization": 324330000,
    "ebitda": -1019794000,
    "ebitdaratio": -0.5016819579,
    "operatingIncome": -1306407000,
    "operatingIncomeRatio": -0.6426796212,
    "totalOtherIncomeExpensesNet": -130628000,
    "incomeBeforeTax": -1437035000,
    "incomeBeforeTaxRatio": -0.7069413356,
    "incomeTaxExpense": 0,
    "netIncome": -1444479000,
    "netIncomeRatio": -0.7106033698,
    "eps": -6.91,
    "epsdiluted": -6.91,
    "weightedAverageShsOut": 209097000,
    "weightedAverageShsOutDil": 209097000,
    "link": "https://www.sec.gov/Archives/edgar/data/884887/000088488720000029/0000884887-20-000029-index.htm",
    "finalLink": "https://www.sec.gov/Archives/edgar/data/884887/000088488720000029/rcl-20200331.htm"
  },
  {
    "date": "2019-12-31",
    "symbol": "RCL",
    "reportedCurrency": "USD",
    "cik": "0000884887",
    "fillingDate": "2020-02-25",
    "acceptedDate": "2020-02-25 17:13:38",
    "calendarYear": "2019",
    "period": "Q4",
    "revenue": 2517413000,
    "costOfRevenue": 1481519000,
    "grossProfit": 1035894000,
    "grossProfitRatio": 0.4114914795,
    "researchAndDevelopmentExpenses": 0,
    "generalAndAdministrativeExpenses": 0,
    "sellingAndMarketingExpenses": 0,
    "sellingGeneralAndAdministrativeExpenses": 414707000,
    "otherExpenses": 321762000,
    "operatingExpenses": 736469000,
    "costAndExpenses": 2217988000,
    "interestIncome": 5194000,
    "interestExpense": 94756000,
    "depreciationAndAmortization": 321762000,
    "ebitda": 696992000,
    "ebitdaratio": 0.2768683565,
    "operatingIncome": 299425000,
    "operatingIncomeRatio": 0.1189415483,
    "totalOtherIncomeExpensesNet": -18951000,
    "incomeBeforeTax": 280474000,
    "incomeBeforeTaxRatio": 0.1114135821,
    "incomeTaxExpense": 0,
    "netIncome": 273136000,
    "netIncomeRatio": 0.108498685,
    "eps": 1.31,
    "epsdiluted": 1.3,
    "weightedAverageShsOut": 209193000,
    "weightedAverageShsOutDil": 209767000,
    "link": "https://www.sec.gov/Archives/edgar/data/884887/000088488720000009/0000884887-20-000009-index.htm",
    "finalLink": "https://www.sec.gov/Archives/edgar/data/884887/000088488720000009/rcl-20191231.htm"
  },
  {
    "date": "2019-09-30",
    "symbol": "RCL",
    "reportedCurrency": "USD",
    "cik": "0000884887",
    "fillingDate": "2019-10-30",
    "acceptedDate": "2019-10-30 17:28:26",
    "calendarYear": "2019",
    "period": "Q3",
    "revenue": 3186850000,
    "costOfRevenue": 1623038000,
    "grossProfit": 1563812000,
    "grossProfitRatio": 0.4907077522,
    "researchAndDevelopmentExpenses": 0,
    "generalAndAdministrativeExpenses": 0,
    "sellingAndMarketingExpenses": 0,
    "sellingGeneralAndAdministrativeExpenses": 352725000,
    "otherExpenses": 320295000,
    "operatingExpenses": 673020000,
    "costAndExpenses": 2296058000,
    "interestIncome": 5625000,
    "interestExpense": 102038000,
    "depreciationAndAmortization": 320295000,
    "ebitda": 1312698000,
    "ebitdaratio": 0.411910821,
    "operatingIncome": 890792000,
    "operatingIncomeRatio": 0.2795211573,
    "totalOtherIncomeExpensesNet": -427000,
    "incomeBeforeTax": 890365000,
    "incomeBeforeTaxRatio": 0.2793871691,
    "incomeTaxExpense": 0,
    "netIncome": 883240000,
    "netIncomeRatio": 0.2771514191,
    "eps": 4.21,
    "epsdiluted": 4.2,
    "weightedAverageShsOut": 209575000,
    "weightedAverageShsOutDil": 210121000,
    "link": "https://www.sec.gov/Archives/edgar/data/884887/000088488719000046/0000884887-19-000046-index.htm",
    "finalLink": "https://www.sec.gov/Archives/edgar/data/884887/000088488719000046/a2019q310q.htm"
  },
  {
    "date": "2019-06-30",
    "symbol": "RCL",
    "reportedCurrency": "USD",
    "cik": "0000884887",
    "fillingDate": "2019-07-26",
    "acceptedDate": "2019-07-25 18:01:10",
    "calendarYear": "2019",
    "period": "Q2",
    "revenue": 2806631000,
    "costOfRevenue": 1544504000,
    "grossProfit": 1262127000,
    "grossProfitRatio": 0.4496946695,
    "researchAndDevelopmentExpenses": 0,
    "generalAndAdministrativeExpenses": 0,
    "sellingAndMarketingExpenses": 0,
    "sellingGeneralAndAdministrativeExpenses": 376874000,
    "otherExpenses": 311600000,
    "operatingExpenses": 688474000,
    "costAndExpenses": 2232978000,
    "interestIncome": 6342000,
    "interestExpense": 111304000,
    "depreciationAndAmortization": 311600000,
    "ebitda": 902859000,
    "ebitdaratio": 0.3216878172,
    "operatingIncome": 573653000,
    "operatingIncomeRatio": 0.2043920273,
    "totalOtherIncomeExpensesNet": -93698000,
    "incomeBeforeTax": 479955000,
    "incomeBeforeTaxRatio": 0.1710075176,
    "incomeTaxExpense": 0,
    "netIncome": 472830000,
    "netIncomeRatio": 0.1684688867,
    "eps": 2.26,
    "epsdiluted": 2.25,
    "weightedAverageShsOut": 209531000,
    "weightedAverageShsOutDil": 210052000,
    "link": "https://www.sec.gov/Archives/edgar/data/884887/000088488719000042/0000884887-19-000042-index.htm",
    "finalLink": "https://www.sec.gov/Archives/edgar/data/884887/000088488719000042/a2019q210q.htm"
  },
  {
    "date": "2019-03-31",
    "symbol": "RCL",
    "reportedCurrency": "USD",
    "cik": "0000884887",
    "fillingDate": "2019-05-02",
    "acceptedDate": "2019-05-01 18:07:22",
    "calendarYear": "2019",
    "period": "Q1",
    "revenue": 2439767000,
    "costOfRevenue": 1413704000,
    "grossProfit": 1026063000,
    "grossProfitRatio": 0.4205577828,
    "researchAndDevelopmentExpenses": 0,
    "generalAndAdministrativeExpenses": 0,
    "sellingAndMarketingExpenses": 0,
    "sellingGeneralAndAdministrativeExpenses": 414947000,
    "otherExpenses": 292285000,
    "operatingExpenses": 707232000,
    "costAndExpenses": 2120936000,
    "interestIncome": 9784000,
    "interestExpense": 100415000,
    "depreciationAndAmortization": 292285000,
    "ebitda": 649506000,
    "ebitdaratio": 0.2662164051,
    "operatingIncome": 318831000,
    "operatingIncomeRatio": 0.1306809216,
    "totalOtherIncomeExpensesNet": -62025000,
    "incomeBeforeTax": 256806000,
    "incomeBeforeTaxRatio": 0.105258412,
    "incomeTaxExpense": 0,
    "netIncome": 249681000,
    "netIncomeRatio": 0.1023380511,
    "eps": 1.19,
    "epsdiluted": 1.19,
    "weightedAverageShsOut": 209322000,
    "weightedAverageShsOutDil": 209874000,
    "link": "https://www.sec.gov/Archives/edgar/data/884887/000088488719000023/0000884887-19-000023-index.htm",
    "finalLink": "https://www.sec.gov/Archives/edgar/data/884887/000088488719000023/final2019q110q.htm"
  },
  {
    "date": "2018-12-31",
    "symbol": "RCL",
    "reportedCurrency": "USD",
    "cik": "0000884887",
    "fillingDate": "2019-02-22",
    "acceptedDate": "2019-02-22 17:15:23",
    "calendarYear": "2018",
    "period": "Q4",
    "revenue": 2332301000,
    "costOfRevenue": 1360413000,
    "grossProfit": 971888000,
    "grossProfitRatio": 0.416707792,
    "researchAndDevelopmentExpenses": 0,
    "generalAndAdministrativeExpenses": 0,
    "sellingAndMarketingExpenses": 0,
    "sellingGeneralAndAdministrativeExpenses": 327693000,
    "otherExpenses": 280168000,
    "operatingExpenses": 607861000,
    "costAndExpenses": 1968274000,
    "interestIncome": 6138000,
    "interestExpense": 97420000,
    "depreciationAndAmortization": 280168000,
    "ebitda": 698041000,
    "ebitdaratio": 0.2992928443,
    "operatingIncome": 364027000,
    "operatingIncomeRatio": 0.156080626,
    "totalOtherIncomeExpensesNet": -43574000,
    "incomeBeforeTax": 320453000,
    "incomeBeforeTaxRatio": 0.1373977887,
    "incomeTaxExpense": 0,
    "netIncome": 315703000,
    "netIncomeRatio": 0.1353611734,
    "eps": 1.51,
    "epsdiluted": 1.5,
    "weightedAverageShsOut": 209001000,
    "weightedAverageShsOutDil": 210051000,
    "link": "https://www.sec.gov/Archives/edgar/data/884887/000088488719000017/0000884887-19-000017-index.htm",
    "finalLink": "https://www.sec.gov/Archives/edgar/data/884887/000088488719000017/rcl-20181231x10k.htm"
  },
  {
    "date": "2018-09-30",
    "symbol": "RCL",
    "reportedCurrency": "USD",
    "cik": "0000884887",
    "fillingDate": "2018-10-26",
    "acceptedDate": "2018-10-25 17:32:39",
    "calendarYear": "2018",
    "period": "Q3",
    "revenue": 2796187000,
    "costOfRevenue": 1411364000,
    "grossProfit": 1384823000,
    "grossProfitRatio": 0.4952540728,
    "researchAndDevelopmentExpenses": 0,
    "generalAndAdministrativeExpenses": 0,
    "sellingAndMarketingExpenses": 0,
    "sellingGeneralAndAdministrativeExpenses": 325167000,
    "otherExpenses": 259923000,
    "operatingExpenses": 585090000,
    "costAndExpenses": 1996454000,
    "interestIncome": 5831000,
    "interestExpense": 86510000,
    "depreciationAndAmortization": 259923000,
    "ebitda": 1156824000,
    "ebitdaratio": 0.4137148195,
    "operatingIncome": 799733000,
    "operatingIncomeRatio": 0.2860084107,
    "totalOtherIncomeExpensesNet": 10658000,
    "incomeBeforeTax": 810391000,
    "incomeBeforeTaxRatio": 0.2898200299,
    "incomeTaxExpense": 0,
    "netIncome": 810391000,
    "netIncomeRatio": 0.2898200299,
    "eps": 3.88,
    "epsdiluted": 3.86,
    "weightedAverageShsOut": 209054000,
    "weightedAverageShsOutDil": 209928000,
    "link": "https://www.sec.gov/Archives/edgar/data/884887/000088488718000086/0000884887-18-000086-index.htm",
    "finalLink": "https://www.sec.gov/Archives/edgar/data/884887/000088488718000086/a2018q310q.htm"
  },
  {
    "date": "2018-06-30",
    "symbol": "RCL",
    "reportedCurrency": "USD",
    "cik": "0000884887",
    "fillingDate": "2018-08-02",
    "acceptedDate": "2018-08-02 17:31:18",
    "calendarYear": "2018",
    "period": "Q2",
    "revenue": 2337605000,
    "costOfRevenue": 1314411000,
    "grossProfit": 1023194000,
    "grossProfitRatio": 0.4377103916,
    "researchAndDevelopmentExpenses": 0,
    "generalAndAdministrativeExpenses": 0,
    "sellingAndMarketingExpenses": 0,
    "sellingGeneralAndAdministrativeExpenses": 312923000,
    "otherExpenses": 253376000,
    "operatingExpenses": 566299000,
    "costAndExpenses": 1880710000,
    "interestIncome": 13098000,
    "interestExpense": 81864000,
    "depreciationAndAmortization": 253376000,
    "ebitda": 801535000,
    "ebitdaratio": 0.3428872714,
    "operatingIncome": 456895000,
    "operatingIncomeRatio": 0.1954543218,
    "totalOtherIncomeExpensesNet": 9400000,
    "incomeBeforeTax": 466295000,
    "incomeBeforeTaxRatio": 0.1994755316,
    "incomeTaxExpense": 0,
    "netIncome": 466295000,
    "netIncomeRatio": 0.1994755316,
    "eps": 2.2,
    "epsdiluted": 2.19,
    "weightedAverageShsOut": 211673000,
    "weightedAverageShsOutDil": 212509000,
    "link": "https://www.sec.gov/Archives/edgar/data/884887/000088488718000079/0000884887-18-000079-index.htm",
    "finalLink": "https://www.sec.gov/Archives/edgar/data/884887/000088488718000079/rcl-6302018x10q.htm"
  },
  {
    "date": "2018-03-31",
    "symbol": "RCL",
    "reportedCurrency": "USD",
    "cik": "0000884887",
    "fillingDate": "2018-04-30",
    "acceptedDate": "2018-04-30 17:19:38",
    "calendarYear": "2018",
    "period": "Q1",
    "revenue": 2027756000,
    "costOfRevenue": 1176019000,
    "grossProfit": 851737000,
    "grossProfitRatio": 0.420039196,
    "researchAndDevelopmentExpenses": 0,
    "generalAndAdministrativeExpenses": 0,
    "sellingAndMarketingExpenses": 0,
    "sellingGeneralAndAdministrativeExpenses": 337361000,
    "otherExpenses": 240230000,
    "operatingExpenses": 577591000,
    "costAndExpenses": 1753610000,
    "interestIncome": 7733000,
    "interestExpense": 67878000,
    "depreciationAndAmortization": 240230000,
    "ebitda": 526761000,
    "ebitdaratio": 0.2597753379,
    "operatingIncome": 274146000,
    "operatingIncomeRatio": 0.1351967396,
    "totalOtherIncomeExpensesNet": -55493000,
    "incomeBeforeTax": 218653000,
    "incomeBeforeTaxRatio": 0.1078300348,
    "incomeTaxExpense": 0,
    "netIncome": 218653000,
    "netIncomeRatio": 0.1078300348,
    "eps": 1.03,
    "epsdiluted": 1.02,
    "weightedAverageShsOut": 212610000,
    "weightedAverageShsOutDil": 213602000,
    "link": "https://www.sec.gov/Archives/edgar/data/884887/000088488718000042/0000884887-18-000042-index.htm",
    "finalLink": "https://www.sec.gov/Archives/edgar/data/884887/000088488718000042/rcl-3312018x10q.htm"
  },
  {
    "date": "2017-12-31",
    "symbol": "RCL",
    "reportedCurrency": "USD",
    "cik": "0000884887",
    "fillingDate": "2018-02-21",
    "acceptedDate": "2018-02-20 19:14:46",
    "calendarYear": "2017",
    "period": "Q4",
    "revenue": 2004467000,
    "costOfRevenue": 1145701000,
    "grossProfit": 858766000,
    "grossProfitRatio": 0.4284261103,
    "researchAndDevelopmentExpenses": 0,
    "generalAndAdministrativeExpenses": 0,
    "sellingAndMarketingExpenses": 0,
    "sellingGeneralAndAdministrativeExpenses": 311059000,
    "otherExpenses": 240358000,
    "operatingExpenses": 551417000,
    "costAndExpenses": 1697118000,
    "interestIncome": 13345000,
    "interestExpense": 69800000,
    "depreciationAndAmortization": 240358000,
    "ebitda": 598197000,
    "ebitdaratio": 0.2984319522,
    "operatingIncome": 307349000,
    "operatingIncomeRatio": 0.1533320329,
    "totalOtherIncomeExpensesNet": -19310000,
    "incomeBeforeTax": 288039000,
    "incomeBeforeTaxRatio": 0.1436985493,
    "incomeTaxExpense": 0,
    "netIncome": 288039000,
    "netIncomeRatio": 0.1436985493,
    "eps": 1.35,
    "epsdiluted": 1.34,
    "weightedAverageShsOut": 213831000,
    "weightedAverageShsOutDil": 215085000,
    "link": "https://www.sec.gov/Archives/edgar/data/884887/000088488718000017/0000884887-18-000017-index.htm",
    "finalLink": "https://www.sec.gov/Archives/edgar/data/884887/000088488718000017/rcl-20171231x10k.htm"
  },
  {
    "date": "2017-09-30",
    "symbol": "RCL",
    "reportedCurrency": "USD",
    "cik": "0000884887",
    "fillingDate": "2017-11-07",
    "acceptedDate": "2017-11-07 17:19:58",
    "calendarYear": "2017",
    "period": "Q3",
    "revenue": 2569544000,
    "costOfRevenue": 1318269000,
    "grossProfit": 1251275000,
    "grossProfitRatio": 0.4869638348,
    "researchAndDevelopmentExpenses": 0,
    "generalAndAdministrativeExpenses": 0,
    "sellingAndMarketingExpenses": 0,
    "sellingGeneralAndAdministrativeExpenses": 273637000,
    "otherExpenses": 240150000,
    "operatingExpenses": 513787000,
    "costAndExpenses": 1832056000,
    "interestIncome": 4693000,
    "interestExpense": 73233000,
    "depreciationAndAmortization": 240150000,
    "ebitda": 1066225000,
    "ebitdaratio": 0.4149471657,
    "operatingIncome": 737488000,
    "operatingIncomeRatio": 0.2870112362,
    "totalOtherIncomeExpensesNet": 15354000,
    "incomeBeforeTax": 752842000,
    "incomeBeforeTaxRatio": 0.2929866155,
    "incomeTaxExpense": 0,
    "netIncome": 752842000,
    "netIncomeRatio": 0.2929866155,
    "eps": 3.51,
    "epsdiluted": 3.49,
    "weightedAverageShsOut": 214694000,
    "weightedAverageShsOutDil": 215824000,
    "link": "https://www.sec.gov/Archives/edgar/data/884887/000088488717000067/0000884887-17-000067-index.htm",
    "finalLink": "https://www.sec.gov/Archives/edgar/data/884887/000088488717000067/rcl-9302017x10q.htm"
  },
  {
    "date": "2017-06-30",
    "symbol": "RCL",
    "reportedCurrency": "USD",
    "cik": "0000884887",
    "fillingDate": "2017-08-01",
    "acceptedDate": "2017-08-01 17:00:37",
    "calendarYear": "2017",
    "period": "Q2",
    "revenue": 2195274000,
    "costOfRevenue": 1256785000,
    "grossProfit": 938489000,
    "grossProfitRatio": 0.427504266,
    "researchAndDevelopmentExpenses": 0,
    "generalAndAdministrativeExpenses": 0,
    "sellingAndMarketingExpenses": 0,
    "sellingGeneralAndAdministrativeExpenses": 283855000,
    "otherExpenses": 234937000,
    "operatingExpenses": 518792000,
    "costAndExpenses": 1775577000,
    "interestIncome": 5811000,
    "interestExpense": 76632000,
    "depreciationAndAmortization": 234937000,
    "ebitda": 681095000,
    "ebitdaratio": 0.3102551208,
    "operatingIncome": 419697000,
    "operatingIncomeRatio": 0.1911820575,
    "totalOtherIncomeExpensesNet": -50171000,
    "incomeBeforeTax": 369526000,
    "incomeBeforeTaxRatio": 0.1683279627,
    "incomeTaxExpense": 0,
    "netIncome": 369526000,
    "netIncomeRatio": 0.1683279627,
    "eps": 1.72,
    "epsdiluted": 1.71,
    "weightedAverageShsOut": 215085000,
    "weightedAverageShsOutDil": 216062000,
    "link": "https://www.sec.gov/Archives/edgar/data/884887/000088488717000043/0000884887-17-000043-index.htm",
    "finalLink": "https://www.sec.gov/Archives/edgar/data/884887/000088488717000043/rcl-6302017x10q.htm"
  },
  {
    "date": "2017-03-31",
    "symbol": "RCL",
    "reportedCurrency": "USD",
    "cik": "0000884887",
    "fillingDate": "2017-04-28",
    "acceptedDate": "2017-04-28 17:06:48",
    "calendarYear": "2017",
    "period": "Q1",
    "revenue": 2008560000,
    "costOfRevenue": 1175824000,
    "grossProfit": 832736000,
    "grossProfitRatio": 0.4145935397,
    "researchAndDevelopmentExpenses": 0,
    "generalAndAdministrativeExpenses": 0,
    "sellingAndMarketingExpenses": 0,
    "sellingGeneralAndAdministrativeExpenses": 317465000,
    "otherExpenses": 235749000,
    "operatingExpenses": 553214000,
    "costAndExpenses": 1729038000,
    "interestIncome": 6252000,
    "interestExpense": 80317000,
    "depreciationAndAmortization": 235749000,
    "ebitda": 530792000,
    "ebitdaratio": 0.264264946,
    "operatingIncome": 279522000,
    "operatingIncomeRatio": 0.1391653722,
    "totalOtherIncomeExpensesNet": -64796000,
    "incomeBeforeTax": 214726000,
    "incomeBeforeTaxRatio": 0.1069054447,
    "incomeTaxExpense": 0,
    "netIncome": 214726000,
    "netIncomeRatio": 0.1069054447,
    "eps": 1,
    "epsdiluted": 0.99,
    "weightedAverageShsOut": 214870000,
    "weightedAverageShsOutDil": 215813000,
    "link": "https://www.sec.gov/Archives/edgar/data/884887/000088488717000033/0000884887-17-000033-index.htm",
    "finalLink": "https://www.sec.gov/Archives/edgar/data/884887/000088488717000033/rcl-3312017x10q.htm"
  },
  {
    "date": "2016-12-31",
    "symbol": "RCL",
    "reportedCurrency": "USD",
    "cik": "0000884887",
    "fillingDate": "2017-02-23",
    "acceptedDate": "2017-02-23 17:29:18",
    "calendarYear": "2016",
    "period": "Q4",
    "revenue": 1909603000,
    "costOfRevenue": 1123251000,
    "grossProfit": 786352000,
    "grossProfitRatio": 0.4117882094,
    "researchAndDevelopmentExpenses": 0,
    "generalAndAdministrativeExpenses": 0,
    "sellingAndMarketingExpenses": 0,
    "sellingGeneralAndAdministrativeExpenses": 254482000,
    "otherExpenses": 235028000,
    "operatingExpenses": 489510000,
    "costAndExpenses": 1612761000,
    "interestIncome": 5981000,
    "interestExpense": 80567000,
    "depreciationAndAmortization": 233203000,
    "ebitda": 574856000,
    "ebitdaratio": 0.3010342988,
    "operatingIncome": 296842000,
    "operatingIncomeRatio": 0.1554469699,
    "totalOtherIncomeExpensesNet": -35756000,
    "incomeBeforeTax": 261086000,
    "incomeBeforeTaxRatio": 0.1367226591,
    "incomeTaxExpense": 0,
    "netIncome": 261086000,
    "netIncomeRatio": 0.1367226591,
    "eps": 1.22,
    "epsdiluted": 1.21,
    "weightedAverageShsOut": 214588000,
    "weightedAverageShsOutDil": 215591000,
    "link": "https://www.sec.gov/Archives/edgar/data/884887/000088488717000020/0000884887-17-000020-index.htm",
    "finalLink": "https://www.sec.gov/Archives/edgar/data/884887/000088488717000020/rcl-20161231x10k.htm"
  },
  {
    "date": "2016-09-30",
    "symbol": "RCL",
    "reportedCurrency": "USD",
    "cik": "0000884887",
    "fillingDate": "2016-10-28",
    "acceptedDate": "2016-10-28 17:11:02",
    "calendarYear": "2016",
    "period": "Q3",
    "revenue": 2563741000,
    "costOfRevenue": 1340123000,
    "grossProfit": 1223618000,
    "grossProfitRatio": 0.477278321,
    "researchAndDevelopmentExpenses": 0,
    "generalAndAdministrativeExpenses": 0,
    "sellingAndMarketingExpenses": 0,
    "sellingGeneralAndAdministrativeExpenses": 259327000,
    "otherExpenses": 229328000,
    "operatingExpenses": 488655000,
    "costAndExpenses": 1828778000,
    "interestIncome": 6472000,
    "interestExpense": 82610000,
    "depreciationAndAmortization": 229328000,
    "ebitda": 1005195000,
    "ebitdaratio": 0.3920813374,
    "operatingIncome": 734963000,
    "operatingIncomeRatio": 0.2866759942,
    "totalOtherIncomeExpensesNet": -41706000,
    "incomeBeforeTax": 693257000,
    "incomeBeforeTaxRatio": 0.2704083603,
    "incomeTaxExpense": 0,
    "netIncome": 693257000,
    "netIncomeRatio": 0.2704083603,
    "eps": 3.23,
    "epsdiluted": 3.21,
    "weightedAverageShsOut": 214819000,
    "weightedAverageShsOutDil": 215667000,
    "link": "https://www.sec.gov/Archives/edgar/data/884887/000088488716000199/0000884887-16-000199-index.htm",
    "finalLink": "https://www.sec.gov/Archives/edgar/data/884887/000088488716000199/rcl-9302016x10q.htm"
  },
  {
    "date": "2016-06-30",
    "symbol": "RCL",
    "reportedCurrency": "USD",
    "cik": "0000884887",
    "fillingDate": "2016-08-02",
    "acceptedDate": "2016-08-02 16:53:48",
    "calendarYear": "2016",
    "period": "Q2",
    "revenue": 2105262000,
    "costOfRevenue": 1310587000,
    "grossProfit": 794675000,
    "grossProfitRatio": 0.3774708326,
    "researchAndDevelopmentExpenses": 0,
    "generalAndAdministrativeExpenses": 0,
    "sellingAndMarketingExpenses": 0,
    "sellingGeneralAndAdministrativeExpenses": 290782000,
    "otherExpenses": 221620000,
    "operatingExpenses": 512402000,
    "costAndExpenses": 1822989000,
    "interestIncome": 5683000,
    "interestExpense": 78747000,
    "depreciationAndAmortization": 221620000,
    "ebitda": 530272000,
    "ebitdaratio": 0.2518793385,
    "operatingIncome": 282273000,
    "operatingIncomeRatio": 0.1340797487,
    "totalOtherIncomeExpensesNet": -52368000,
    "incomeBeforeTax": 229905000,
    "incomeBeforeTaxRatio": 0.1092049351,
    "incomeTaxExpense": 0,
    "netIncome": 229905000,
    "netIncomeRatio": 0.1092049351,
    "eps": 1.07,
    "epsdiluted": 1.06,
    "weightedAverageShsOut": 215265000,
    "weightedAverageShsOutDil": 216131000,
    "link": "https://www.sec.gov/Archives/edgar/data/884887/000088488716000185/0000884887-16-000185-index.htm",
    "finalLink": "https://www.sec.gov/Archives/edgar/data/884887/000088488716000185/rcl-6302016x10q.htm"
  },
  {
    "date": "2016-03-31",
    "symbol": "RCL",
    "reportedCurrency": "USD",
    "cik": "0000884887",
    "fillingDate": "2016-04-29",
    "acceptedDate": "2016-04-29 17:24:39",
    "calendarYear": "2016",
    "period": "Q1",
    "revenue": 1917795000,
    "costOfRevenue": 1241578000,
    "grossProfit": 676217000,
    "grossProfitRatio": 0.3526012947,
    "researchAndDevelopmentExpenses": 0,
    "generalAndAdministrativeExpenses": 0,
    "sellingAndMarketingExpenses": 0,
    "sellingGeneralAndAdministrativeExpenses": 302326000,
    "otherExpenses": 210764000,
    "operatingExpenses": 513090000,
    "costAndExpenses": 1754668000,
    "interestIncome": 2720000,
    "interestExpense": 65446000,
    "depreciationAndAmortization": 210764000,
    "ebitda": 375350000,
    "ebitdaratio": 0.1957195634,
    "operatingIncome": 163127000,
    "operatingIncomeRatio": 0.0850596649,
    "totalOtherIncomeExpensesNet": -63987000,
    "incomeBeforeTax": 99140000,
    "incomeBeforeTaxRatio": 0.0516947849,
    "incomeTaxExpense": 0,
    "netIncome": 99140000,
    "netIncomeRatio": 0.0516947849,
    "eps": 0.46,
    "epsdiluted": 0.46,
    "weightedAverageShsOut": 216914000,
    "weightedAverageShsOutDil": 217869000,
    "link": "https://www.sec.gov/Archives/edgar/data/884887/000088488716000143/0000884887-16-000143-index.htm",
    "finalLink": "https://www.sec.gov/Archives/edgar/data/884887/000088488716000143/rcl-3312016x10q.htm"
  },
  {
    "date": "2015-12-31",
    "symbol": "RCL",
    "reportedCurrency": "USD",
    "cik": "0000884887",
    "fillingDate": "2016-02-22",
    "acceptedDate": "2016-02-22 09:04:35",
    "calendarYear": "2015",
    "period": "Q4",
    "revenue": 1902053000,
    "costOfRevenue": 1173341000,
    "grossProfit": 728712000,
    "grossProfitRatio": 0.3831186618,
    "researchAndDevelopmentExpenses": 0,
    "generalAndAdministrativeExpenses": 0,
    "sellingAndMarketingExpenses": 0,
    "sellingGeneralAndAdministrativeExpenses": 269464000,
    "otherExpenses": 209330000,
    "operatingExpenses": 478794000,
    "costAndExpenses": 1652135000,
    "interestIncome": 3781000,
    "interestExpense": 64127000,
    "depreciationAndAmortization": 209330000,
    "ebitda": 480256000,
    "ebitdaratio": 0.2524934899,
    "operatingIncome": 249918000,
    "operatingIncomeRatio": 0.131393815,
    "totalOtherIncomeExpensesNet": -43119000,
    "incomeBeforeTax": 206799000,
    "incomeBeforeTaxRatio": 0.1087240997,
    "incomeTaxExpense": 0,
    "netIncome": 206799000,
    "netIncomeRatio": 0.1087240997,
    "eps": 0.95,
    "epsdiluted": 0.94,
    "weightedAverageShsOut": 218652000,
    "weightedAverageShsOutDil": 219893000,
    "link": "https://www.sec.gov/Archives/edgar/data/884887/000088488716000126/0000884887-16-000126-index.htm",
    "finalLink": "https://www.sec.gov/Archives/edgar/data/884887/000088488716000126/rcl-20151231x10k.htm"
  },
  {
    "date": "2015-09-30",
    "symbol": "RCL",
    "reportedCurrency": "USD",
    "cik": "0000884887",
    "fillingDate": "2015-10-23",
    "acceptedDate": "2015-10-23 17:11:16",
    "calendarYear": "2015",
    "period": "Q3",
    "revenue": 2523100000,
    "costOfRevenue": 1387026000,
    "grossProfit": 1136074000,
    "grossProfitRatio": 0.4502691134,
    "researchAndDevelopmentExpenses": 0,
    "generalAndAdministrativeExpenses": 0,
    "sellingAndMarketingExpenses": 0,
    "sellingGeneralAndAdministrativeExpenses": 256060000,
    "otherExpenses": 622009000,
    "operatingExpenses": 878069000,
    "costAndExpenses": 2265095000,
    "interestIncome": 1735000,
    "interestExpense": 66819000,
    "depreciationAndAmortization": 210742000,
    "ebitda": 506348000,
    "ebitdaratio": 0.2006848718,
    "operatingIncome": 258005000,
    "operatingIncomeRatio": 0.102257144,
    "totalOtherIncomeExpensesNet": -29218000,
    "incomeBeforeTax": 228787000,
    "incomeBeforeTaxRatio": 0.090676945,
    "incomeTaxExpense": 0,
    "netIncome": 228787000,
    "netIncomeRatio": 0.090676945,
    "eps": 1.04,
    "epsdiluted": 1.03,
    "weightedAverageShsOut": 219963000,
    "weightedAverageShsOutDil": 221137000,
    "link": "https://www.sec.gov/Archives/edgar/data/884887/000088488715000091/0000884887-15-000091-index.htm",
    "finalLink": "https://www.sec.gov/Archives/edgar/data/884887/000088488715000091/rcl-9302015x10q.htm"
  },
  {
    "date": "2015-06-30",
    "symbol": "RCL",
    "reportedCurrency": "USD",
    "cik": "0000884887",
    "fillingDate": "2015-07-31",
    "acceptedDate": "2015-07-31 17:24:37",
    "calendarYear": "2015",
    "period": "Q2",
    "revenue": 2058322000,
    "costOfRevenue": 1316409000,
    "grossProfit": 741913000,
    "grossProfitRatio": 0.3604455474,
    "researchAndDevelopmentExpenses": 0,
    "generalAndAdministrativeExpenses": 0,
    "sellingAndMarketingExpenses": 0,
    "sellingGeneralAndAdministrativeExpenses": 274148000,
    "otherExpenses": 206468000,
    "operatingExpenses": 480616000,
    "costAndExpenses": 1797025000,
    "interestIncome": 2772000,
    "interestExpense": 76620000,
    "depreciationAndAmortization": 206468000,
    "ebitda": 468055000,
    "ebitdaratio": 0.2273963938,
    "operatingIncome": 261297000,
    "operatingIncomeRatio": 0.1269466099,
    "totalOtherIncomeExpensesNet": -76330000,
    "incomeBeforeTax": 184967000,
    "incomeBeforeTaxRatio": 0.0898630049,
    "incomeTaxExpense": 0,
    "netIncome": 184967000,
    "netIncomeRatio": 0.0898630049,
    "eps": 0.84,
    "epsdiluted": 0.84,
    "weightedAverageShsOut": 219913000,
    "weightedAverageShsOutDil": 220902000,
    "link": "https://www.sec.gov/Archives/edgar/data/884887/000088488715000073/0000884887-15-000073-index.htm",
    "finalLink": "https://www.sec.gov/Archives/edgar/data/884887/000088488715000073/rcl-6302015x10q.htm"
  },
  {
    "date": "2015-03-31",
    "symbol": "RCL",
    "reportedCurrency": "USD",
    "cik": "0000884887",
    "fillingDate": "2015-04-23",
    "acceptedDate": "2015-04-23 16:40:18",
    "calendarYear": "2015",
    "period": "Q1",
    "revenue": 1815599000,
    "costOfRevenue": 1222617000,
    "grossProfit": 592982000,
    "grossProfitRatio": 0.3266040574,
    "researchAndDevelopmentExpenses": 0,
    "generalAndAdministrativeExpenses": 0,
    "sellingAndMarketingExpenses": 0,
    "sellingGeneralAndAdministrativeExpenses": 286832000,
    "otherExpenses": 200468000,
    "operatingExpenses": 487300000,
    "costAndExpenses": 1709917000,
    "interestIncome": 3737000,
    "interestExpense": 70159000,
    "depreciationAndAmortization": 200468000,
    "ebitda": 315857000,
    "ebitdaratio": 0.1739684809,
    "operatingIncome": 105682000,
    "operatingIncomeRatio": 0.0582077871,
    "totalOtherIncomeExpensesNet": -60452000,
    "incomeBeforeTax": 45230000,
    "incomeBeforeTaxRatio": 0.0249118886,
    "incomeTaxExpense": 0,
    "netIncome": 45230000,
    "netIncomeRatio": 0.0249118886,
    "eps": 0.21,
    "epsdiluted": 0.2,
    "weightedAverageShsOut": 219626000,
    "weightedAverageShsOutDil": 220842000,
    "link": "https://www.sec.gov/Archives/edgar/data/884887/000088488715000047/0000884887-15-000047-index.htm",
    "finalLink": "https://www.sec.gov/Archives/edgar/data/884887/000088488715000047/rcl-3312015x10q.htm"
  },
  {
    "date": "2014-12-31",
    "symbol": "RCL",
    "reportedCurrency": "USD",
    "cik": "0000884887",
    "fillingDate": "2015-02-23",
    "acceptedDate": "2015-02-23 16:37:43",
    "calendarYear": "2014",
    "period": "Q4",
    "revenue": 1817826000,
    "costOfRevenue": 1244745000,
    "grossProfit": 573081000,
    "grossProfitRatio": 0.3152562456,
    "researchAndDevelopmentExpenses": 0,
    "generalAndAdministrativeExpenses": 0,
    "sellingAndMarketingExpenses": 0,
    "sellingGeneralAndAdministrativeExpenses": 257995000,
    "otherExpenses": 195742000,
    "operatingExpenses": 453737000,
    "costAndExpenses": 1698482000,
    "interestIncome": 2321000,
    "interestExpense": 64368000,
    "depreciationAndAmortization": 193382000,
    "ebitda": 367518000,
    "ebitdaratio": 0.2021744655,
    "operatingIncome": 119344000,
    "operatingIncomeRatio": 0.0656520481,
    "totalOtherIncomeExpensesNet": -9576000,
    "incomeBeforeTax": 109768000,
    "incomeBeforeTaxRatio": 0.0603842172,
    "incomeTaxExpense": 0,
    "netIncome": 109768000,
    "netIncomeRatio": 0.0603842172,
    "eps": 0.5,
    "epsdiluted": 0.49,
    "weightedAverageShsOut": 220622000,
    "weightedAverageShsOutDil": 222041000,
    "link": "https://www.sec.gov/Archives/edgar/data/884887/000088488715000025/0000884887-15-000025-index.htm",
    "finalLink": "https://www.sec.gov/Archives/edgar/data/884887/000088488715000025/rcl-20141231x10k.htm"
  },
  {
    "date": "2014-09-30",
    "symbol": "RCL",
    "reportedCurrency": "USD",
    "cik": "0000884887",
    "fillingDate": "2014-10-23",
    "acceptedDate": "2014-10-23 17:26:48",
    "calendarYear": "2014",
    "period": "Q3",
    "revenue": 2388762000,
    "costOfRevenue": 1426882000,
    "grossProfit": 961880000,
    "grossProfitRatio": 0.4026688301,
    "researchAndDevelopmentExpenses": 0,
    "generalAndAdministrativeExpenses": 0,
    "sellingAndMarketingExpenses": 0,
    "sellingGeneralAndAdministrativeExpenses": 239662000,
    "otherExpenses": 192756000,
    "operatingExpenses": 432418000,
    "costAndExpenses": 1859300000,
    "interestIncome": 2117000,
    "interestExpense": 60100000,
    "depreciationAndAmortization": 192448000,
    "ebitda": 742796000,
    "ebitdaratio": 0.3109543772,
    "operatingIncome": 529462000,
    "operatingIncomeRatio": 0.2216470289,
    "totalOtherIncomeExpensesNet": -39214000,
    "incomeBeforeTax": 490248000,
    "incomeBeforeTaxRatio": 0.2052309941,
    "incomeTaxExpense": 0,
    "netIncome": 490248000,
    "netIncomeRatio": 0.2052309941,
    "eps": 2.2,
    "epsdiluted": 2.19,
    "weightedAverageShsOut": 222523000,
    "weightedAverageShsOutDil": 223859000,
    "link": "https://www.sec.gov/Archives/edgar/data/884887/000088488714000097/0000884887-14-000097-index.htm",
    "finalLink": "https://www.sec.gov/Archives/edgar/data/884887/000088488714000097/rcl-9302014x10q.htm"
  },
  {
    "date": "2014-06-30",
    "symbol": "RCL",
    "reportedCurrency": "USD",
    "cik": "0000884887",
    "fillingDate": "2014-07-24",
    "acceptedDate": "2014-07-24 17:26:09",
    "calendarYear": "2014",
    "period": "Q2",
    "revenue": 1980043000,
    "costOfRevenue": 1330674000,
    "grossProfit": 649369000,
    "grossProfitRatio": 0.3279570191,
    "researchAndDevelopmentExpenses": 0,
    "generalAndAdministrativeExpenses": 0,
    "sellingAndMarketingExpenses": 0,
    "sellingGeneralAndAdministrativeExpenses": 260988000,
    "otherExpenses": 192794000,
    "operatingExpenses": 453782000,
    "costAndExpenses": 1784456000,
    "interestIncome": 2630000,
    "interestExpense": 65260000,
    "depreciationAndAmortization": 192880000,
    "ebitda": 395813000,
    "ebitdaratio": 0.1999012143,
    "operatingIncome": 195587000,
    "operatingIncomeRatio": 0.0987791679,
    "totalOtherIncomeExpensesNet": -57914000,
    "incomeBeforeTax": 137673000,
    "incomeBeforeTaxRatio": 0.0695303082,
    "incomeTaxExpense": 0,
    "netIncome": 137673000,
    "netIncomeRatio": 0.0695303082,
    "eps": 0.62,
    "epsdiluted": 0.62,
    "weightedAverageShsOut": 222189000,
    "weightedAverageShsOutDil": 223381000,
    "link": "https://www.sec.gov/Archives/edgar/data/884887/000088488714000078/0000884887-14-000078-index.htm",
    "finalLink": "https://www.sec.gov/Archives/edgar/data/884887/000088488714000078/rcl-6302014x10q.htm"
  },
  {
    "date": "2014-03-31",
    "symbol": "RCL",
    "reportedCurrency": "USD",
    "cik": "0000884887",
    "fillingDate": "2014-04-24",
    "acceptedDate": "2014-04-24 17:24:14",
    "calendarYear": "2014",
    "period": "Q1",
    "revenue": 1887224000,
    "costOfRevenue": 1303980000,
    "grossProfit": 583244000,
    "grossProfitRatio": 0.3090486344,
    "researchAndDevelopmentExpenses": 0,
    "generalAndAdministrativeExpenses": 0,
    "sellingAndMarketingExpenses": 0,
    "sellingGeneralAndAdministrativeExpenses": 290307000,
    "otherExpenses": 195471000,
    "operatingExpenses": 485778000,
    "costAndExpenses": 1789758000,
    "interestIncome": 3276000,
    "interestExpense": 68571000,
    "depreciationAndAmortization": 193735000,
    "ebitda": 288763000,
    "ebitdaratio": 0.1530093937,
    "operatingIncome": 97466000,
    "operatingIncomeRatio": 0.0516451677,
    "totalOtherIncomeExpensesNet": -71009000,
    "incomeBeforeTax": 26457000,
    "incomeBeforeTaxRatio": 0.0140190036,
    "incomeTaxExpense": 0,
    "netIncome": 26457000,
    "netIncomeRatio": 0.0140190036,
    "eps": 0.12,
    "epsdiluted": 0.12,
    "weightedAverageShsOut": 221295000,
    "weightedAverageShsOutDil": 222671000,
    "link": "https://www.sec.gov/Archives/edgar/data/884887/000088488714000054/0000884887-14-000054-index.htm",
    "finalLink": "https://www.sec.gov/Archives/edgar/data/884887/000088488714000054/rcl-3312014x10q.htm"
  },
  {
    "date": "2013-12-31",
    "symbol": "RCL",
    "reportedCurrency": "USD",
    "cik": "0000884887",
    "fillingDate": "2014-02-20",
    "acceptedDate": "2014-02-20 17:08:04",
    "calendarYear": "2013",
    "period": "Q4",
    "revenue": 1854158000,
    "costOfRevenue": 1282660000,
    "grossProfit": 571498000,
    "grossProfitRatio": 0.3082250811,
    "researchAndDevelopmentExpenses": 0,
    "generalAndAdministrativeExpenses": 0,
    "sellingAndMarketingExpenses": 0,
    "sellingGeneralAndAdministrativeExpenses": 262883000,
    "otherExpenses": 233646000,
    "operatingExpenses": 496529000,
    "costAndExpenses": 1779189000,
    "interestIncome": 3447000,
    "interestExpense": 75709000,
    "depreciationAndAmortization": 190622000,
    "ebitda": 273349000,
    "ebitdaratio": 0.1474248689,
    "operatingIncome": 74969000,
    "operatingIncomeRatio": 0.0404329081,
    "totalOtherIncomeExpensesNet": -67951000,
    "incomeBeforeTax": 7018000,
    "incomeBeforeTaxRatio": 0.0037850065,
    "incomeTaxExpense": 0,
    "netIncome": 7018000,
    "netIncomeRatio": 0.0037850065,
    "eps": 0.03,
    "epsdiluted": 0.03,
    "weightedAverageShsOut": 220197000,
    "weightedAverageShsOutDil": 221561000,
    "link": "https://www.sec.gov/Archives/edgar/data/884887/000088488714000023/0000884887-14-000023-index.htm",
    "finalLink": "https://www.sec.gov/Archives/edgar/data/884887/000088488714000023/rcl-20131231x10k.htm"
  },
  {
    "date": "2013-09-30",
    "symbol": "RCL",
    "reportedCurrency": "USD",
    "cik": "0000884887",
    "fillingDate": "2013-10-24",
    "acceptedDate": "2013-10-24 17:29:34",
    "calendarYear": "2013",
    "period": "Q3",
    "revenue": 2311749000,
    "costOfRevenue": 1416801000,
    "grossProfit": 894948000,
    "grossProfitRatio": 0.3871302637,
    "researchAndDevelopmentExpenses": 0,
    "generalAndAdministrativeExpenses": 0,
    "sellingAndMarketingExpenses": 0,
    "sellingGeneralAndAdministrativeExpenses": 249954000,
    "otherExpenses": 200785000,
    "operatingExpenses": 450739000,
    "costAndExpenses": 1867540000,
    "interestIncome": 3299000,
    "interestExpense": 79654000,
    "depreciationAndAmortization": 188541000,
    "ebitda": 633896000,
    "ebitdaratio": 0.2742062395,
    "operatingIncome": 444209000,
    "operatingIncomeRatio": 0.1921527813,
    "totalOtherIncomeExpensesNet": -78508000,
    "incomeBeforeTax": 365701000,
    "incomeBeforeTaxRatio": 0.158192347,
    "incomeTaxExpense": 0,
    "netIncome": 365701000,
    "netIncomeRatio": 0.158192347,
    "eps": 1.66,
    "epsdiluted": 1.65,
    "weightedAverageShsOut": 219744000,
    "weightedAverageShsOutDil": 221004000,
    "link": "https://www.sec.gov/Archives/edgar/data/884887/000110465913077690/0001104659-13-077690-index.htm",
    "finalLink": "https://www.sec.gov/Archives/edgar/data/884887/000110465913077690/a13-19569_110q.htm"
  },
  {
    "date": "2013-06-30",
    "symbol": "RCL",
    "reportedCurrency": "USD",
    "cik": "0000884887",
    "fillingDate": "2013-07-26",
    "acceptedDate": "2013-07-26 16:10:54",
    "calendarYear": "2013",
    "period": "Q2",
    "revenue": 1882767000,
    "costOfRevenue": 1323619000,
    "grossProfit": 559148000,
    "grossProfitRatio": 0.2969820482,
    "researchAndDevelopmentExpenses": 0,
    "generalAndAdministrativeExpenses": 0,
    "sellingAndMarketingExpenses": 0,
    "sellingGeneralAndAdministrativeExpenses": 257948000,
    "otherExpenses": 187862000,
    "operatingExpenses": 445810000,
    "costAndExpenses": 1769429000,
    "interestIncome": 3405000,
    "interestExpense": 86877000,
    "depreciationAndAmortization": 186184000,
    "ebitda": 297808000,
    "ebitdaratio": 0.1581757063,
    "operatingIncome": 113338000,
    "operatingIncomeRatio": 0.0601975709,
    "totalOtherIncomeExpensesNet": -88591000,
    "incomeBeforeTax": 24747000,
    "incomeBeforeTaxRatio": 0.0131439525,
    "incomeTaxExpense": 0,
    "netIncome": 24747000,
    "netIncomeRatio": 0.0131439525,
    "eps": 0.11,
    "epsdiluted": 0.11,
    "weightedAverageShsOut": 219502000,
    "weightedAverageShsOutDil": 220648000,
    "link": "https://www.sec.gov/Archives/edgar/data/884887/000110465913057032/0001104659-13-057032-index.htm",
    "finalLink": "https://www.sec.gov/Archives/edgar/data/884887/000110465913057032/a13-13665_110q.htm"
  },
  {
    "date": "2013-03-31",
    "symbol": "RCL",
    "reportedCurrency": "USD",
    "cik": "0000884887",
    "fillingDate": "2013-04-25",
    "acceptedDate": "2013-04-25 16:31:49",
    "calendarYear": "2013",
    "period": "Q1",
    "revenue": 1911220000,
    "costOfRevenue": 1282190000,
    "grossProfit": 629030000,
    "grossProfitRatio": 0.3291248522,
    "researchAndDevelopmentExpenses": 0,
    "generalAndAdministrativeExpenses": 0,
    "sellingAndMarketingExpenses": 0,
    "sellingGeneralAndAdministrativeExpenses": 274034000,
    "otherExpenses": 189364000,
    "operatingExpenses": 463398000,
    "costAndExpenses": 1745588000,
    "interestIncome": 3747000,
    "interestExpense": 90182000,
    "depreciationAndAmortization": 189364000,
    "ebitda": 355772000,
    "ebitdaratio": 0.1861491613,
    "operatingIncome": 165632000,
    "operatingIncomeRatio": 0.0866629692,
    "totalOtherIncomeExpensesNet": -89406000,
    "incomeBeforeTax": 76226000,
    "incomeBeforeTaxRatio": 0.0398834252,
    "incomeTaxExpense": 0,
    "netIncome": 76226000,
    "netIncomeRatio": 0.0398834252,
    "eps": 0.35,
    "epsdiluted": 0.35,
    "weightedAverageShsOut": 219097000,
    "weightedAverageShsOutDil": 220484000,
    "link": "https://www.sec.gov/Archives/edgar/data/884887/000110465913033022/0001104659-13-033022-index.htm",
    "finalLink": "https://www.sec.gov/Archives/edgar/data/884887/000110465913033022/a13-8310_110q.htm"
  },
  {
    "date": "2012-12-31",
    "symbol": "RCL",
    "reportedCurrency": "USD",
    "cik": "0000884887",
    "fillingDate": "2013-02-25",
    "acceptedDate": "2013-02-25 08:01:35",
    "calendarYear": "2012",
    "period": "Q4",
    "revenue": 1806150000,
    "costOfRevenue": 1257983000,
    "grossProfit": 548167000,
    "grossProfitRatio": 0.303500263,
    "researchAndDevelopmentExpenses": 0,
    "generalAndAdministrativeExpenses": 0,
    "sellingAndMarketingExpenses": 0,
    "sellingGeneralAndAdministrativeExpenses": 255494000,
    "otherExpenses": 573980000,
    "operatingExpenses": 829474000,
    "costAndExpenses": 2087457000,
    "interestIncome": 5269000,
    "interestExpense": 89036000,
    "depreciationAndAmortization": 188536000,
    "ebitda": -115231000,
    "ebitdaratio": -0.0637992415,
    "operatingIncome": -281307000,
    "operatingIncomeRatio": -0.1557495225,
    "totalOtherIncomeExpensesNet": -111496000,
    "incomeBeforeTax": -392803000,
    "incomeBeforeTaxRatio": -0.2174808294,
    "incomeTaxExpense": 0,
    "netIncome": -392803000,
    "netIncomeRatio": -0.2174808294,
    "eps": -1.8,
    "epsdiluted": -1.8,
    "weightedAverageShsOut": 218326000,
    "weightedAverageShsOutDil": 218326000,
    "link": "https://www.sec.gov/Archives/edgar/data/884887/000104746913001567/0001047469-13-001567-index.htm",
    "finalLink": "https://www.sec.gov/Archives/edgar/data/884887/000104746913001567/a2213132z10-k.htm"
  },
  {
    "date": "2012-09-30",
    "symbol": "RCL",
    "reportedCurrency": "USD",
    "cik": "0000884887",
    "fillingDate": "2012-10-25",
    "acceptedDate": "2012-10-25 16:32:45",
    "calendarYear": "2012",
    "period": "Q3",
    "revenue": 2226390000,
    "costOfRevenue": 1348325000,
    "grossProfit": 878065000,
    "grossProfitRatio": 0.3943895724,
    "researchAndDevelopmentExpenses": 0,
    "generalAndAdministrativeExpenses": 0,
    "sellingAndMarketingExpenses": 0,
    "sellingGeneralAndAdministrativeExpenses": 243877000,
    "otherExpenses": 182051000,
    "operatingExpenses": 425928000,
    "costAndExpenses": 1774253000,
    "interestIncome": 4744000,
    "interestExpense": 84977000,
    "depreciationAndAmortization": 182051000,
    "ebitda": 634807000,
    "ebitdaratio": 0.2851283917,
    "operatingIncome": 452137000,
    "operatingIncomeRatio": 0.203080772,
    "totalOtherIncomeExpensesNet": -84358000,
    "incomeBeforeTax": 367779000,
    "incomeBeforeTaxRatio": 0.1651907348,
    "incomeTaxExpense": 0,
    "netIncome": 367779000,
    "netIncomeRatio": 0.1651907348,
    "eps": 1.69,
    "epsdiluted": 1.68,
    "weightedAverageShsOut": 217940000,
    "weightedAverageShsOutDil": 219296000,
    "link": "https://www.sec.gov/Archives/edgar/data/884887/000110465912071206/0001104659-12-071206-index.htm",
    "finalLink": "https://www.sec.gov/Archives/edgar/data/884887/000110465912071206/a12-18840_110q.htm"
  },
  {
    "date": "2012-06-30",
    "symbol": "RCL",
    "reportedCurrency": "USD",
    "cik": "0000884887",
    "fillingDate": "2012-07-27",
    "acceptedDate": "2012-07-27 07:01:05",
    "calendarYear": "2012",
    "period": "Q2",
    "revenue": 1821004000,
    "costOfRevenue": 1296014000,
    "grossProfit": 524990000,
    "grossProfitRatio": 0.2882970054,
    "researchAndDevelopmentExpenses": 0,
    "generalAndAdministrativeExpenses": 0,
    "sellingAndMarketingExpenses": 0,
    "sellingGeneralAndAdministrativeExpenses": 247571000,
    "otherExpenses": 180514000,
    "operatingExpenses": 428085000,
    "costAndExpenses": 1724099000,
    "interestIncome": 4972000,
    "interestExpense": 89106000,
    "depreciationAndAmortization": 180514000,
    "ebitda": 265967000,
    "ebitdaratio": 0.1460551432,
    "operatingIncome": 96905000,
    "operatingIncomeRatio": 0.0532151494,
    "totalOtherIncomeExpensesNet": -100558000,
    "incomeBeforeTax": -3653000,
    "incomeBeforeTaxRatio": -0.0020060362,
    "incomeTaxExpense": 0,
    "netIncome": -3653000,
    "netIncomeRatio": -0.0020060362,
    "eps": -0.0168,
    "epsdiluted": -0.0168,
    "weightedAverageShsOut": 217866000,
    "weightedAverageShsOutDil": 217866000,
    "link": "https://www.sec.gov/Archives/edgar/data/884887/000110465912051601/0001104659-12-051601-index.htm",
    "finalLink": "https://www.sec.gov/Archives/edgar/data/884887/000110465912051601/a12-12600_110q.htm"
  },
  {
    "date": "2012-03-31",
    "symbol": "RCL",
    "reportedCurrency": "USD",
    "cik": "0000884887",
    "fillingDate": "2012-04-24",
    "acceptedDate": "2012-04-24 16:45:17",
    "calendarYear": "2012",
    "period": "Q1",
    "revenue": 1834480000,
    "costOfRevenue": 1255112000,
    "grossProfit": 579368000,
    "grossProfitRatio": 0.3158213772,
    "researchAndDevelopmentExpenses": 0,
    "generalAndAdministrativeExpenses": 0,
    "sellingAndMarketingExpenses": 0,
    "sellingGeneralAndAdministrativeExpenses": 264601000,
    "otherExpenses": 179392000,
    "operatingExpenses": 443993000,
    "costAndExpenses": 1699105000,
    "interestIncome": 6346000,
    "interestExpense": 92666000,
    "depreciationAndAmortization": 179392000,
    "ebitda": 319022000,
    "ebitdaratio": 0.1739032314,
    "operatingIncome": 135375000,
    "operatingIncomeRatio": 0.0737947538,
    "totalOtherIncomeExpensesNet": -88411000,
    "incomeBeforeTax": 46964000,
    "incomeBeforeTaxRatio": 0.0256007152,
    "incomeTaxExpense": 0,
    "netIncome": 46964000,
    "netIncomeRatio": 0.0256007152,
    "eps": 0.22,
    "epsdiluted": 0.21,
    "weightedAverageShsOut": 217584000,
    "weightedAverageShsOutDil": 219230000,
    "link": "https://www.sec.gov/Archives/edgar/data/884887/000119312512179001/0001193125-12-179001-index.htm",
    "finalLink": "https://www.sec.gov/Archives/edgar/data/884887/000119312512179001/d322907d10q.htm"
  },
  {
    "date": "2011-12-31",
    "symbol": "RCL",
    "reportedCurrency": "USD",
    "cik": "0000884887",
    "fillingDate": "2012-02-29",
    "acceptedDate": "2012-02-29 09:02:22",
    "calendarYear": "2011",
    "period": "Q4",
    "revenue": 1775401000,
    "costOfRevenue": 1250861000,
    "grossProfit": 524540000,
    "grossProfitRatio": 0.2954487465,
    "researchAndDevelopmentExpenses": 0,
    "generalAndAdministrativeExpenses": 0,
    "sellingAndMarketingExpenses": 0,
    "sellingGeneralAndAdministrativeExpenses": 238445000,
    "otherExpenses": 179933000,
    "operatingExpenses": 418378000,
    "costAndExpenses": 1669239000,
    "interestIncome": 7989000,
    "interestExpense": 90625000,
    "depreciationAndAmortization": 179933000,
    "ebitda": 286095000,
    "ebitdaratio": 0.1611438768,
    "operatingIncome": 106162000,
    "operatingIncomeRatio": 0.0597960686,
    "totalOtherIncomeExpensesNet": -106162000,
    "incomeBeforeTax": 0,
    "incomeBeforeTaxRatio": 0,
    "incomeTaxExpense": 0,
    "netIncome": 36562000,
    "netIncomeRatio": 0.0205936574,
    "eps": 0.17,
    "epsdiluted": 0.17,
    "weightedAverageShsOut": 217044000,
    "weightedAverageShsOutDil": 219081500,
    "link": "https://www.sec.gov/Archives/edgar/data/884887/000119312512087322/0001193125-12-087322-index.htm",
    "finalLink": "https://www.sec.gov/Archives/edgar/data/884887/000119312512087322/d254924d10k.htm"
  },
  {
    "date": "2011-09-30",
    "symbol": "RCL",
    "reportedCurrency": "USD",
    "cik": "0000884887",
    "fillingDate": "2011-10-31",
    "acceptedDate": "2011-10-31 07:30:59",
    "calendarYear": "2011",
    "period": "Q3",
    "revenue": 2321994000,
    "costOfRevenue": 1405300000,
    "grossProfit": 916694000,
    "grossProfitRatio": 0.3947874112,
    "researchAndDevelopmentExpenses": 0,
    "generalAndAdministrativeExpenses": 0,
    "sellingAndMarketingExpenses": 0,
    "sellingGeneralAndAdministrativeExpenses": 231761000,
    "otherExpenses": 177191000,
    "operatingExpenses": 408952000,
    "costAndExpenses": 1814252000,
    "interestIncome": 7070000,
    "interestExpense": 98198000,
    "depreciationAndAmortization": 177191000,
    "ebitda": 674347000,
    "ebitdaratio": 0.2904172018,
    "operatingIncome": 507742000,
    "operatingIncomeRatio": 0.2186663704,
    "totalOtherIncomeExpensesNet": -108784000,
    "incomeBeforeTax": 398958000,
    "incomeBeforeTaxRatio": 0.1718169814,
    "incomeTaxExpense": 0,
    "netIncome": 398958000,
    "netIncomeRatio": 0.1718169814,
    "eps": 1.84,
    "epsdiluted": 1.82,
    "weightedAverageShsOut": 217105000,
    "weightedAverageShsOutDil": 218934000,
    "link": "https://www.sec.gov/Archives/edgar/data/884887/000119312511287156/0001193125-11-287156-index.htm",
    "finalLink": "https://www.sec.gov/Archives/edgar/data/884887/000119312511287156/d236008d10q.htm"
  },
  {
    "date": "2011-06-30",
    "symbol": "RCL",
    "reportedCurrency": "USD",
    "cik": "0000884887",
    "fillingDate": "2011-08-01",
    "acceptedDate": "2011-08-01 07:02:10",
    "calendarYear": "2011",
    "period": "Q2",
    "revenue": 1767873000,
    "costOfRevenue": 1185375000,
    "grossProfit": 582498000,
    "grossProfitRatio": 0.3294908627,
    "researchAndDevelopmentExpenses": 0,
    "generalAndAdministrativeExpenses": 0,
    "sellingAndMarketingExpenses": 0,
    "sellingGeneralAndAdministrativeExpenses": 242258000,
    "otherExpenses": 172050000,
    "operatingExpenses": 414308000,
    "costAndExpenses": 1599683000,
    "interestIncome": 6478000,
    "interestExpense": 92968000,
    "depreciationAndAmortization": 172050000,
    "ebitda": 358509000,
    "ebitdaratio": 0.2027911507,
    "operatingIncome": 168190000,
    "operatingIncomeRatio": 0.0951369244,
    "totalOtherIncomeExpensesNet": -74699000,
    "incomeBeforeTax": 93491000,
    "incomeBeforeTaxRatio": 0.0528833236,
    "incomeTaxExpense": 0,
    "netIncome": 93491000,
    "netIncomeRatio": 0.0528833236,
    "eps": 0.43,
    "epsdiluted": 0.43,
    "weightedAverageShsOut": 217028000,
    "weightedAverageShsOutDil": 219370000,
    "link": "https://www.sec.gov/Archives/edgar/data/884887/000119312511203661/0001193125-11-203661-index.htm",
    "finalLink": "https://www.sec.gov/Archives/edgar/data/884887/000119312511203661/d10q.htm"
  },
  {
    "date": "2011-03-31",
    "symbol": "RCL",
    "reportedCurrency": "USD",
    "cik": "0000884887",
    "fillingDate": "2011-04-28",
    "acceptedDate": "2011-04-28 16:36:21",
    "calendarYear": "2011",
    "period": "Q1",
    "revenue": 1671995000,
    "costOfRevenue": 1101071000,
    "grossProfit": 570924000,
    "grossProfitRatio": 0.3414627436,
    "researchAndDevelopmentExpenses": 0,
    "generalAndAdministrativeExpenses": 0,
    "sellingAndMarketingExpenses": 0,
    "sellingGeneralAndAdministrativeExpenses": 248138000,
    "otherExpenses": 173252000,
    "operatingExpenses": 421390000,
    "costAndExpenses": 1522461000,
    "interestIncome": 3781000,
    "interestExpense": 100625000,
    "depreciationAndAmortization": 173252000,
    "ebitda": 322786000,
    "ebitdaratio": 0.1930544051,
    "operatingIncome": 149534000,
    "operatingIncomeRatio": 0.089434478,
    "totalOtherIncomeExpensesNet": -149534000,
    "incomeBeforeTax": 0,
    "incomeBeforeTaxRatio": 0,
    "incomeTaxExpense": 0,
    "netIncome": 78410000,
    "netIncomeRatio": 0.0468960733,
    "eps": 0.36,
    "epsdiluted": 0.36,
    "weightedAverageShsOut": 216511000,
    "weightedAverageShsOutDil": 219626000,
    "link": "https://www.sec.gov/Archives/edgar/data/884887/000119312511115336/0001193125-11-115336-index.htm",
    "finalLink": "https://www.sec.gov/Archives/edgar/data/884887/000119312511115336/d10q.htm"
  },
  {
    "date": "2010-12-31",
    "symbol": "RCL",
    "reportedCurrency": "USD",
    "cik": "0000884887",
    "fillingDate": "2011-02-24",
    "acceptedDate": "2011-02-24 16:44:04",
    "calendarYear": "2010",
    "period": "Q4",
    "revenue": 1604498000,
    "costOfRevenue": 1106989000,
    "grossProfit": 497509000,
    "grossProfitRatio": 0.3100714367,
    "researchAndDevelopmentExpenses": 0,
    "generalAndAdministrativeExpenses": 0,
    "sellingAndMarketingExpenses": 0,
    "sellingGeneralAndAdministrativeExpenses": 211936000,
    "otherExpenses": 163878000,
    "operatingExpenses": 375814000,
    "costAndExpenses": 1482803000,
    "interestIncome": 4696000,
    "interestExpense": 89129000,
    "depreciationAndAmortization": 163878000,
    "ebitda": 285573000,
    "ebitdaratio": 0.1779827709,
    "operatingIncome": 121695000,
    "operatingIncomeRatio": 0.0758461525,
    "totalOtherIncomeExpensesNet": -121695000,
    "incomeBeforeTax": 0,
    "incomeBeforeTaxRatio": 0,
    "incomeTaxExpense": 0,
    "netIncome": 42707000,
    "netIncomeRatio": 0.0266170478,
    "eps": 0.2,
    "epsdiluted": 0.2,
    "weightedAverageShsOut": 215768500,
    "weightedAverageShsOutDil": 218668500,
    "link": "https://www.sec.gov/Archives/edgar/data/884887/000119312511045435/0001193125-11-045435-index.htm",
    "finalLink": "https://www.sec.gov/Archives/edgar/data/884887/000119312511045435/d10k.htm"
  },
  {
    "date": "2010-09-30",
    "symbol": "RCL",
    "reportedCurrency": "USD",
    "cik": "0000884887",
    "fillingDate": "2010-10-27",
    "acceptedDate": "2010-10-27 16:35:53",
    "calendarYear": "2010",
    "period": "Q3",
    "revenue": 2060659000,
    "costOfRevenue": 1239625000,
    "grossProfit": 821034000,
    "grossProfitRatio": 0.3984327344,
    "researchAndDevelopmentExpenses": 0,
    "generalAndAdministrativeExpenses": 0,
    "sellingAndMarketingExpenses": 0,
    "sellingGeneralAndAdministrativeExpenses": 213300000,
    "otherExpenses": 162232000,
    "operatingExpenses": 375532000,
    "costAndExpenses": 1615157000,
    "interestIncome": 1815000,
    "interestExpense": 89082000,
    "depreciationAndAmortization": 162232000,
    "ebitda": 607734000,
    "ebitdaratio": 0.2949221584,
    "operatingIncome": 445502000,
    "operatingIncomeRatio": 0.2161939457,
    "totalOtherIncomeExpensesNet": -445502000,
    "incomeBeforeTax": 0,
    "incomeBeforeTaxRatio": 0,
    "incomeTaxExpense": 0,
    "netIncome": 350179000,
    "netIncomeRatio": 0.169935443,
    "eps": 1.66,
    "epsdiluted": 1.64,
    "weightedAverageShsOut": 215150000,
    "weightedAverageShsOutDil": 217512000,
    "link": "https://www.sec.gov/Archives/edgar/data/884887/000119312510238042/0001193125-10-238042-index.htm",
    "finalLink": "https://www.sec.gov/Archives/edgar/data/884887/000119312510238042/d10q.htm"
  },
  {
    "date": "2010-06-30",
    "symbol": "RCL",
    "reportedCurrency": "USD",
    "cik": "0000884887",
    "fillingDate": "2010-07-23",
    "acceptedDate": "2010-07-23 16:35:44",
    "calendarYear": "2010",
    "period": "Q2",
    "revenue": 1601697000,
    "costOfRevenue": 1086187000,
    "grossProfit": 515510000,
    "grossProfitRatio": 0.3218523853,
    "researchAndDevelopmentExpenses": 0,
    "generalAndAdministrativeExpenses": 0,
    "sellingAndMarketingExpenses": 0,
    "sellingGeneralAndAdministrativeExpenses": 211795000,
    "otherExpenses": 160031000,
    "operatingExpenses": 371826000,
    "costAndExpenses": 1458013000,
    "interestIncome": 1363000,
    "interestExpense": 90661000,
    "depreciationAndAmortization": 160031000,
    "ebitda": 303715000,
    "ebitdaratio": 0.1896207585,
    "operatingIncome": 143684000,
    "operatingIncomeRatio": 0.0897073541,
    "totalOtherIncomeExpensesNet": -143684000,
    "incomeBeforeTax": 0,
    "incomeBeforeTaxRatio": 0,
    "incomeTaxExpense": 0,
    "netIncome": 53731000,
    "netIncomeRatio": 0.033546295,
    "eps": 0.28,
    "epsdiluted": 0.28,
    "weightedAverageShsOut": 215043000,
    "weightedAverageShsOutDil": 217561000,
    "link": "https://www.sec.gov/Archives/edgar/data/884887/000119312510165048/0001193125-10-165048-index.htm",
    "finalLink": "https://www.sec.gov/Archives/edgar/data/884887/000119312510165048/d10q.htm"
  },
  {
    "date": "2010-03-31",
    "symbol": "RCL",
    "reportedCurrency": "USD",
    "cik": "0000884887",
    "fillingDate": "2010-04-29",
    "acceptedDate": "2010-04-29 08:01:27",
    "calendarYear": "2010",
    "period": "Q1",
    "revenue": 1485650000,
    "costOfRevenue": 1025275000,
    "grossProfit": 460375000,
    "grossProfitRatio": 0.3098811968,
    "researchAndDevelopmentExpenses": 0,
    "generalAndAdministrativeExpenses": 0,
    "sellingAndMarketingExpenses": 0,
    "sellingGeneralAndAdministrativeExpenses": 211048000,
    "otherExpenses": 157575000,
    "operatingExpenses": 368623000,
    "costAndExpenses": 1393898000,
    "interestIncome": 1369000,
    "interestExpense": 83924000,
    "depreciationAndAmortization": 157575000,
    "ebitda": 249327000,
    "ebitdaratio": 0.1678235116,
    "operatingIncome": 91752000,
    "operatingIncomeRatio": 0.0617588261,
    "totalOtherIncomeExpensesNet": -91752000,
    "incomeBeforeTax": 0,
    "incomeBeforeTaxRatio": 0,
    "incomeTaxExpense": 0,
    "netIncome": 87447000,
    "netIncomeRatio": 0.0588611046,
    "eps": 0.41,
    "epsdiluted": 0.4,
    "weightedAverageShsOut": 214314000,
    "weightedAverageShsOutDil": 216975000,
    "link": "https://www.sec.gov/Archives/edgar/data/884887/000119312510097930/0001193125-10-097930-index.htm",
    "finalLink": "https://www.sec.gov/Archives/edgar/data/884887/000119312510097930/d10q.htm"
  },
  {
    "date": "2009-12-31",
    "symbol": "RCL",
    "reportedCurrency": "USD",
    "cik": "0000884887",
    "fillingDate": "2010-02-23",
    "acceptedDate": "2010-02-23 16:36:36",
    "calendarYear": "2009",
    "period": "Q4",
    "revenue": 1451667000,
    "costOfRevenue": 1037245000,
    "grossProfit": 414422000,
    "grossProfitRatio": 0.2854800722,
    "researchAndDevelopmentExpenses": 0,
    "generalAndAdministrativeExpenses": 0,
    "sellingAndMarketingExpenses": 0,
    "sellingGeneralAndAdministrativeExpenses": 185655000,
    "otherExpenses": 146412000,
    "operatingExpenses": 332067000,
    "costAndExpenses": 1369312000,
    "interestIncome": 1902000,
    "interestExpense": 78311000,
    "depreciationAndAmortization": 146412000,
    "ebitda": 228767000,
    "ebitdaratio": 0.1575891716,
    "operatingIncome": 82355000,
    "operatingIncomeRatio": 0.0567313303,
    "totalOtherIncomeExpensesNet": -82355000,
    "incomeBeforeTax": 0,
    "incomeBeforeTaxRatio": 0,
    "incomeTaxExpense": 0,
    "netIncome": 3353000,
    "netIncomeRatio": 0.0023097584,
    "eps": 0.0157,
    "epsdiluted": 0.0156,
    "weightedAverageShsOut": 213824000,
    "weightedAverageShsOutDil": 215482000,
    "link": "https://www.sec.gov/Archives/edgar/data/884887/000119312510037643/0001193125-10-037643-index.htm",
    "finalLink": "https://www.sec.gov/Archives/edgar/data/884887/000119312510037643/d10k.htm"
  },
  {
    "date": "2009-09-30",
    "symbol": "RCL",
    "reportedCurrency": "USD",
    "cik": "0000884887",
    "fillingDate": "2009-11-03",
    "acceptedDate": "2009-11-03 17:00:20",
    "calendarYear": "2009",
    "period": "Q3",
    "revenue": 1763542000,
    "costOfRevenue": 1116086000,
    "grossProfit": 647456000,
    "grossProfitRatio": 0.3671338704,
    "researchAndDevelopmentExpenses": 0,
    "generalAndAdministrativeExpenses": 0,
    "sellingAndMarketingExpenses": 0,
    "sellingGeneralAndAdministrativeExpenses": 196594000,
    "otherExpenses": 144021000,
    "operatingExpenses": 340615000,
    "costAndExpenses": 1456701000,
    "interestIncome": 2225000,
    "interestExpense": 73912000,
    "depreciationAndAmortization": 144021000,
    "ebitda": 450862000,
    "ebitdaratio": 0.255657081,
    "operatingIncome": 306841000,
    "operatingIncomeRatio": 0.1739913197,
    "totalOtherIncomeExpensesNet": -306841000,
    "incomeBeforeTax": 0,
    "incomeBeforeTaxRatio": 0,
    "incomeTaxExpense": 0,
    "netIncome": 230392000,
    "netIncomeRatio": 0.1306416292,
    "eps": 1.08,
    "epsdiluted": 1.07,
    "weightedAverageShsOut": 213839000,
    "weightedAverageShsOutDil": 215669000,
    "link": "https://www.sec.gov/Archives/edgar/data/884887/000119312509222226/0001193125-09-222226-index.htm",
    "finalLink": "https://www.sec.gov/Archives/edgar/data/884887/000119312509222226/d10q.htm"
  },
  {
    "date": "2009-06-30",
    "symbol": "RCL",
    "reportedCurrency": "USD",
    "cik": "0000884887",
    "fillingDate": "2009-07-29",
    "acceptedDate": "2009-07-29 16:15:45",
    "calendarYear": "2009",
    "period": "Q2",
    "revenue": 1349015000,
    "costOfRevenue": 965435000,
    "grossProfit": 383580000,
    "grossProfitRatio": 0.2843407968,
    "researchAndDevelopmentExpenses": 0,
    "generalAndAdministrativeExpenses": 0,
    "sellingAndMarketingExpenses": 0,
    "sellingGeneralAndAdministrativeExpenses": 190593000,
    "otherExpenses": 137925000,
    "operatingExpenses": 328518000,
    "costAndExpenses": 1293953000,
    "interestIncome": 1159000,
    "interestExpense": 68327000,
    "depreciationAndAmortization": 137925000,
    "ebitda": 192987000,
    "ebitdaratio": 0.1430577125,
    "operatingIncome": 55062000,
    "operatingIncomeRatio": 0.0408164476,
    "totalOtherIncomeExpensesNet": -55062000,
    "incomeBeforeTax": 0,
    "incomeBeforeTaxRatio": 0,
    "incomeTaxExpense": 0,
    "netIncome": -35086000,
    "netIncomeRatio": -0.0260086063,
    "eps": -0.16,
    "epsdiluted": -0.16,
    "weightedAverageShsOut": 213780000,
    "weightedAverageShsOutDil": 213780000,
    "link": "https://www.sec.gov/Archives/edgar/data/884887/000119312509158149/0001193125-09-158149-index.htm",
    "finalLink": "https://www.sec.gov/Archives/edgar/data/884887/000119312509158149/d10q.htm"
  },
  {
    "date": "2009-03-31",
    "symbol": "RCL",
    "reportedCurrency": "USD",
    "cik": "0000884887",
    "fillingDate": "2009-04-23",
    "acceptedDate": "2009-04-23 17:03:23",
    "calendarYear": "2009",
    "period": "Q1",
    "revenue": 1325602000,
    "costOfRevenue": 952336000,
    "grossProfit": 373266000,
    "grossProfitRatio": 0.2815822547,
    "researchAndDevelopmentExpenses": 0,
    "generalAndAdministrativeExpenses": 0,
    "sellingAndMarketingExpenses": 0,
    "sellingGeneralAndAdministrativeExpenses": 189157000,
    "otherExpenses": 139856000,
    "operatingExpenses": 329013000,
    "costAndExpenses": 1281349000,
    "interestIncome": 1730000,
    "interestExpense": 79462000,
    "depreciationAndAmortization": 139856000,
    "ebitda": 184109000,
    "ebitdaratio": 0.1388870868,
    "operatingIncome": 44253000,
    "operatingIncomeRatio": 0.0333833232,
    "totalOtherIncomeExpensesNet": -44253000,
    "incomeBeforeTax": 0,
    "incomeBeforeTaxRatio": 0,
    "incomeTaxExpense": 0,
    "netIncome": -36238000,
    "netIncomeRatio": -0.0273370137,
    "eps": -0.17,
    "epsdiluted": -0.17,
    "weightedAverageShsOut": 213687000,
    "weightedAverageShsOutDil": 213687000,
    "link": "https://www.sec.gov/Archives/edgar/data/884887/000119312509085870/0001193125-09-085870-index.htm",
    "finalLink": "https://www.sec.gov/Archives/edgar/data/884887/000119312509085870/d10q.htm"
  },
  {
    "date": "2008-12-31",
    "symbol": "RCL",
    "reportedCurrency": "USD",
    "cik": "0000884887",
    "fillingDate": "2009-02-24",
    "acceptedDate": "2009-02-24 07:33:42",
    "calendarYear": "2008",
    "period": "Q4",
    "revenue": 1456277000,
    "costOfRevenue": 2326036000,
    "grossProfit": -869759000,
    "grossProfitRatio": -0.5972483257,
    "researchAndDevelopmentExpenses": 0,
    "generalAndAdministrativeExpenses": 0,
    "sellingAndMarketingExpenses": 0,
    "sellingGeneralAndAdministrativeExpenses": 183918000,
    "otherExpenses": -1117236000,
    "operatingExpenses": -933318000,
    "costAndExpenses": 1392718000,
    "interestIncome": 2973000,
    "interestExpense": 87718000,
    "depreciationAndAmortization": 133980000,
    "ebitda": 197539000,
    "ebitdaratio": 0.1356465837,
    "operatingIncome": 63559000,
    "operatingIncomeRatio": 0.043644856,
    "totalOtherIncomeExpensesNet": -63559000,
    "incomeBeforeTax": 0,
    "incomeBeforeTaxRatio": 0,
    "incomeTaxExpense": 0,
    "netIncome": 1479000,
    "netIncomeRatio": 0.0010156035,
    "eps": 0.0069,
    "epsdiluted": 0.0069,
    "weightedAverageShsOut": 213500500,
    "weightedAverageShsOutDil": 214183500,
    "link": "https://www.sec.gov/Archives/edgar/data/884887/000119312509035629/0001193125-09-035629-index.htm",
    "finalLink": "https://www.sec.gov/Archives/edgar/data/884887/000119312509035629/d10k.htm"
  },
  {
    "date": "2008-09-30",
    "symbol": "RCL",
    "reportedCurrency": "USD",
    "cik": "0000884887",
    "fillingDate": "2008-10-29",
    "acceptedDate": "2008-10-29 07:17:46",
    "calendarYear": "2008",
    "period": "Q3",
    "revenue": 2063389000,
    "costOfRevenue": 1275661000,
    "grossProfit": 787728000,
    "grossProfitRatio": 0.3817641753,
    "researchAndDevelopmentExpenses": 0,
    "generalAndAdministrativeExpenses": 0,
    "sellingAndMarketingExpenses": 0,
    "sellingGeneralAndAdministrativeExpenses": 191115000,
    "otherExpenses": 134706000,
    "operatingExpenses": 325821000,
    "costAndExpenses": 1601482000,
    "interestIncome": 5620000,
    "interestExpense": 80560000,
    "depreciationAndAmortization": 134706000,
    "ebitda": 596613000,
    "ebitdaratio": 0.28914228,
    "operatingIncome": 461907000,
    "operatingIncomeRatio": 0.2238584193,
    "totalOtherIncomeExpensesNet": -461907000,
    "incomeBeforeTax": 0,
    "incomeBeforeTaxRatio": 0,
    "incomeTaxExpense": 0,
    "netIncome": 411887000,
    "netIncomeRatio": 0.199616747,
    "eps": 1.93,
    "epsdiluted": 1.92,
    "weightedAverageShsOut": 213524000,
    "weightedAverageShsOutDil": 214172000,
    "link": "https://www.sec.gov/Archives/edgar/data/884887/000119312508218425/0001193125-08-218425-index.htm",
    "finalLink": "https://www.sec.gov/Archives/edgar/data/884887/000119312508218425/d10q.htm"
  },
  {
    "date": "2008-06-30",
    "symbol": "RCL",
    "reportedCurrency": "USD",
    "cik": "0000884887",
    "fillingDate": "2008-07-25",
    "acceptedDate": "2008-07-25 16:17:39",
    "calendarYear": "2008",
    "period": "Q2",
    "revenue": 1583774000,
    "costOfRevenue": 1090999000,
    "grossProfit": 492775000,
    "grossProfitRatio": 0.3111397207,
    "researchAndDevelopmentExpenses": 0,
    "generalAndAdministrativeExpenses": 0,
    "sellingAndMarketingExpenses": 0,
    "sellingGeneralAndAdministrativeExpenses": 196548000,
    "otherExpenses": 127277000,
    "operatingExpenses": 323825000,
    "costAndExpenses": 1414824000,
    "interestIncome": 3015000,
    "interestExpense": 81086000,
    "depreciationAndAmortization": 127277000,
    "ebitda": 296227000,
    "ebitdaratio": 0.187038681,
    "operatingIncome": 168950000,
    "operatingIncomeRatio": 0.1066755737,
    "totalOtherIncomeExpensesNet": -168950000,
    "incomeBeforeTax": 0,
    "incomeBeforeTaxRatio": 0,
    "incomeTaxExpense": 0,
    "netIncome": 84749000,
    "netIncomeRatio": 0.0535107913,
    "eps": 0.4,
    "epsdiluted": 0.4,
    "weightedAverageShsOut": 213482000,
    "weightedAverageShsOutDil": 214280000,
    "link": "https://www.sec.gov/Archives/edgar/data/884887/000095014408005712/0000950144-08-005712-index.htm",
    "finalLink": "https://www.sec.gov/Archives/edgar/data/884887/000095014408005712/g14349e10vq.htm"
  },
  {
    "date": "2008-03-31",
    "symbol": "RCL",
    "reportedCurrency": "USD",
    "cik": "0000884887",
    "fillingDate": "2008-04-24",
    "acceptedDate": "2008-04-24 16:40:24",
    "calendarYear": "2008",
    "period": "Q1",
    "revenue": 1429085000,
    "costOfRevenue": 962186000,
    "grossProfit": 466899000,
    "grossProfitRatio": 0.3267118471,
    "researchAndDevelopmentExpenses": 0,
    "generalAndAdministrativeExpenses": 462881000,
    "sellingAndMarketingExpenses": -257940000,
    "sellingGeneralAndAdministrativeExpenses": 204941000,
    "otherExpenses": 124390000,
    "operatingExpenses": 329331000,
    "costAndExpenses": 1291517000,
    "interestIncome": 2508000,
    "interestExpense": 77948000,
    "depreciationAndAmortization": 124390000,
    "ebitda": 261958000,
    "ebitdaratio": 0.183304702,
    "operatingIncome": 137568000,
    "operatingIncomeRatio": 0.0962629935,
    "totalOtherIncomeExpensesNet": -137568000,
    "incomeBeforeTax": 0,
    "incomeBeforeTaxRatio": 0,
    "incomeTaxExpense": 0,
    "netIncome": 75607000,
    "netIncomeRatio": 0.0529058803,
    "eps": 0.35,
    "epsdiluted": 0.35,
    "weightedAverageShsOut": 213326000,
    "weightedAverageShsOutDil": 214464000,
    "link": "https://www.sec.gov/Archives/edgar/data/884887/000088488708000098/0000884887-08-000098-index.htm",
    "finalLink": "https://www.sec.gov/Archives/edgar/data/884887/000088488708000098/final10q1qtr08.htm"
  },
  {
    "date": "2007-12-31",
    "symbol": "RCL",
    "reportedCurrency": "USD",
    "cik": "0000884887",
    "fillingDate": "2008-02-19",
    "acceptedDate": "2008-02-19 07:25:42",
    "calendarYear": "2007",
    "period": "Q4",
    "revenue": 1491094000,
    "costOfRevenue": 1025586000,
    "grossProfit": 465508000,
    "grossProfitRatio": 0.3121922562,
    "researchAndDevelopmentExpenses": 0,
    "generalAndAdministrativeExpenses": 483731000,
    "sellingAndMarketingExpenses": -279238000,
    "sellingGeneralAndAdministrativeExpenses": 204493000,
    "otherExpenses": 123045000,
    "operatingExpenses": 327538000,
    "costAndExpenses": 1353124000,
    "interestIncome": 0,
    "interestExpense": 0,
    "depreciationAndAmortization": 123045000,
    "ebitda": 261015000,
    "ebitdaratio": 0.1750493262,
    "operatingIncome": 137970000,
    "operatingIncomeRatio": 0.0925293778,
    "totalOtherIncomeExpensesNet": -137970000,
    "incomeBeforeTax": 0,
    "incomeBeforeTaxRatio": 0,
    "incomeTaxExpense": 0,
    "netIncome": 70830000,
    "netIncomeRatio": 0.0475020354,
    "eps": 0.33,
    "epsdiluted": 0.33,
    "weightedAverageShsOut": 212911500,
    "weightedAverageShsOutDil": 214134202,
    "link": "https://www.sec.gov/Archives/edgar/data/884887/000088488708000067/0000884887-08-000067-index.htm",
    "finalLink": "https://www.sec.gov/Archives/edgar/data/884887/000088488708000067/final10k07.htm"
  },
  {
    "date": "2007-09-30",
    "symbol": "RCL",
    "reportedCurrency": "USD",
    "cik": "0000884887",
    "fillingDate": "2007-10-22",
    "acceptedDate": "2007-10-22 17:30:39",
    "calendarYear": "2007",
    "period": "Q3",
    "revenue": 1953592000,
    "costOfRevenue": 1149244000,
    "grossProfit": 804348000,
    "grossProfitRatio": 0.4117277303,
    "researchAndDevelopmentExpenses": 0,
    "generalAndAdministrativeExpenses": 555640000,
    "sellingAndMarketingExpenses": -356471000,
    "sellingGeneralAndAdministrativeExpenses": 199169000,
    "otherExpenses": 122345000,
    "operatingExpenses": 321514000,
    "costAndExpenses": 1470758000,
    "interestIncome": 5704000,
    "interestExpense": 85270000,
    "depreciationAndAmortization": 122345000,
    "ebitda": 605179000,
    "ebitdaratio": 0.3097775789,
    "operatingIncome": 482834000,
    "operatingIncomeRatio": 0.247151913,
    "totalOtherIncomeExpensesNet": -482834000,
    "incomeBeforeTax": 0,
    "incomeBeforeTaxRatio": 0,
    "incomeTaxExpense": 0,
    "netIncome": 395000000,
    "netIncomeRatio": 0.2021916552,
    "eps": 1.85,
    "epsdiluted": 1.84,
    "weightedAverageShsOut": 213039000,
    "weightedAverageShsOutDil": 214295000,
    "link": "https://www.sec.gov/Archives/edgar/data/884887/000088488707000105/0000884887-07-000105-index.htm",
    "finalLink": "https://www.sec.gov/Archives/edgar/data/884887/000088488707000105/form10q3qtr07.htm"
  },
  {
    "date": "2007-06-30",
    "symbol": "RCL",
    "reportedCurrency": "USD",
    "cik": "0000884887",
    "fillingDate": "2007-07-26",
    "acceptedDate": "2007-07-26 15:26:33",
    "calendarYear": "2007",
    "period": "Q2",
    "revenue": 1481325000,
    "costOfRevenue": 965529000,
    "grossProfit": 515796000,
    "grossProfitRatio": 0.3481990785,
    "researchAndDevelopmentExpenses": 0,
    "generalAndAdministrativeExpenses": 461825000,
    "sellingAndMarketingExpenses": -268630000,
    "sellingGeneralAndAdministrativeExpenses": 193195000,
    "otherExpenses": 121718000,
    "operatingExpenses": 314913000,
    "costAndExpenses": 1280442000,
    "interestIncome": 6451000,
    "interestExpense": 85516000,
    "depreciationAndAmortization": 121718000,
    "ebitda": 322601000,
    "ebitdaratio": 0.2177786779,
    "operatingIncome": 200883000,
    "operatingIncomeRatio": 0.1356103488,
    "totalOtherIncomeExpensesNet": -200883000,
    "incomeBeforeTax": 0,
    "incomeBeforeTaxRatio": 0,
    "incomeTaxExpense": 0,
    "netIncome": 128745000,
    "netIncomeRatio": 0.0869120551,
    "eps": 0.61,
    "epsdiluted": 0.6,
    "weightedAverageShsOut": 212633000,
    "weightedAverageShsOutDil": 214157000,
    "link": "https://www.sec.gov/Archives/edgar/data/884887/000088488707000087/0000884887-07-000087-index.htm",
    "finalLink": "https://www.sec.gov/Archives/edgar/data/884887/000088488707000087/form10q2q07.htm"
  },
  {
    "date": "2007-03-31",
    "symbol": "RCL",
    "reportedCurrency": "USD",
    "cik": "0000884887",
    "fillingDate": "2007-05-01",
    "acceptedDate": "2007-05-01 16:37:59",
    "calendarYear": "2007",
    "period": "Q1",
    "revenue": 1223126000,
    "costOfRevenue": 841341000,
    "grossProfit": 381785000,
    "grossProfitRatio": 0.312138733,
    "researchAndDevelopmentExpenses": 0,
    "generalAndAdministrativeExpenses": 405869000,
    "sellingAndMarketingExpenses": -219685000,
    "sellingGeneralAndAdministrativeExpenses": 186184000,
    "otherExpenses": 115958000,
    "operatingExpenses": 302142000,
    "costAndExpenses": 1143483000,
    "interestIncome": 0,
    "interestExpense": 0,
    "depreciationAndAmortization": 115958000,
    "ebitda": 195601000,
    "ebitdaratio": 0.159918929,
    "operatingIncome": 79643000,
    "operatingIncomeRatio": 0.0651143055,
    "totalOtherIncomeExpensesNet": -79643000,
    "incomeBeforeTax": 0,
    "incomeBeforeTaxRatio": 0,
    "incomeTaxExpense": 0,
    "netIncome": 8825000,
    "netIncomeRatio": 0.0072151193,
    "eps": 0.04,
    "epsdiluted": 0.04,
    "weightedAverageShsOut": 212322000,
    "weightedAverageShsOutDil": 214005000,
    "link": "https://www.sec.gov/Archives/edgar/data/884887/000088488707000068/0000884887-07-000068-index.htm",
    "finalLink": "https://www.sec.gov/Archives/edgar/data/884887/000088488707000068/form10q0107.htm"
  },
  {
    "date": "2006-12-31",
    "symbol": "RCL",
    "reportedCurrency": "USD",
    "cik": "0000884887",
    "fillingDate": "2007-02-28",
    "acceptedDate": "2007-02-28 17:17:51",
    "calendarYear": "2006",
    "period": "Q4",
    "revenue": 1153213000,
    "costOfRevenue": 750356000,
    "grossProfit": 402857000,
    "grossProfitRatio": 0.3493344248,
    "researchAndDevelopmentExpenses": 0,
    "generalAndAdministrativeExpenses": 378652000,
    "sellingAndMarketingExpenses": -197469000,
    "sellingGeneralAndAdministrativeExpenses": 181183000,
    "otherExpenses": 108132000,
    "operatingExpenses": 289315000,
    "costAndExpenses": 1039671000,
    "interestIncome": 0,
    "interestExpense": 0,
    "depreciationAndAmortization": 108132000,
    "ebitda": 221674000,
    "ebitdaratio": 0.1922229458,
    "operatingIncome": 113542000,
    "operatingIncomeRatio": 0.0984570934,
    "totalOtherIncomeExpensesNet": -113542000,
    "incomeBeforeTax": 0,
    "incomeBeforeTaxRatio": 0,
    "incomeTaxExpense": 0,
    "netIncome": 46623000,
    "netIncomeRatio": 0.0404287846,
    "eps": 0.22,
    "epsdiluted": 0.22,
    "weightedAverageShsOut": 211463658,
    "weightedAverageShsOutDil": 214812364,
    "link": "https://www.sec.gov/Archives/edgar/data/884887/000088488707000043/0000884887-07-000043-index.htm",
    "finalLink": "https://www.sec.gov/Archives/edgar/data/884887/000088488707000043/form10kfinal.htm"
  },
  {
    "date": "2006-09-30",
    "symbol": "RCL",
    "reportedCurrency": "USD",
    "cik": "0000884887",
    "fillingDate": "2006-11-01",
    "acceptedDate": "2006-11-01 10:32:29",
    "calendarYear": "2006",
    "period": "Q3",
    "revenue": 1636851000,
    "costOfRevenue": 944166000,
    "grossProfit": 692685000,
    "grossProfitRatio": 0.4231814625,
    "researchAndDevelopmentExpenses": 0,
    "generalAndAdministrativeExpenses": 453207000,
    "sellingAndMarketingExpenses": -289462000,
    "sellingGeneralAndAdministrativeExpenses": 163745000,
    "otherExpenses": 109331000,
    "operatingExpenses": 273076000,
    "costAndExpenses": 1217242000,
    "interestIncome": 0,
    "interestExpense": 0,
    "depreciationAndAmortization": 109331000,
    "ebitda": 528940000,
    "ebitdaratio": 0.3231448678,
    "operatingIncome": 419609000,
    "operatingIncomeRatio": 0.2563513722,
    "totalOtherIncomeExpensesNet": -419609000,
    "incomeBeforeTax": 0,
    "incomeBeforeTaxRatio": 0,
    "incomeTaxExpense": 0,
    "netIncome": 345372000,
    "netIncomeRatio": 0.2109978245,
    "eps": 1.66,
    "epsdiluted": 1.63,
    "weightedAverageShsOut": 208129000,
    "weightedAverageShsOutDil": 213526000,
    "link": "https://www.sec.gov/Archives/edgar/data/884887/000088488706000048/0000884887-06-000048-index.htm",
    "finalLink": "https://www.sec.gov/Archives/edgar/data/884887/000088488706000048/form10q3q.htm"
  },
  {
    "date": "2006-06-30",
    "symbol": "RCL",
    "reportedCurrency": "USD",
    "cik": "0000884887",
    "fillingDate": "2006-07-27",
    "acceptedDate": "2006-07-27 09:05:43",
    "calendarYear": "2006",
    "period": "Q2",
    "revenue": 1292984000,
    "costOfRevenue": 824973000,
    "grossProfit": 468011000,
    "grossProfitRatio": 0.3619619423,
    "researchAndDevelopmentExpenses": 0,
    "generalAndAdministrativeExpenses": 410477000,
    "sellingAndMarketingExpenses": -228733000,
    "sellingGeneralAndAdministrativeExpenses": 181744000,
    "otherExpenses": 102023000,
    "operatingExpenses": 283767000,
    "costAndExpenses": 1108740000,
    "interestIncome": 0,
    "interestExpense": 0,
    "depreciationAndAmortization": 102023000,
    "ebitda": 286267000,
    "ebitdaratio": 0.2214002648,
    "operatingIncome": 184244000,
    "operatingIncomeRatio": 0.1424951894,
    "totalOtherIncomeExpensesNet": -184244000,
    "incomeBeforeTax": 0,
    "incomeBeforeTaxRatio": 0,
    "incomeTaxExpense": 0,
    "netIncome": 122427000,
    "netIncomeRatio": 0.0946856264,
    "eps": 0.58,
    "epsdiluted": 0.57,
    "weightedAverageShsOut": 211252000,
    "weightedAverageShsOutDil": 228193000,
    "link": "https://www.sec.gov/Archives/edgar/data/884887/000088488706000031/0000884887-06-000031-index.htm",
    "finalLink": "https://www.sec.gov/Archives/edgar/data/884887/000088488706000031/f10q_q2.htm"
  },
  {
    "date": "2006-03-31",
    "symbol": "RCL",
    "reportedCurrency": "USD",
    "cik": "0000884887",
    "fillingDate": "2006-04-26",
    "acceptedDate": "2006-04-25 18:30:46",
    "calendarYear": "2006",
    "period": "Q1",
    "revenue": 1146536000,
    "costOfRevenue": 730134000,
    "grossProfit": 416402000,
    "grossProfitRatio": 0.363182665,
    "researchAndDevelopmentExpenses": 0,
    "generalAndAdministrativeExpenses": 375457000,
    "sellingAndMarketingExpenses": -202265000,
    "sellingGeneralAndAdministrativeExpenses": 173192000,
    "otherExpenses": 102159000,
    "operatingExpenses": 275351000,
    "costAndExpenses": 1005485000,
    "interestIncome": 0,
    "interestExpense": 0,
    "depreciationAndAmortization": 102159000,
    "ebitda": 243210000,
    "ebitdaratio": 0.2121259167,
    "operatingIncome": 141051000,
    "operatingIncomeRatio": 0.123023612,
    "totalOtherIncomeExpensesNet": -141051000,
    "incomeBeforeTax": 0,
    "incomeBeforeTaxRatio": 0,
    "incomeTaxExpense": 0,
    "netIncome": 119499000,
    "netIncomeRatio": 0.1042261211,
    "eps": 0.57,
    "epsdiluted": 0.55,
    "weightedAverageShsOut": 211372000,
    "weightedAverageShsOutDil": 230695000,
    "link": "https://www.sec.gov/Archives/edgar/data/884887/000088488706000012/0000884887-06-000012-index.htm",
    "finalLink": "https://www.sec.gov/Archives/edgar/data/884887/000088488706000012/form10q_1stqtr.htm"
  },
  {
    "date": "2005-12-31",
    "symbol": "RCL",
    "reportedCurrency": "USD",
    "cik": "0000884887",
    "fillingDate": "2006-02-24",
    "acceptedDate": "2006-02-24 09:37:14",
    "calendarYear": "2005",
    "period": "Q4",
    "revenue": 1029640000,
    "costOfRevenue": 703823000,
    "grossProfit": 325817000,
    "grossProfitRatio": 0.3164377841,
    "researchAndDevelopmentExpenses": 0,
    "generalAndAdministrativeExpenses": 348148000,
    "sellingAndMarketingExpenses": -179439000,
    "sellingGeneralAndAdministrativeExpenses": 168709000,
    "otherExpenses": 101312000,
    "operatingExpenses": 270021000,
    "costAndExpenses": 973844000,
    "interestIncome": 0,
    "interestExpense": 0,
    "depreciationAndAmortization": 101312000,
    "ebitda": 157108000,
    "ebitdaratio": 0.1525853696,
    "operatingIncome": 55796000,
    "operatingIncomeRatio": 0.0541898139,
    "totalOtherIncomeExpensesNet": -55796000,
    "incomeBeforeTax": 0,
    "incomeBeforeTaxRatio": 0,
    "incomeTaxExpense": 0,
    "netIncome": -3604000,
    "netIncomeRatio": -0.0035002525,
    "eps": -0.0173,
    "epsdiluted": -0.016,
    "weightedAverageShsOut": 208849689,
    "weightedAverageShsOutDil": 225156703,
    "link": "https://www.sec.gov/Archives/edgar/data/884887/000088488706000003/0000884887-06-000003-index.htm",
    "finalLink": "https://www.sec.gov/Archives/edgar/data/884887/000088488706000003/form10k2005.htm"
  },
  {
    "date": "2005-09-30",
    "symbol": "RCL",
    "reportedCurrency": "USD",
    "cik": "0000884887",
    "fillingDate": "2005-11-03",
    "acceptedDate": "2005-11-03 16:25:07",
    "calendarYear": "2005",
    "period": "Q3",
    "revenue": 1502215000,
    "costOfRevenue": 844632000,
    "grossProfit": 657583000,
    "grossProfitRatio": 0.4377422673,
    "researchAndDevelopmentExpenses": 0,
    "generalAndAdministrativeExpenses": 409603000,
    "sellingAndMarketingExpenses": -253496000,
    "sellingGeneralAndAdministrativeExpenses": 156107000,
    "otherExpenses": 101020000,
    "operatingExpenses": 257127000,
    "costAndExpenses": 1101759000,
    "interestIncome": 0,
    "interestExpense": 0,
    "depreciationAndAmortization": 101020000,
    "ebitda": 501476000,
    "ebitdaratio": 0.333824386,
    "operatingIncome": 400456000,
    "operatingIncomeRatio": 0.2665770213,
    "totalOtherIncomeExpensesNet": -400456000,
    "incomeBeforeTax": 0,
    "incomeBeforeTaxRatio": 0,
    "incomeTaxExpense": 0,
    "netIncome": 374711000,
    "netIncomeRatio": 0.2494389951,
    "eps": 1.79,
    "epsdiluted": 1.64,
    "weightedAverageShsOut": 209811000,
    "weightedAverageShsOutDil": 236038000,
    "link": "https://www.sec.gov/Archives/edgar/data/884887/000088488705000051/0000884887-05-000051-index.htm",
    "finalLink": "https://www.sec.gov/Archives/edgar/data/884887/000088488705000051/q310q.htm"
  },
  {
    "date": "2005-06-30",
    "symbol": "RCL",
    "reportedCurrency": "USD",
    "cik": "0000884887",
    "fillingDate": "2005-07-27",
    "acceptedDate": "2005-07-27 16:57:37",
    "calendarYear": "2005",
    "period": "Q2",
    "revenue": 1203242000,
    "costOfRevenue": 740170000,
    "grossProfit": 463072000,
    "grossProfitRatio": 0.3848535872,
    "researchAndDevelopmentExpenses": 0,
    "generalAndAdministrativeExpenses": 361061000,
    "sellingAndMarketingExpenses": -212099000,
    "sellingGeneralAndAdministrativeExpenses": 148962000,
    "otherExpenses": 99975000,
    "operatingExpenses": 248937000,
    "costAndExpenses": 989107000,
    "interestIncome": 0,
    "interestExpense": 0,
    "depreciationAndAmortization": 99975000,
    "ebitda": 314110000,
    "ebitdaratio": 0.261053055,
    "operatingIncome": 214135000,
    "operatingIncomeRatio": 0.1779650311,
    "totalOtherIncomeExpensesNet": -214135000,
    "incomeBeforeTax": 0,
    "incomeBeforeTaxRatio": 0,
    "incomeTaxExpense": 0,
    "netIncome": 155240000,
    "netIncomeRatio": 0.1290181028,
    "eps": 0.76,
    "epsdiluted": 0.72,
    "weightedAverageShsOut": 202989000,
    "weightedAverageShsOutDil": 235970000,
    "link": "https://www.sec.gov/Archives/edgar/data/884887/000088488705000023/0000884887-05-000023-index.htm",
    "finalLink": "https://www.sec.gov/Archives/edgar/data/884887/000088488705000023/form10q2ndqtr.htm"
  },
  {
    "date": "2005-03-31",
    "symbol": "RCL",
    "reportedCurrency": "USD",
    "cik": "0000884887",
    "fillingDate": "2005-04-26",
    "acceptedDate": "2005-04-25 17:34:01",
    "calendarYear": "2005",
    "period": "Q1",
    "revenue": 1168077000,
    "costOfRevenue": 705607000,
    "grossProfit": 462470000,
    "grossProfitRatio": 0.3959242413,
    "researchAndDevelopmentExpenses": 0,
    "generalAndAdministrativeExpenses": 375102000,
    "sellingAndMarketingExpenses": -213572000,
    "sellingGeneralAndAdministrativeExpenses": 161530000,
    "otherExpenses": 99762000,
    "operatingExpenses": 261292000,
    "costAndExpenses": 966899000,
    "interestIncome": 0,
    "interestExpense": 0,
    "depreciationAndAmortization": 99762000,
    "ebitda": 300940000,
    "ebitdaratio": 0.2576371249,
    "operatingIncome": 201178000,
    "operatingIncomeRatio": 0.1722300841,
    "totalOtherIncomeExpensesNet": -201178000,
    "incomeBeforeTax": 0,
    "incomeBeforeTaxRatio": 0,
    "incomeTaxExpense": 0,
    "netIncome": 189609000,
    "netIncomeRatio": 0.1623257713,
    "eps": 0.94,
    "epsdiluted": 0.86,
    "weightedAverageShsOut": 201619000,
    "weightedAverageShsOutDil": 236209000,
    "link": "https://www.sec.gov/Archives/edgar/data/884887/000088488705000013/0000884887-05-000013-index.htm",
    "finalLink": "https://www.sec.gov/Archives/edgar/data/884887/000088488705000013/form10q.htm"
  },
  {
    "date": "2004-12-31",
    "symbol": "RCL",
    "reportedCurrency": "USD",
    "cik": "0000884887",
    "fillingDate": "2005-03-14",
    "acceptedDate": "2005-03-14 17:14:42",
    "calendarYear": "2004",
    "period": "Q4",
    "revenue": 964585000,
    "costOfRevenue": 1679772000,
    "grossProfit": -715187000,
    "grossProfitRatio": -0.7414452848,
    "researchAndDevelopmentExpenses": 0,
    "generalAndAdministrativeExpenses": 0,
    "sellingAndMarketingExpenses": 0,
    "sellingGeneralAndAdministrativeExpenses": 153673000,
    "otherExpenses": -1039003000,
    "operatingExpenses": -885330000,
    "costAndExpenses": 794442000,
    "interestIncome": 0,
    "interestExpense": 0,
    "depreciationAndAmortization": 687664000,
    "ebitda": 857807000,
    "ebitdaratio": 0.8893016168,
    "operatingIncome": 170143000,
    "operatingIncomeRatio": 0.1763898464,
    "totalOtherIncomeExpensesNet": -170143000,
    "incomeBeforeTax": 0,
    "incomeBeforeTaxRatio": 0,
    "incomeTaxExpense": 0,
    "netIncome": -25785000,
    "netIncomeRatio": -0.0267317033,
    "eps": -0.13,
    "epsdiluted": -0.12,
    "weightedAverageShsOut": 200117241,
    "weightedAverageShsOutDil": 223124633,
    "link": "https://www.sec.gov/Archives/edgar/data/884887/000088488705000004/0000884887-05-000004-index.htm",
    "finalLink": "https://www.sec.gov/Archives/edgar/data/884887/000088488705000004/file10k.htm"
  },
  {
    "date": "2004-09-30",
    "symbol": "RCL",
    "reportedCurrency": "USD",
    "cik": "0000884887",
    "fillingDate": "2004-09-30",
    "acceptedDate": "2004-09-29 20:00:00",
    "calendarYear": "2004",
    "period": "Q3",
    "revenue": 1386107000,
    "costOfRevenue": 787403000,
    "grossProfit": 598704000,
    "grossProfitRatio": 0.4319320226,
    "researchAndDevelopmentExpenses": 0,
    "generalAndAdministrativeExpenses": 376188000,
    "sellingAndMarketingExpenses": -235153000,
    "sellingGeneralAndAdministrativeExpenses": 141035000,
    "otherExpenses": 99288000,
    "operatingExpenses": 240323000,
    "costAndExpenses": 1027726000,
    "interestIncome": 0,
    "interestExpense": 0,
    "depreciationAndAmortization": 99288000,
    "ebitda": 457669000,
    "ebitdaratio": 0.3301830234,
    "operatingIncome": 358381000,
    "operatingIncomeRatio": 0.2585521897,
    "totalOtherIncomeExpensesNet": -358381000,
    "incomeBeforeTax": 0,
    "incomeBeforeTaxRatio": 0,
    "incomeTaxExpense": 0,
    "netIncome": 282471000,
    "netIncomeRatio": 0.2037872978,
    "eps": 1.42,
    "epsdiluted": 1.26,
    "weightedAverageShsOut": 199107000,
    "weightedAverageShsOutDil": 234513000,
    "link": "",
    "finalLink": ""
  },
  {
    "date": "2004-06-30",
    "symbol": "RCL",
    "reportedCurrency": "USD",
    "cik": "0000884887",
    "fillingDate": "2004-06-30",
    "acceptedDate": "2004-06-29 20:00:00",
    "calendarYear": "2004",
    "period": "Q2",
    "revenue": 1142999000,
    "costOfRevenue": 707431000,
    "grossProfit": 435568000,
    "grossProfitRatio": 0.3810746991,
    "researchAndDevelopmentExpenses": 0,
    "generalAndAdministrativeExpenses": 349873000,
    "sellingAndMarketingExpenses": -206552000,
    "sellingGeneralAndAdministrativeExpenses": 143321000,
    "otherExpenses": 97661000,
    "operatingExpenses": 240982000,
    "costAndExpenses": 948413000,
    "interestIncome": 0,
    "interestExpense": 0,
    "depreciationAndAmortization": 97661000,
    "ebitda": 292247000,
    "ebitdaratio": 0.2556843882,
    "operatingIncome": 194586000,
    "operatingIncomeRatio": 0.1702416188,
    "totalOtherIncomeExpensesNet": -194586000,
    "incomeBeforeTax": 0,
    "incomeBeforeTaxRatio": 0,
    "incomeTaxExpense": 0,
    "netIncome": 122159000,
    "netIncomeRatio": 0.106875859,
    "eps": 0.61,
    "epsdiluted": 0.58,
    "weightedAverageShsOut": 198786000,
    "weightedAverageShsOutDil": 234381000,
    "link": "",
    "finalLink": ""
  },
  {
    "date": "2004-03-31",
    "symbol": "RCL",
    "reportedCurrency": "USD",
    "cik": "0000884887",
    "fillingDate": "2004-03-31",
    "acceptedDate": "2004-03-30 19:00:00",
    "calendarYear": "2004",
    "period": "Q1",
    "revenue": 1061684000,
    "costOfRevenue": 654399000,
    "grossProfit": 407285000,
    "grossProfitRatio": 0.3836216803,
    "researchAndDevelopmentExpenses": 0,
    "generalAndAdministrativeExpenses": 0,
    "sellingAndMarketingExpenses": 0,
    "sellingGeneralAndAdministrativeExpenses": 150238000,
    "otherExpenses": 96579000,
    "operatingExpenses": 246817000,
    "costAndExpenses": 901216000,
    "interestIncome": 0,
    "interestExpense": 0,
    "depreciationAndAmortization": 96579000,
    "ebitda": 257047000,
    "ebitdaratio": 0.2421125307,
    "operatingIncome": 160468000,
    "operatingIncomeRatio": 0.1511447851,
    "totalOtherIncomeExpensesNet": -160468000,
    "incomeBeforeTax": 0,
    "incomeBeforeTaxRatio": 0,
    "incomeTaxExpense": 0,
    "netIncome": 95846000,
    "netIncomeRatio": 0.090277333,
    "eps": 0.49,
    "epsdiluted": 0.47,
    "weightedAverageShsOut": 197425000,
    "weightedAverageShsOutDil": 216000000,
    "link": "",
    "finalLink": ""
  },
  {
    "date": "2003-12-31",
    "symbol": "RCL",
    "reportedCurrency": "USD",
    "cik": "0000884887",
    "fillingDate": "2004-03-15",
    "acceptedDate": "2004-03-15 17:06:44",
    "calendarYear": "2003",
    "period": "Q4",
    "revenue": 878045000,
    "costOfRevenue": 596645000,
    "grossProfit": 281400000,
    "grossProfitRatio": 0.3204847132,
    "researchAndDevelopmentExpenses": 0,
    "generalAndAdministrativeExpenses": 0,
    "sellingAndMarketingExpenses": 0,
    "sellingGeneralAndAdministrativeExpenses": 141877000,
    "otherExpenses": -1689746000,
    "operatingExpenses": -1547869000,
    "costAndExpenses": -951224000,
    "interestIncome": 0,
    "interestExpense": 0,
    "depreciationAndAmortization": 630746000,
    "ebitda": 2460015000,
    "ebitdaratio": 2.8016958129,
    "operatingIncome": 1829269000,
    "operatingIncomeRatio": 2.0833431088,
    "totalOtherIncomeExpensesNet": -1829269000,
    "incomeBeforeTax": 0,
    "incomeBeforeTaxRatio": 0,
    "incomeTaxExpense": 0,
    "netIncome": -20049000,
    "netIncomeRatio": -0.0228336816,
    "eps": -0.1,
    "epsdiluted": -0.0969,
    "weightedAverageShsOut": 195493190,
    "weightedAverageShsOutDil": 206825352,
    "link": "https://www.sec.gov/Archives/edgar/data/884887/000088488704000004/0000884887-04-000004-index.htm",
    "finalLink": "https://www.sec.gov/Archives/edgar/data/884887/000088488704000004/annualreport2.htm"
  },
  {
    "date": "2003-09-30",
    "symbol": "RCL",
    "reportedCurrency": "USD",
    "cik": "0000884887",
    "fillingDate": "2003-09-30",
    "acceptedDate": "2003-09-29 20:00:00",
    "calendarYear": "2003",
    "period": "Q3",
    "revenue": 1120199000,
    "costOfRevenue": 651355000,
    "grossProfit": 468844000,
    "grossProfitRatio": 0.4185363493,
    "researchAndDevelopmentExpenses": 0,
    "generalAndAdministrativeExpenses": 0,
    "sellingAndMarketingExpenses": 0,
    "sellingGeneralAndAdministrativeExpenses": 129016000,
    "otherExpenses": 742022000,
    "operatingExpenses": 871038000,
    "costAndExpenses": 1522393000,
    "interestIncome": 0,
    "interestExpense": 0,
    "depreciationAndAmortization": -90667000,
    "ebitda": -311527000,
    "ebitdaratio": -0.2780996948,
    "operatingIncome": -402194000,
    "operatingIncomeRatio": -0.3590379924,
    "totalOtherIncomeExpensesNet": 402194000,
    "incomeBeforeTax": 0,
    "incomeBeforeTaxRatio": 0,
    "incomeTaxExpense": 0,
    "netIncome": 191867000,
    "netIncomeRatio": 0.1712793888,
    "eps": 0.99,
    "epsdiluted": 0.97,
    "weightedAverageShsOut": 194402000,
    "weightedAverageShsOutDil": 198663000,
    "link": "",
    "finalLink": ""
  },
  {
    "date": "2003-06-30",
    "symbol": "RCL",
    "reportedCurrency": "USD",
    "cik": "0000884887",
    "fillingDate": "2003-06-30",
    "acceptedDate": "2003-06-29 20:00:00",
    "calendarYear": "2003",
    "period": "Q2",
    "revenue": 905841000,
    "costOfRevenue": 580466000,
    "grossProfit": 325375000,
    "grossProfitRatio": 0.3591965919,
    "researchAndDevelopmentExpenses": 0,
    "generalAndAdministrativeExpenses": 0,
    "sellingAndMarketingExpenses": 0,
    "sellingGeneralAndAdministrativeExpenses": 119457000,
    "otherExpenses": 669181000,
    "operatingExpenses": 788638000,
    "costAndExpenses": 1369104000,
    "interestIncome": 0,
    "interestExpense": 0,
    "depreciationAndAmortization": -88715000,
    "ebitda": -374548000,
    "ebitdaratio": -0.4134809531,
    "operatingIncome": -463263000,
    "operatingIncomeRatio": -0.5114175667,
    "totalOtherIncomeExpensesNet": 463263000,
    "incomeBeforeTax": 0,
    "incomeBeforeTaxRatio": 0,
    "incomeTaxExpense": 0,
    "netIncome": 55672000,
    "netIncomeRatio": 0.0614589095,
    "eps": 0.29,
    "epsdiluted": 0.28,
    "weightedAverageShsOut": 193158000,
    "weightedAverageShsOutDil": 195882000,
    "link": "",
    "finalLink": ""
  },
  {
    "date": "2003-03-31",
    "symbol": "RCL",
    "reportedCurrency": "USD",
    "cik": "0000884887",
    "fillingDate": "2003-03-31",
    "acceptedDate": "2003-03-30 19:00:00",
    "calendarYear": "2003",
    "period": "Q1",
    "revenue": 880164000,
    "costOfRevenue": 552569000,
    "grossProfit": 327595000,
    "grossProfitRatio": 0.3721976813,
    "researchAndDevelopmentExpenses": 0,
    "generalAndAdministrativeExpenses": 0,
    "sellingAndMarketingExpenses": 0,
    "sellingGeneralAndAdministrativeExpenses": 123984000,
    "otherExpenses": 641238000,
    "operatingExpenses": 765222000,
    "costAndExpenses": 1317791000,
    "interestIncome": 0,
    "interestExpense": 0,
    "depreciationAndAmortization": -88669000,
    "ebitda": -348958000,
    "ebitdaratio": -0.3964692944,
    "operatingIncome": -437627000,
    "operatingIncomeRatio": -0.4972107471,
    "totalOtherIncomeExpensesNet": 437627000,
    "incomeBeforeTax": 0,
    "incomeBeforeTaxRatio": 0,
    "incomeTaxExpense": 0,
    "netIncome": 53174000,
    "netIncomeRatio": 0.0604137411,
    "eps": 0.28,
    "epsdiluted": 0.27,
    "weightedAverageShsOut": 193029000,
    "weightedAverageShsOutDil": 194905000,
    "link": "",
    "finalLink": ""
  },
  {
    "date": "2002-12-31",
    "symbol": "RCL",
    "reportedCurrency": "USD",
    "cik": "0000884887",
    "fillingDate": "2003-03-24",
    "acceptedDate": "2003-03-24 17:29:32",
    "calendarYear": "2002",
    "period": "Q4",
    "revenue": 780930000,
    "costOfRevenue": 510074000,
    "grossProfit": 270856000,
    "grossProfitRatio": 0.3468377447,
    "researchAndDevelopmentExpenses": 0,
    "generalAndAdministrativeExpenses": 0,
    "sellingAndMarketingExpenses": 0,
    "sellingGeneralAndAdministrativeExpenses": 118823000,
    "otherExpenses": -1517556000,
    "operatingExpenses": -1398733000,
    "costAndExpenses": -888659000,
    "interestIncome": 0,
    "interestExpense": 0,
    "depreciationAndAmortization": 592613000,
    "ebitda": 2262202000,
    "ebitdaratio": 2.8968050914,
    "operatingIncome": 1669589000,
    "operatingIncomeRatio": 2.1379496242,
    "totalOtherIncomeExpensesNet": -1669589000,
    "incomeBeforeTax": 0,
    "incomeBeforeTaxRatio": 0,
    "incomeTaxExpense": 0,
    "netIncome": 38277000,
    "netIncomeRatio": 0.0490146364,
    "eps": 0.2,
    "epsdiluted": 0.2,
    "weightedAverageShsOut": 193021094,
    "weightedAverageShsOutDil": 195576523,
    "link": "https://www.sec.gov/Archives/edgar/data/884887/000095014403003650/0000950144-03-003650-index.htm",
    "finalLink": "https://www.sec.gov/Archives/edgar/data/884887/000095014403003650/g80869e20vf.htm"
  },
  {
    "date": "2002-09-30",
    "symbol": "RCL",
    "reportedCurrency": "USD",
    "cik": "0000884887",
    "fillingDate": "2002-09-30",
    "acceptedDate": "2002-09-30 00:00:00",
    "calendarYear": "2002",
    "period": "Q3",
    "revenue": 1031660000,
    "costOfRevenue": 601640000,
    "grossProfit": 430020000,
    "grossProfitRatio": 0.416823372,
    "researchAndDevelopmentExpenses": 0,
    "generalAndAdministrativeExpenses": 0,
    "sellingAndMarketingExpenses": 0,
    "sellingGeneralAndAdministrativeExpenses": 102885000,
    "otherExpenses": 687178000,
    "operatingExpenses": 790063000,
    "costAndExpenses": 1391703000,
    "interestIncome": 0,
    "interestExpense": 0,
    "depreciationAndAmortization": -85538000,
    "ebitda": -274505000,
    "ebitdaratio": -0.2660808794,
    "operatingIncome": -360043000,
    "operatingIncomeRatio": -0.3489938546,
    "totalOtherIncomeExpensesNet": 360043000,
    "incomeBeforeTax": 0,
    "incomeBeforeTaxRatio": 0,
    "incomeTaxExpense": 0,
    "netIncome": 193494000,
    "netIncomeRatio": 0.1875559777,
    "eps": 1.01,
    "epsdiluted": 0.99,
    "weightedAverageShsOut": 192463000,
    "weightedAverageShsOutDil": 195341000,
    "link": null,
    "finalLink": null
  },
  {
    "date": "2002-06-30",
    "symbol": "RCL",
    "reportedCurrency": "USD",
    "cik": "0000884887",
    "fillingDate": "2002-06-30",
    "acceptedDate": "2002-06-30 00:00:00",
    "calendarYear": "2002",
    "period": "Q2",
    "revenue": 821804000,
    "costOfRevenue": 498865000,
    "grossProfit": 322939000,
    "grossProfitRatio": 0.392963529,
    "researchAndDevelopmentExpenses": 0,
    "generalAndAdministrativeExpenses": 0,
    "sellingAndMarketingExpenses": 0,
    "sellingGeneralAndAdministrativeExpenses": 107271000,
    "otherExpenses": 584013000,
    "operatingExpenses": 691284000,
    "costAndExpenses": 1190149000,
    "interestIncome": 0,
    "interestExpense": 0,
    "depreciationAndAmortization": -85148000,
    "ebitda": -283197000,
    "ebitdaratio": -0.3446040662,
    "operatingIncome": -368345000,
    "operatingIncomeRatio": -0.4482151462,
    "totalOtherIncomeExpensesNet": 368345000,
    "incomeBeforeTax": 0,
    "incomeBeforeTaxRatio": 0,
    "incomeTaxExpense": 0,
    "netIncome": 66700000,
    "netIncomeRatio": 0.081162905,
    "eps": 0.35,
    "epsdiluted": 0.34,
    "weightedAverageShsOut": 196406000,
    "weightedAverageShsOutDil": 196413000,
    "link": null,
    "finalLink": null
  },
  {
    "date": "2002-03-31",
    "symbol": "RCL",
    "reportedCurrency": "USD",
    "cik": "0000884887",
    "fillingDate": "2002-03-31",
    "acceptedDate": "2002-03-31 00:00:00",
    "calendarYear": "2002",
    "period": "Q1",
    "revenue": 799953000,
    "costOfRevenue": 502638000,
    "grossProfit": 297315000,
    "grossProfitRatio": 0.3716655854,
    "researchAndDevelopmentExpenses": 0,
    "generalAndAdministrativeExpenses": 0,
    "sellingAndMarketingExpenses": 0,
    "sellingGeneralAndAdministrativeExpenses": 102076000,
    "otherExpenses": 585465000,
    "operatingExpenses": 687541000,
    "costAndExpenses": 1190179000,
    "interestIncome": 0,
    "interestExpense": 0,
    "depreciationAndAmortization": -82827000,
    "ebitda": -307399000,
    "ebitdaratio": -0.3842713259,
    "operatingIncome": -390226000,
    "operatingIncomeRatio": -0.4878111589,
    "totalOtherIncomeExpensesNet": 390226000,
    "incomeBeforeTax": 0,
    "incomeBeforeTaxRatio": 0,
    "incomeTaxExpense": 0,
    "netIncome": 52813000,
    "netIncomeRatio": 0.0660201287,
    "eps": 0.27,
    "epsdiluted": 0.27,
    "weightedAverageShsOut": 192325000,
    "weightedAverageShsOutDil": 195509000,
    "link": null,
    "finalLink": null
  },
  {
    "date": "2001-12-31",
    "symbol": "RCL",
    "reportedCurrency": "USD",
    "cik": "0000884887",
    "fillingDate": "2002-04-08",
    "acceptedDate": "2002-04-08 00:00:00",
    "calendarYear": "2001",
    "period": "Q4",
    "revenue": 655977000,
    "costOfRevenue": 444893000,
    "grossProfit": 211084000,
    "grossProfitRatio": 0.3217856724,
    "researchAndDevelopmentExpenses": 0,
    "generalAndAdministrativeExpenses": 0,
    "sellingAndMarketingExpenses": 0,
    "sellingGeneralAndAdministrativeExpenses": 110332000,
    "otherExpenses": -1407735000,
    "operatingExpenses": -1297403000,
    "costAndExpenses": -852510000,
    "interestIncome": 0,
    "interestExpense": 0,
    "depreciationAndAmortization": 520585000,
    "ebitda": 2029072000,
    "ebitdaratio": 3.0932060118,
    "operatingIncome": 1508487000,
    "operatingIncomeRatio": 2.2996034922,
    "totalOtherIncomeExpensesNet": -1508487000,
    "incomeBeforeTax": 0,
    "incomeBeforeTaxRatio": 0,
    "incomeTaxExpense": 0,
    "netIncome": -38965000,
    "netIncomeRatio": -0.0593999485,
    "eps": -0.2,
    "epsdiluted": -0.2,
    "weightedAverageShsOut": 192512228,
    "weightedAverageShsOutDil": 192954728,
    "link": "https://www.sec.gov/Archives/edgar/data/884887/000095014402003619/0000950144-02-003619-index.htm",
    "finalLink": "https://www.sec.gov/Archives/edgar/data/884887/000095014402003619/g75173e20-f.htm"
  },
  {
    "date": "2001-09-30",
    "symbol": "RCL",
    "reportedCurrency": "USD",
    "cik": "0000884887",
    "fillingDate": "2001-09-30",
    "acceptedDate": "2001-09-30 00:00:00",
    "calendarYear": "2001",
    "period": "Q3",
    "revenue": 940721000,
    "costOfRevenue": 529156000,
    "grossProfit": 411565000,
    "grossProfitRatio": 0.4374995349,
    "researchAndDevelopmentExpenses": 0,
    "generalAndAdministrativeExpenses": 0,
    "sellingAndMarketingExpenses": 0,
    "sellingGeneralAndAdministrativeExpenses": 123489000,
    "otherExpenses": 605975000,
    "operatingExpenses": 729464000,
    "costAndExpenses": 1258620000,
    "interestIncome": 0,
    "interestExpense": 0,
    "depreciationAndAmortization": -76819000,
    "ebitda": -241080000,
    "ebitdaratio": -0.2562715194,
    "operatingIncome": -317899000,
    "operatingIncomeRatio": -0.3379312251,
    "totalOtherIncomeExpensesNet": 317899000,
    "incomeBeforeTax": 0,
    "incomeBeforeTaxRatio": 0,
    "incomeTaxExpense": 0,
    "netIncome": 159212000,
    "netIncomeRatio": 0.1692446538,
    "eps": 0.83,
    "epsdiluted": 0.82,
    "weightedAverageShsOut": 192254000,
    "weightedAverageShsOutDil": 193139000,
    "link": null,
    "finalLink": null
  },
  {
    "date": "2001-06-30",
    "symbol": "RCL",
    "reportedCurrency": "USD",
    "cik": "0000884887",
    "fillingDate": "2001-06-30",
    "acceptedDate": "2001-06-30 00:00:00",
    "calendarYear": "2001",
    "period": "Q2",
    "revenue": 821674000,
    "costOfRevenue": 504003000,
    "grossProfit": 317671000,
    "grossProfitRatio": 0.3866143994,
    "researchAndDevelopmentExpenses": 0,
    "generalAndAdministrativeExpenses": 0,
    "sellingAndMarketingExpenses": 0,
    "sellingGeneralAndAdministrativeExpenses": 107469000,
    "otherExpenses": 578930000,
    "operatingExpenses": 686399000,
    "costAndExpenses": 1190402000,
    "interestIncome": 0,
    "interestExpense": 0,
    "depreciationAndAmortization": -74927000,
    "ebitda": -293801000,
    "ebitdaratio": -0.3575639487,
    "operatingIncome": -368728000,
    "operatingIncomeRatio": -0.4487521815,
    "totalOtherIncomeExpensesNet": 368728000,
    "incomeBeforeTax": 0,
    "incomeBeforeTaxRatio": 0,
    "incomeTaxExpense": 0,
    "netIncome": 81713000,
    "netIncomeRatio": 0.0994469826,
    "eps": 0.43,
    "epsdiluted": 0.42,
    "weightedAverageShsOut": 192209000,
    "weightedAverageShsOutDil": 193093000,
    "link": null,
    "finalLink": null
  },
  {
    "date": "2001-03-31",
    "symbol": "RCL",
    "reportedCurrency": "USD",
    "cik": "0000884887",
    "fillingDate": "2001-03-31",
    "acceptedDate": "2001-03-31 00:00:00",
    "calendarYear": "2001",
    "period": "Q1",
    "revenue": 726878000,
    "costOfRevenue": 456339000,
    "grossProfit": 270539000,
    "grossProfitRatio": 0.3721931328,
    "researchAndDevelopmentExpenses": 0,
    "generalAndAdministrativeExpenses": 0,
    "sellingAndMarketingExpenses": 0,
    "sellingGeneralAndAdministrativeExpenses": 112790000,
    "otherExpenses": 524004000,
    "operatingExpenses": 636794000,
    "costAndExpenses": 1093133000,
    "interestIncome": 0,
    "interestExpense": 0,
    "depreciationAndAmortization": -67665000,
    "ebitda": -298590000,
    "ebitdaratio": -0.4107842031,
    "operatingIncome": -366255000,
    "operatingIncomeRatio": -0.5038741027,
    "totalOtherIncomeExpensesNet": 366255000,
    "incomeBeforeTax": 0,
    "incomeBeforeTaxRatio": 0,
    "incomeTaxExpense": 0,
    "netIncome": 52497000,
    "netIncomeRatio": 0.0722225738,
    "eps": 0.27,
    "epsdiluted": 0.27,
    "weightedAverageShsOut": 192161000,
    "weightedAverageShsOutDil": 193516000,
    "link": null,
    "finalLink": null
  },
  {
    "date": "2000-12-31",
    "symbol": "RCL",
    "reportedCurrency": "USD",
    "cik": "0000884887",
    "fillingDate": "2001-04-17",
    "acceptedDate": "2001-04-17 00:00:00",
    "calendarYear": "2000",
    "period": "Q4",
    "revenue": 642119000,
    "costOfRevenue": 413793000,
    "grossProfit": 228326000,
    "grossProfitRatio": 0.355582065,
    "researchAndDevelopmentExpenses": 0,
    "generalAndAdministrativeExpenses": 0,
    "sellingAndMarketingExpenses": 0,
    "sellingGeneralAndAdministrativeExpenses": 103461000,
    "otherExpenses": -1176343000,
    "operatingExpenses": -1072882000,
    "costAndExpenses": -659089000,
    "interestIncome": 0,
    "interestExpense": 0,
    "depreciationAndAmortization": 399773000,
    "ebitda": 1700981000,
    "ebitdaratio": 2.649012099,
    "operatingIncome": 1301208000,
    "operatingIncomeRatio": 2.0264281231,
    "totalOtherIncomeExpensesNet": -1301208000,
    "incomeBeforeTax": 0,
    "incomeBeforeTaxRatio": 0,
    "incomeTaxExpense": 0,
    "netIncome": 30080000,
    "netIncomeRatio": 0.0468448995,
    "eps": 0.16,
    "epsdiluted": 0.16,
    "weightedAverageShsOut": 191172587,
    "weightedAverageShsOutDil": 192904212,
    "link": "https://www.sec.gov/Archives/edgar/data/884887/000095014401500838/0000950144-01-500838-index.htm",
    "finalLink": "https://www.sec.gov/Archives/edgar/data/884887/000095014401500838/g67041e20-f.txt"
  },
  {
    "date": "2000-09-30",
    "symbol": "RCL",
    "reportedCurrency": "USD",
    "cik": "0000884887",
    "fillingDate": "2000-09-30",
    "acceptedDate": "2000-09-30 00:00:00",
    "calendarYear": "2000",
    "period": "Q3",
    "revenue": 835210000,
    "costOfRevenue": 444888000,
    "grossProfit": 390322000,
    "grossProfitRatio": 0.4673339639,
    "researchAndDevelopmentExpenses": 0,
    "generalAndAdministrativeExpenses": 0,
    "sellingAndMarketingExpenses": 0,
    "sellingGeneralAndAdministrativeExpenses": 96650000,
    "otherExpenses": 502394000,
    "operatingExpenses": 599044000,
    "costAndExpenses": 1043932000,
    "interestIncome": 0,
    "interestExpense": 0,
    "depreciationAndAmortization": -57506000,
    "ebitda": -151216000,
    "ebitdaratio": -0.1810514721,
    "operatingIncome": -208722000,
    "operatingIncomeRatio": -0.2499036171,
    "totalOtherIncomeExpensesNet": 208722000,
    "incomeBeforeTax": 0,
    "incomeBeforeTaxRatio": 0,
    "incomeTaxExpense": 0,
    "netIncome": 201497000,
    "netIncomeRatio": 0.241253098,
    "eps": 1.05,
    "epsdiluted": 1.04,
    "weightedAverageShsOut": 192019106,
    "weightedAverageShsOutDil": 193010588,
    "link": null,
    "finalLink": null
  },
  {
    "date": "2000-06-30",
    "symbol": "RCL",
    "reportedCurrency": "USD",
    "cik": "0000884887",
    "fillingDate": "2000-06-30",
    "acceptedDate": "2000-06-30 00:00:00",
    "calendarYear": "2000",
    "period": "Q2",
    "revenue": 680731000,
    "costOfRevenue": 390599000,
    "grossProfit": 290132000,
    "grossProfitRatio": 0.4262065339,
    "researchAndDevelopmentExpenses": 0,
    "generalAndAdministrativeExpenses": 0,
    "sellingAndMarketingExpenses": 0,
    "sellingGeneralAndAdministrativeExpenses": 104273000,
    "otherExpenses": 445262000,
    "operatingExpenses": 549535000,
    "costAndExpenses": 940134000,
    "interestIncome": 0,
    "interestExpense": 0,
    "depreciationAndAmortization": -54663000,
    "ebitda": -204740000,
    "ebitdaratio": -0.300764913,
    "operatingIncome": -259403000,
    "operatingIncomeRatio": -0.3810653547,
    "totalOtherIncomeExpensesNet": 259403000,
    "incomeBeforeTax": 0,
    "incomeBeforeTaxRatio": 0,
    "incomeTaxExpense": 0,
    "netIncome": 108258000,
    "netIncomeRatio": 0.1590319818,
    "eps": 0.57,
    "epsdiluted": 0.56,
    "weightedAverageShsOut": 190951000,
    "weightedAverageShsOutDil": 192002000,
    "link": null,
    "finalLink": null
  },
  {
    "date": "2000-03-31",
    "symbol": "RCL",
    "reportedCurrency": "USD",
    "cik": "0000884887",
    "fillingDate": "2000-03-31",
    "acceptedDate": "2000-03-31 00:00:00",
    "calendarYear": "2000",
    "period": "Q1",
    "revenue": 707786000,
    "costOfRevenue": 403179000,
    "grossProfit": 304607000,
    "grossProfitRatio": 0.4303659581,
    "researchAndDevelopmentExpenses": 0,
    "generalAndAdministrativeExpenses": 0,
    "sellingAndMarketingExpenses": 0,
    "sellingGeneralAndAdministrativeExpenses": 108415000,
    "otherExpenses": 459735000,
    "operatingExpenses": 568150000,
    "costAndExpenses": 971329000,
    "interestIncome": 0,
    "interestExpense": 0,
    "depreciationAndAmortization": -56556000,
    "ebitda": -206987000,
    "ebitdaratio": -0.2924429135,
    "operatingIncome": -263543000,
    "operatingIncomeRatio": -0.3723484217,
    "totalOtherIncomeExpensesNet": 263543000,
    "incomeBeforeTax": 0,
    "incomeBeforeTaxRatio": 0,
    "incomeTaxExpense": 0,
    "netIncome": 105528000,
    "netIncomeRatio": 0.1490959132,
    "eps": 0.57,
    "epsdiluted": 0.55,
    "weightedAverageShsOut": 182466598,
    "weightedAverageShsOutDil": 193538594,
    "link": null,
    "finalLink": null
  },
  {
    "date": "1999-12-31",
    "symbol": "RCL",
    "reportedCurrency": "USD",
    "cik": "0000884887",
    "fillingDate": "2000-04-04",
    "acceptedDate": "2000-04-04 00:00:00",
    "calendarYear": "1999",
    "period": "Q4",
    "revenue": 583952000,
    "costOfRevenue": 366252000,
    "grossProfit": 217700000,
    "grossProfitRatio": 0.3728046141,
    "researchAndDevelopmentExpenses": 0,
    "generalAndAdministrativeExpenses": 0,
    "sellingAndMarketingExpenses": 0,
    "sellingGeneralAndAdministrativeExpenses": 100317000,
    "otherExpenses": -1077991000,
    "operatingExpenses": -977674000,
    "costAndExpenses": -611422000,
    "interestIncome": 0,
    "interestExpense": 0,
    "depreciationAndAmortization": 343809000,
    "ebitda": 1539183000,
    "ebitdaratio": 2.6358039702,
    "operatingIncome": 1195374000,
    "operatingIncomeRatio": 2.0470415377,
    "totalOtherIncomeExpensesNet": -1195374000,
    "incomeBeforeTax": 0,
    "incomeBeforeTaxRatio": 0,
    "incomeTaxExpense": 0,
    "netIncome": 38353000,
    "netIncomeRatio": 0.0656783434,
    "eps": 0.21,
    "epsdiluted": 0.2,
    "weightedAverageShsOut": 180501439,
    "weightedAverageShsOutDil": 189937501,
    "link": "https://www.sec.gov/Archives/edgar/data/884887/000095014400004542/0000950144-00-004542-index.html",
    "finalLink": "https://www.sec.gov/Archives/edgar/data/884887/000095014400004542/"
  },
  {
    "date": "1999-09-30",
    "symbol": "RCL",
    "reportedCurrency": "USD",
    "cik": "0000884887",
    "fillingDate": "1999-09-30",
    "acceptedDate": "1999-09-30 00:00:00",
    "calendarYear": "1999",
    "period": "Q3",
    "revenue": 734500000,
    "costOfRevenue": 393200000,
    "grossProfit": 341300000,
    "grossProfitRatio": 0.4646698434,
    "researchAndDevelopmentExpenses": 0,
    "generalAndAdministrativeExpenses": 0,
    "sellingAndMarketingExpenses": 0,
    "sellingGeneralAndAdministrativeExpenses": 92800000,
    "otherExpenses": 443500000,
    "operatingExpenses": 536300000,
    "costAndExpenses": 929500000,
    "interestIncome": 0,
    "interestExpense": 0,
    "depreciationAndAmortization": -50200000,
    "ebitda": -144700000,
    "ebitdaratio": -0.1970047651,
    "operatingIncome": -195000000,
    "operatingIncomeRatio": -0.2654867257,
    "totalOtherIncomeExpensesNet": 195000000,
    "incomeBeforeTax": 0,
    "incomeBeforeTaxRatio": 0,
    "incomeTaxExpense": 0,
    "netIncome": 170000000,
    "netIncomeRatio": 0.231449966,
    "eps": 0.98,
    "epsdiluted": 0.92,
    "weightedAverageShsOut": 173469388,
    "weightedAverageShsOutDil": 184782609,
    "link": null,
    "finalLink": null
  },
  {
    "date": "1999-06-30",
    "symbol": "RCL",
    "reportedCurrency": "USD",
    "cik": "0000884887",
    "fillingDate": "1999-06-30",
    "acceptedDate": "1999-06-30 00:00:00",
    "calendarYear": "1999",
    "period": "Q2",
    "revenue": 617664000,
    "costOfRevenue": 370200000,
    "grossProfit": 247464000,
    "grossProfitRatio": 0.4006450109,
    "researchAndDevelopmentExpenses": 0,
    "generalAndAdministrativeExpenses": 0,
    "sellingAndMarketingExpenses": 0,
    "sellingGeneralAndAdministrativeExpenses": 90900000,
    "otherExpenses": 418700000,
    "operatingExpenses": 509600000,
    "costAndExpenses": 879800000,
    "interestIncome": 0,
    "interestExpense": 0,
    "depreciationAndAmortization": -48500000,
    "ebitda": -213636000,
    "ebitdaratio": -0.3458773702,
    "operatingIncome": -262136000,
    "operatingIncomeRatio": -0.424399026,
    "totalOtherIncomeExpensesNet": 262136000,
    "incomeBeforeTax": 0,
    "incomeBeforeTaxRatio": 0,
    "incomeTaxExpense": 0,
    "netIncome": 85300000,
    "netIncomeRatio": 0.138100974,
    "eps": 0.49,
    "epsdiluted": 0.47,
    "weightedAverageShsOut": 174081633,
    "weightedAverageShsOutDil": 181489362,
    "link": null,
    "finalLink": null
  },
  {
    "date": "1999-03-31",
    "symbol": "RCL",
    "reportedCurrency": "USD",
    "cik": "0000884887",
    "fillingDate": "1999-03-31",
    "acceptedDate": "1999-03-31 00:00:00",
    "calendarYear": "1999",
    "period": "Q1",
    "revenue": 610000000,
    "costOfRevenue": 366600000,
    "grossProfit": 243400000,
    "grossProfitRatio": 0.3990163934,
    "researchAndDevelopmentExpenses": 0,
    "generalAndAdministrativeExpenses": 0,
    "sellingAndMarketingExpenses": 0,
    "sellingGeneralAndAdministrativeExpenses": 87800000,
    "otherExpenses": 413800000,
    "operatingExpenses": 501600000,
    "costAndExpenses": 868200000,
    "interestIncome": 0,
    "interestExpense": 0,
    "depreciationAndAmortization": -47200000,
    "ebitda": -211000000,
    "ebitdaratio": -0.3459016393,
    "operatingIncome": -258200000,
    "operatingIncomeRatio": -0.4232786885,
    "totalOtherIncomeExpensesNet": 258200000,
    "incomeBeforeTax": 0,
    "incomeBeforeTaxRatio": 0,
    "incomeTaxExpense": 0,
    "netIncome": 90200000,
    "netIncomeRatio": 0.1478688525,
    "eps": 0.52,
    "epsdiluted": 0.49,
    "weightedAverageShsOut": 173461538,
    "weightedAverageShsOutDil": 184081633,
    "link": null,
    "finalLink": null
  },
  {
    "date": "1998-12-31",
    "symbol": "RCL",
    "reportedCurrency": "USD",
    "cik": "0000884887",
    "fillingDate": "1999-04-02",
    "acceptedDate": "1999-04-02 00:00:00",
    "calendarYear": "1998",
    "period": "Q4",
    "revenue": 575191000,
    "costOfRevenue": 379628000,
    "grossProfit": 195563000,
    "grossProfitRatio": 0.3399966272,
    "researchAndDevelopmentExpenses": 0,
    "generalAndAdministrativeExpenses": 0,
    "sellingAndMarketingExpenses": 0,
    "sellingGeneralAndAdministrativeExpenses": 83714000,
    "otherExpenses": -1166486000,
    "operatingExpenses": -1082772000,
    "costAndExpenses": -703144000,
    "interestIncome": 0,
    "interestExpense": 0,
    "depreciationAndAmortization": 341614000,
    "ebitda": 1619949000,
    "ebitdaratio": 2.816367085,
    "operatingIncome": 1278335000,
    "operatingIncomeRatio": 2.2224530634,
    "totalOtherIncomeExpensesNet": -1278335000,
    "incomeBeforeTax": 0,
    "incomeBeforeTaxRatio": 0,
    "incomeTaxExpense": 0,
    "netIncome": 23400000,
    "netIncomeRatio": 0.0406821386,
    "eps": 0.13,
    "epsdiluted": 0.13,
    "weightedAverageShsOut": 173775506,
    "weightedAverageShsOutDil": 182415134,
    "link": "https://www.sec.gov/Archives/edgar/data/884887/000095014499004018/0000950144-99-004018-index.html",
    "finalLink": "https://www.sec.gov/Archives/edgar/data/884887/"
  },
  {
    "date": "1998-09-30",
    "symbol": "RCL",
    "reportedCurrency": "USD",
    "cik": "0000884887",
    "fillingDate": "1998-09-30",
    "acceptedDate": "1998-09-30 00:00:00",
    "calendarYear": "1998",
    "period": "Q3",
    "revenue": 744900000,
    "costOfRevenue": 415100000,
    "grossProfit": 329800000,
    "grossProfitRatio": 0.4427439925,
    "researchAndDevelopmentExpenses": 0,
    "generalAndAdministrativeExpenses": 0,
    "sellingAndMarketingExpenses": 0,
    "sellingGeneralAndAdministrativeExpenses": 94200000,
    "otherExpenses": 467100000,
    "operatingExpenses": 561300000,
    "costAndExpenses": 976400000,
    "interestIncome": 0,
    "interestExpense": 0,
    "depreciationAndAmortization": -52000000,
    "ebitda": -179500000,
    "ebitdaratio": -0.2409719425,
    "operatingIncome": -231500000,
    "operatingIncomeRatio": -0.3107799705,
    "totalOtherIncomeExpensesNet": 231500000,
    "incomeBeforeTax": 0,
    "incomeBeforeTaxRatio": 0,
    "incomeTaxExpense": 0,
    "netIncome": 150000000,
    "netIncomeRatio": 0.2013693113,
    "eps": 0.87,
    "epsdiluted": 0.82,
    "weightedAverageShsOut": 172413793,
    "weightedAverageShsOutDil": 182926829,
    "link": null,
    "finalLink": null
  },
  {
    "date": "1998-06-30",
    "symbol": "RCL",
    "reportedCurrency": "USD",
    "cik": "0000884887",
    "fillingDate": "1998-06-30",
    "acceptedDate": "1998-06-30 00:00:00",
    "calendarYear": "1998",
    "period": "Q2",
    "revenue": 656500000,
    "costOfRevenue": 402600000,
    "grossProfit": 253900000,
    "grossProfitRatio": 0.3867479056,
    "researchAndDevelopmentExpenses": 0,
    "generalAndAdministrativeExpenses": 0,
    "sellingAndMarketingExpenses": 0,
    "sellingGeneralAndAdministrativeExpenses": 85000000,
    "otherExpenses": 450000000,
    "operatingExpenses": 535000000,
    "costAndExpenses": 937600000,
    "interestIncome": 0,
    "interestExpense": 0,
    "depreciationAndAmortization": -47400000,
    "ebitda": -233700000,
    "ebitdaratio": -0.3559786748,
    "operatingIncome": -281100000,
    "operatingIncomeRatio": -0.4281797411,
    "totalOtherIncomeExpensesNet": 281100000,
    "incomeBeforeTax": 0,
    "incomeBeforeTaxRatio": 0,
    "incomeTaxExpense": 0,
    "netIncome": 79800000,
    "netIncomeRatio": 0.1215536938,
    "eps": 0.45,
    "epsdiluted": 0.44,
    "weightedAverageShsOut": 177333333,
    "weightedAverageShsOutDil": 181363636,
    "link": null,
    "finalLink": null
  },
  {
    "date": "1998-03-31",
    "symbol": "RCL",
    "reportedCurrency": "USD",
    "cik": "0000884887",
    "fillingDate": "1998-03-31",
    "acceptedDate": "1998-03-31 00:00:00",
    "calendarYear": "1998",
    "period": "Q1",
    "revenue": 659800000,
    "costOfRevenue": 396400000,
    "grossProfit": 263400000,
    "grossProfitRatio": 0.3992118824,
    "researchAndDevelopmentExpenses": 0,
    "generalAndAdministrativeExpenses": 0,
    "sellingAndMarketingExpenses": 0,
    "sellingGeneralAndAdministrativeExpenses": 96300000,
    "otherExpenses": 47600000,
    "operatingExpenses": 143900000,
    "costAndExpenses": 540300000,
    "interestIncome": 0,
    "interestExpense": 0,
    "depreciationAndAmortization": -47600000,
    "ebitda": 167100000,
    "ebitdaratio": 0.2532585632,
    "operatingIncome": 119500000,
    "operatingIncomeRatio": 0.1811154895,
    "totalOtherIncomeExpensesNet": -119500000,
    "incomeBeforeTax": 0,
    "incomeBeforeTaxRatio": 0,
    "incomeTaxExpense": 0,
    "netIncome": 77500000,
    "netIncomeRatio": 0.1174598363,
    "eps": 0.45,
    "epsdiluted": 0.44,
    "weightedAverageShsOut": 172222222,
    "weightedAverageShsOutDil": 176136364,
    "link": null,
    "finalLink": null
  },
  {
    "date": "1997-12-31",
    "symbol": "RCL",
    "reportedCurrency": "USD",
    "cik": "0000884887",
    "fillingDate": "1997-12-31",
    "acceptedDate": "1997-12-31 00:00:00",
    "calendarYear": "1997",
    "period": "Q4",
    "revenue": 528400000,
    "costOfRevenue": 350600000,
    "grossProfit": 177800000,
    "grossProfitRatio": 0.3364875095,
    "researchAndDevelopmentExpenses": 0,
    "generalAndAdministrativeExpenses": 0,
    "sellingAndMarketingExpenses": 0,
    "sellingGeneralAndAdministrativeExpenses": 75900000,
    "otherExpenses": 393900000,
    "operatingExpenses": 469800000,
    "costAndExpenses": 820400000,
    "interestIncome": 0,
    "interestExpense": 0,
    "depreciationAndAmortization": -43300000,
    "ebitda": -248700000,
    "ebitdaratio": -0.470666162,
    "operatingIncome": -292000000,
    "operatingIncomeRatio": -0.5526116578,
    "totalOtherIncomeExpensesNet": 292000000,
    "incomeBeforeTax": 0,
    "incomeBeforeTaxRatio": 0,
    "incomeTaxExpense": 0,
    "netIncome": 22400000,
    "netIncomeRatio": 0.0423921272,
    "eps": 0.14,
    "epsdiluted": 0.14,
    "weightedAverageShsOut": 161585249,
    "weightedAverageShsOutDil": 164866428,
    "link": null,
    "finalLink": null
  },
  {
    "date": "1997-09-30",
    "symbol": "RCL",
    "reportedCurrency": "USD",
    "cik": "0000884887",
    "fillingDate": "1997-09-30",
    "acceptedDate": "1997-09-30 00:00:00",
    "calendarYear": "1997",
    "period": "Q3",
    "revenue": 612500000,
    "costOfRevenue": 363000000,
    "grossProfit": 249500000,
    "grossProfitRatio": 0.4073469388,
    "researchAndDevelopmentExpenses": 0,
    "generalAndAdministrativeExpenses": 0,
    "sellingAndMarketingExpenses": 0,
    "sellingGeneralAndAdministrativeExpenses": 85600000,
    "otherExpenses": 410100000,
    "operatingExpenses": 495700000,
    "costAndExpenses": 858700000,
    "interestIncome": 0,
    "interestExpense": 0,
    "depreciationAndAmortization": -47100000,
    "ebitda": -199100000,
    "ebitdaratio": -0.3250612245,
    "operatingIncome": -246200000,
    "operatingIncomeRatio": -0.4019591837,
    "totalOtherIncomeExpensesNet": 246200000,
    "incomeBeforeTax": 0,
    "incomeBeforeTaxRatio": 0,
    "incomeTaxExpense": 0,
    "netIncome": 75900000,
    "netIncomeRatio": 0.1239183673,
    "eps": 0.5,
    "epsdiluted": 0.48,
    "weightedAverageShsOut": 151800000,
    "weightedAverageShsOutDil": 158125000,
    "link": null,
    "finalLink": null
  },
  {
    "date": "1997-06-30",
    "symbol": "RCL",
    "reportedCurrency": "USD",
    "cik": "0000884887",
    "fillingDate": "1997-06-30",
    "acceptedDate": "1997-06-30 00:00:00",
    "calendarYear": "1997",
    "period": "Q2",
    "revenue": 403500000,
    "costOfRevenue": 251400000,
    "grossProfit": 152100000,
    "grossProfitRatio": 0.3769516729,
    "researchAndDevelopmentExpenses": 0,
    "generalAndAdministrativeExpenses": 0,
    "sellingAndMarketingExpenses": 0,
    "sellingGeneralAndAdministrativeExpenses": 57100000,
    "otherExpenses": 279000000,
    "operatingExpenses": 336100000,
    "costAndExpenses": 587500000,
    "interestIncome": 0,
    "interestExpense": 0,
    "depreciationAndAmortization": -27500000,
    "ebitda": -156400000,
    "ebitdaratio": -0.3876084263,
    "operatingIncome": -184000000,
    "operatingIncomeRatio": -0.4560099133,
    "totalOtherIncomeExpensesNet": 184000000,
    "incomeBeforeTax": 0,
    "incomeBeforeTaxRatio": 0,
    "incomeTaxExpense": 0,
    "netIncome": 38300000,
    "netIncomeRatio": 0.0949194548,
    "eps": 0.28,
    "epsdiluted": 0.28,
    "weightedAverageShsOut": 136785714,
    "weightedAverageShsOutDil": 136785714,
    "link": null,
    "finalLink": null
  },
  {
    "date": "1997-03-31",
    "symbol": "RCL",
    "reportedCurrency": "USD",
    "cik": "0000884887",
    "fillingDate": "1997-03-31",
    "acceptedDate": "1997-03-31 00:00:00",
    "calendarYear": "1997",
    "period": "Q1",
    "revenue": 394600000,
    "costOfRevenue": 254300000,
    "grossProfit": 140300000,
    "grossProfitRatio": 0.355549924,
    "researchAndDevelopmentExpenses": 0,
    "generalAndAdministrativeExpenses": 0,
    "sellingAndMarketingExpenses": 0,
    "sellingGeneralAndAdministrativeExpenses": 53600000,
    "otherExpenses": 280200000,
    "operatingExpenses": 333800000,
    "costAndExpenses": 588100000,
    "interestIncome": 0,
    "interestExpense": 0,
    "depreciationAndAmortization": -25900000,
    "ebitda": -167600000,
    "ebitdaratio": -0.4247339078,
    "operatingIncome": -193500000,
    "operatingIncomeRatio": -0.4903699949,
    "totalOtherIncomeExpensesNet": 193500000,
    "incomeBeforeTax": 0,
    "incomeBeforeTaxRatio": 0,
    "incomeTaxExpense": 0,
    "netIncome": 38500000,
    "netIncomeRatio": 0.0975671566,
    "eps": 0.29,
    "epsdiluted": 0.29,
    "weightedAverageShsOut": 132758621,
    "weightedAverageShsOutDil": 132758621,
    "link": null,
    "finalLink": null
  },
  {
    "date": "1996-12-31",
    "symbol": "RCL",
    "reportedCurrency": "USD",
    "cik": "0000884887",
    "fillingDate": "1996-12-31",
    "acceptedDate": "1996-12-31 00:00:00",
    "calendarYear": "1996",
    "period": "Q4",
    "revenue": 318500000,
    "costOfRevenue": 210400000,
    "grossProfit": 108100000,
    "grossProfitRatio": 0.3394034537,
    "researchAndDevelopmentExpenses": 0,
    "generalAndAdministrativeExpenses": 0,
    "sellingAndMarketingExpenses": 0,
    "sellingGeneralAndAdministrativeExpenses": 49200000,
    "otherExpenses": 233700000,
    "operatingExpenses": 282900000,
    "costAndExpenses": 493300000,
    "interestIncome": 0,
    "interestExpense": 0,
    "depreciationAndAmortization": -23300000,
    "ebitda": -151500000,
    "ebitdaratio": -0.47566719,
    "operatingIncome": -174800000,
    "operatingIncomeRatio": -0.548822606,
    "totalOtherIncomeExpensesNet": 174800000,
    "incomeBeforeTax": 0,
    "incomeBeforeTaxRatio": 0,
    "incomeTaxExpense": 0,
    "netIncome": 26800000,
    "netIncomeRatio": 0.084144427,
    "eps": 0.21,
    "epsdiluted": 0.21,
    "weightedAverageShsOut": 129782672,
    "weightedAverageShsOutDil": 130319989,
    "link": null,
    "finalLink": null
  },
  {
    "date": "1996-09-30",
    "symbol": "RCL",
    "reportedCurrency": "USD",
    "cik": "0000884887",
    "fillingDate": "1996-09-30",
    "acceptedDate": "1996-09-30 00:00:00",
    "calendarYear": "1996",
    "period": "Q3",
    "revenue": 366200000,
    "costOfRevenue": 219200000,
    "grossProfit": 147000000,
    "grossProfitRatio": 0.4014199891,
    "researchAndDevelopmentExpenses": 0,
    "generalAndAdministrativeExpenses": 0,
    "sellingAndMarketingExpenses": 0,
    "sellingGeneralAndAdministrativeExpenses": 50400000,
    "otherExpenses": 242400000,
    "operatingExpenses": 292800000,
    "costAndExpenses": 512000000,
    "interestIncome": 0,
    "interestExpense": 0,
    "depreciationAndAmortization": -23200000,
    "ebitda": -122600000,
    "ebitdaratio": -0.3347897324,
    "operatingIncome": -145800000,
    "operatingIncomeRatio": -0.3981430912,
    "totalOtherIncomeExpensesNet": 145800000,
    "incomeBeforeTax": 0,
    "incomeBeforeTaxRatio": 0,
    "incomeTaxExpense": 0,
    "netIncome": 53100000,
    "netIncomeRatio": 0.1450027307,
    "eps": 0.42,
    "epsdiluted": 0.42,
    "weightedAverageShsOut": 126428571,
    "weightedAverageShsOutDil": 126428571,
    "link": null,
    "finalLink": null
  },
  {
    "date": "1996-06-30",
    "symbol": "RCL",
    "reportedCurrency": "USD",
    "cik": "0000884887",
    "fillingDate": "1996-06-30",
    "acceptedDate": "1996-06-30 00:00:00",
    "calendarYear": "1996",
    "period": "Q2",
    "revenue": 355000000,
    "costOfRevenue": 222000000,
    "grossProfit": 133000000,
    "grossProfitRatio": 0.3746478873,
    "researchAndDevelopmentExpenses": 0,
    "generalAndAdministrativeExpenses": 0,
    "sellingAndMarketingExpenses": 0,
    "sellingGeneralAndAdministrativeExpenses": 50600000,
    "otherExpenses": 245600000,
    "operatingExpenses": 296200000,
    "costAndExpenses": 518200000,
    "interestIncome": 0,
    "interestExpense": 0,
    "depreciationAndAmortization": -23600000,
    "ebitda": -139600000,
    "ebitdaratio": -0.3932394366,
    "operatingIncome": -163200000,
    "operatingIncomeRatio": -0.4597183099,
    "totalOtherIncomeExpensesNet": 163200000,
    "incomeBeforeTax": 0,
    "incomeBeforeTaxRatio": 0,
    "incomeTaxExpense": 0,
    "netIncome": 38300000,
    "netIncomeRatio": 0.1078873239,
    "eps": 0.3,
    "epsdiluted": 0.3,
    "weightedAverageShsOut": 127666667,
    "weightedAverageShsOutDil": 127666667,
    "link": null,
    "finalLink": null
  },
  {
    "date": "1996-03-31",
    "symbol": "RCL",
    "reportedCurrency": "USD",
    "cik": "0000884887",
    "fillingDate": "1996-03-31",
    "acceptedDate": "1996-03-31 00:00:00",
    "calendarYear": "1996",
    "period": "Q1",
    "revenue": 317600000,
    "costOfRevenue": 202900000,
    "grossProfit": 114700000,
    "grossProfitRatio": 0.3611460957,
    "researchAndDevelopmentExpenses": 0,
    "generalAndAdministrativeExpenses": 0,
    "sellingAndMarketingExpenses": 0,
    "sellingGeneralAndAdministrativeExpenses": 44400000,
    "otherExpenses": 224000000,
    "operatingExpenses": 268400000,
    "costAndExpenses": 471300000,
    "interestIncome": 0,
    "interestExpense": 0,
    "depreciationAndAmortization": -21100000,
    "ebitda": -132600000,
    "ebitdaratio": -0.4175062972,
    "operatingIncome": -153700000,
    "operatingIncomeRatio": -0.4839420655,
    "totalOtherIncomeExpensesNet": 153700000,
    "incomeBeforeTax": 0,
    "incomeBeforeTaxRatio": 0,
    "incomeTaxExpense": 0,
    "netIncome": 32800000,
    "netIncomeRatio": 0.1032745592,
    "eps": 0.26,
    "epsdiluted": 0.26,
    "weightedAverageShsOut": 126153846,
    "weightedAverageShsOutDil": 126153846,
    "link": null,
    "finalLink": null
  },
  {
    "date": "1995-12-31",
    "symbol": "RCL",
    "reportedCurrency": "USD",
    "cik": "0000884887",
    "fillingDate": "1995-12-31",
    "acceptedDate": "1995-12-31 00:00:00",
    "calendarYear": "1995",
    "period": "Q4",
    "revenue": 289900000,
    "costOfRevenue": 191700000,
    "grossProfit": 98200000,
    "grossProfitRatio": 0.3387374957,
    "researchAndDevelopmentExpenses": 0,
    "generalAndAdministrativeExpenses": 0,
    "sellingAndMarketingExpenses": 0,
    "sellingGeneralAndAdministrativeExpenses": 46000000,
    "otherExpenses": 213000000,
    "operatingExpenses": 259000000,
    "costAndExpenses": 450700000,
    "interestIncome": 0,
    "interestExpense": 0,
    "depreciationAndAmortization": -21300000,
    "ebitda": -139500000,
    "ebitdaratio": -0.4812004139,
    "operatingIncome": -160800000,
    "operatingIncomeRatio": -0.5546740255,
    "totalOtherIncomeExpensesNet": 160800000,
    "incomeBeforeTax": 0,
    "incomeBeforeTaxRatio": 0,
    "incomeTaxExpense": 0,
    "netIncome": 16500000,
    "netIncomeRatio": 0.056916178,
    "eps": 0.13,
    "epsdiluted": 0.13,
    "weightedAverageShsOut": 126853542,
    "weightedAverageShsOutDil": 127393162,
    "link": null,
    "finalLink": null
  },
  {
    "date": "1995-09-30",
    "symbol": "RCL",
    "reportedCurrency": "USD",
    "cik": "0000884887",
    "fillingDate": "1995-09-30",
    "acceptedDate": "1995-09-30 00:00:00",
    "calendarYear": "1995",
    "period": "Q3",
    "revenue": 338100000,
    "costOfRevenue": 204600000,
    "grossProfit": 133500000,
    "grossProfitRatio": 0.3948535936,
    "researchAndDevelopmentExpenses": 0,
    "generalAndAdministrativeExpenses": 0,
    "sellingAndMarketingExpenses": 0,
    "sellingGeneralAndAdministrativeExpenses": 46000000,
    "otherExpenses": 226100000,
    "operatingExpenses": 272100000,
    "costAndExpenses": 476700000,
    "interestIncome": 0,
    "interestExpense": 0,
    "depreciationAndAmortization": -21400000,
    "ebitda": -117100000,
    "ebitdaratio": -0.3463472345,
    "operatingIncome": -138600000,
    "operatingIncomeRatio": -0.4099378882,
    "totalOtherIncomeExpensesNet": 138600000,
    "incomeBeforeTax": 0,
    "incomeBeforeTaxRatio": 0,
    "incomeTaxExpense": 0,
    "netIncome": 49700000,
    "netIncomeRatio": 0.1469979296,
    "eps": 0.39,
    "epsdiluted": 0.39,
    "weightedAverageShsOut": 127435897,
    "weightedAverageShsOutDil": 127435897,
    "link": null,
    "finalLink": null
  }
]