[
  {
    "date": "2024-12-31",
    "symbol": "RCL",
    "reportedCurrency": "USD",
    "cik": "0000884887",
    "fillingDate": "2025-02-14",
    "acceptedDate": "2025-02-14 06:55:04",
    "calendarYear": "2024",
    "period": "FY",
    "revenue": 16485000000,
    "costOfRevenue": 8652000000,
    "grossProfit": 7833000000,
    "grossProfitRatio": 0.4751592357,
    "researchAndDevelopmentExpenses": 0,
    "generalAndAdministrativeExpenses": 0,
    "sellingAndMarketingExpenses": 0,
    "sellingGeneralAndAdministrativeExpenses": 2125000000,
    "otherExpenses": 1602000000,
    "operatingExpenses": 3727000000,
    "costAndExpenses": 12379000000,
    "interestIncome": 16000000,
    "interestExpense": 1590000000,
    "depreciationAndAmortization": 1600000000,
    "ebitda": 6087000000,
    "ebitdaratio": 0.369244768,
    "operatingIncome": 4106000000,
    "operatingIncomeRatio": 0.2490749166,
    "totalOtherIncomeExpensesNet": -1209000000,
    "incomeBeforeTax": 2897000000,
    "incomeBeforeTaxRatio": 0.1757355171,
    "incomeTaxExpense": 0,
    "netIncome": 2877000000,
    "netIncomeRatio": 0.174522293,
    "eps": 11,
    "epsdiluted": 10.94,
    "weightedAverageShsOut": 261000000,
    "weightedAverageShsOutDil": 279000000,
    "link": "https://www.sec.gov/Archives/edgar/data/884887/000088488725000050/0000884887-25-000050-index.htm",
    "finalLink": "https://www.sec.gov/Archives/edgar/data/884887/000088488725000050/rcl-20241231.htm"
  },
  {
    "date": "2023-12-31",
    "symbol": "RCL",
    "reportedCurrency": "USD",
    "cik": "0000884887",
    "fillingDate": "2024-02-21",
    "acceptedDate": "2024-02-21 17:14:53",
    "calendarYear": "2023",
    "period": "FY",
    "revenue": 13900000000,
    "costOfRevenue": 7775000000,
    "grossProfit": 6125000000,
    "grossProfitRatio": 0.440647482,
    "researchAndDevelopmentExpenses": 0,
    "generalAndAdministrativeExpenses": 0,
    "sellingAndMarketingExpenses": 0,
    "sellingGeneralAndAdministrativeExpenses": 1792000000,
    "otherExpenses": 1455000000,
    "operatingExpenses": 3247000000,
    "costAndExpenses": 11022000000,
    "interestIncome": 36000000,
    "interestExpense": 1402000000,
    "depreciationAndAmortization": 1455000000,
    "ebitda": 4561000000,
    "ebitdaratio": 0.3281294964,
    "operatingIncome": 2878000000,
    "operatingIncomeRatio": 0.2070503597,
    "totalOtherIncomeExpensesNet": -1174000000,
    "incomeBeforeTax": 1704000000,
    "incomeBeforeTaxRatio": 0.1225899281,
    "incomeTaxExpense": 0,
    "netIncome": 1697000000,
    "netIncomeRatio": 0.1220863309,
    "eps": 6.63,
    "epsdiluted": 6.31,
    "weightedAverageShsOut": 256000000,
    "weightedAverageShsOutDil": 283000000,
    "link": "https://www.sec.gov/Archives/edgar/data/884887/000088488724000075/0000884887-24-000075-index.htm",
    "finalLink": "https://www.sec.gov/Archives/edgar/data/884887/000088488724000075/rcl-20231231.htm"
  },
  {
    "date": "2022-12-31",
    "symbol": "RCL",
    "reportedCurrency": "USD",
    "cik": "0000884887",
    "fillingDate": "2023-02-23",
    "acceptedDate": "2023-02-23 17:28:20",
    "calendarYear": "2022",
    "period": "FY",
    "revenue": 8840000000,
    "costOfRevenue": 6616000000,
    "grossProfit": 2224000000,
    "grossProfitRatio": 0.2515837104,
    "researchAndDevelopmentExpenses": 0,
    "generalAndAdministrativeExpenses": 0,
    "sellingAndMarketingExpenses": 0,
    "sellingGeneralAndAdministrativeExpenses": 1583000000,
    "otherExpenses": 1407000000,
    "operatingExpenses": 2990000000,
    "costAndExpenses": 9606000000,
    "interestIncome": 36000000,
    "interestExpense": 1364000000,
    "depreciationAndAmortization": 1407000000,
    "ebitda": 615000000,
    "ebitdaratio": 0.0695701357,
    "operatingIncome": -766000000,
    "operatingIncomeRatio": -0.0866515837,
    "totalOtherIncomeExpensesNet": -1390000000,
    "incomeBeforeTax": -2156000000,
    "incomeBeforeTaxRatio": -0.2438914027,
    "incomeTaxExpense": 0,
    "netIncome": -2156000000,
    "netIncomeRatio": -0.2438914027,
    "eps": -8.45,
    "epsdiluted": -8.45,
    "weightedAverageShsOut": 255011000,
    "weightedAverageShsOutDil": 255011000,
    "link": "https://www.sec.gov/Archives/edgar/data/884887/000088488723000006/0000884887-23-000006-index.htm",
    "finalLink": "https://www.sec.gov/Archives/edgar/data/884887/000088488723000006/rcl-20221231.htm"
  },
  {
    "date": "2021-12-31",
    "symbol": "RCL",
    "reportedCurrency": "USD",
    "cik": "0000884887",
    "fillingDate": "2022-03-01",
    "acceptedDate": "2022-03-01 09:15:18",
    "calendarYear": "2021",
    "period": "FY",
    "revenue": 1532000000,
    "costOfRevenue": 2739000000,
    "grossProfit": -1207000000,
    "grossProfitRatio": -0.7878590078,
    "researchAndDevelopmentExpenses": 0,
    "generalAndAdministrativeExpenses": 0,
    "sellingAndMarketingExpenses": 0,
    "sellingGeneralAndAdministrativeExpenses": 1370000000,
    "otherExpenses": 1293000000,
    "operatingExpenses": 2663000000,
    "costAndExpenses": 5402000000,
    "interestIncome": 17000000,
    "interestExpense": 1292000000,
    "depreciationAndAmortization": 1293000000,
    "ebitda": -2675000000,
    "ebitdaratio": -1.7460835509,
    "operatingIncome": -3870000000,
    "operatingIncomeRatio": -2.5261096606,
    "totalOtherIncomeExpensesNet": -1390000000,
    "incomeBeforeTax": -5260000000,
    "incomeBeforeTaxRatio": -3.4334203655,
    "incomeTaxExpense": 0,
    "netIncome": -5260000000,
    "netIncomeRatio": -3.4334203655,
    "eps": -20.89,
    "epsdiluted": -20.89,
    "weightedAverageShsOut": 251812000,
    "weightedAverageShsOutDil": 251812000,
    "link": "https://www.sec.gov/Archives/edgar/data/884887/000088488722000008/0000884887-22-000008-index.htm",
    "finalLink": "https://www.sec.gov/Archives/edgar/data/884887/000088488722000008/rcl-20211231.htm"
  },
  {
    "date": "2020-12-31",
    "symbol": "RCL",
    "reportedCurrency": "USD",
    "cik": "0000884887",
    "fillingDate": "2021-02-26",
    "acceptedDate": "2021-02-26 16:26:58",
    "calendarYear": "2020",
    "period": "FY",
    "revenue": 2208805000,
    "costOfRevenue": 2765108000,
    "grossProfit": -556303000,
    "grossProfitRatio": -0.2518569996,
    "researchAndDevelopmentExpenses": 0,
    "generalAndAdministrativeExpenses": 0,
    "sellingAndMarketingExpenses": 0,
    "sellingGeneralAndAdministrativeExpenses": 1199620000,
    "otherExpenses": 2845634000,
    "operatingExpenses": 4045254000,
    "costAndExpenses": 6810362000,
    "interestIncome": 21036000,
    "interestExpense": 844238000,
    "depreciationAndAmortization": 1279254000,
    "ebitda": -3651638000,
    "ebitdaratio": -1.6532188219,
    "operatingIncome": -4601557000,
    "operatingIncomeRatio": -2.0832789676,
    "totalOtherIncomeExpensesNet": -1173573000,
    "incomeBeforeTax": -5775130000,
    "incomeBeforeTaxRatio": -2.6145947696,
    "incomeTaxExpense": 0,
    "netIncome": -5797462000,
    "netIncomeRatio": -2.6247052139,
    "eps": -27.05,
    "epsdiluted": -27.05,
    "weightedAverageShsOut": 214335000,
    "weightedAverageShsOutDil": 214335000,
    "link": "https://www.sec.gov/Archives/edgar/data/884887/000088488721000006/0000884887-21-000006-index.htm",
    "finalLink": "https://www.sec.gov/Archives/edgar/data/884887/000088488721000006/rcl-20201231.htm"
  },
  {
    "date": "2019-12-31",
    "symbol": "RCL",
    "reportedCurrency": "USD",
    "cik": "0000884887",
    "fillingDate": "2020-02-25",
    "acceptedDate": "2020-02-25 17:13:38",
    "calendarYear": "2019",
    "period": "FY",
    "revenue": 10950661000,
    "costOfRevenue": 6062765000,
    "grossProfit": 4887896000,
    "grossProfitRatio": 0.4463562519,
    "researchAndDevelopmentExpenses": 0,
    "generalAndAdministrativeExpenses": 0,
    "sellingAndMarketingExpenses": 0,
    "sellingGeneralAndAdministrativeExpenses": 1559253000,
    "otherExpenses": 1245942000,
    "operatingExpenses": 2805195000,
    "costAndExpenses": 8867960000,
    "interestIncome": 26945000,
    "interestExpense": 408513000,
    "depreciationAndAmortization": 1245942000,
    "ebitda": 3562055000,
    "ebitdaratio": 0.3252821907,
    "operatingIncome": 2082701000,
    "operatingIncomeRatio": 0.1901895237,
    "totalOtherIncomeExpensesNet": -175101000,
    "incomeBeforeTax": 1907600000,
    "incomeBeforeTaxRatio": 0.1741995301,
    "incomeTaxExpense": 0,
    "netIncome": 1878887000,
    "netIncomeRatio": 0.1715774966,
    "eps": 8.97,
    "epsdiluted": 8.95,
    "weightedAverageShsOut": 209405000,
    "weightedAverageShsOutDil": 209930000,
    "link": "https://www.sec.gov/Archives/edgar/data/884887/000088488720000009/0000884887-20-000009-index.htm",
    "finalLink": "https://www.sec.gov/Archives/edgar/data/884887/000088488720000009/rcl-20191231.htm"
  },
  {
    "date": "2018-12-31",
    "symbol": "RCL",
    "reportedCurrency": "USD",
    "cik": "0000884887",
    "fillingDate": "2019-02-22",
    "acceptedDate": "2019-02-22 17:15:23",
    "calendarYear": "2018",
    "period": "FY",
    "revenue": 9493849000,
    "costOfRevenue": 5262207000,
    "grossProfit": 4231642000,
    "grossProfitRatio": 0.4457245949,
    "researchAndDevelopmentExpenses": 0,
    "generalAndAdministrativeExpenses": 0,
    "sellingAndMarketingExpenses": 0,
    "sellingGeneralAndAdministrativeExpenses": 1303144000,
    "otherExpenses": 1033697000,
    "operatingExpenses": 2336841000,
    "costAndExpenses": 7599048000,
    "interestIncome": 32800000,
    "interestExpense": 333672000,
    "depreciationAndAmortization": 1033697000,
    "ebitda": 3183161000,
    "ebitdaratio": 0.3352866682,
    "operatingIncome": 1894801000,
    "operatingIncomeRatio": 0.1995819609,
    "totalOtherIncomeExpensesNet": -79009000,
    "incomeBeforeTax": 1815792000,
    "incomeBeforeTaxRatio": 0.1912598357,
    "incomeTaxExpense": 0,
    "netIncome": 1811042000,
    "netIncomeRatio": 0.1907595118,
    "eps": 8.6,
    "epsdiluted": 8.56,
    "weightedAverageShsOut": 210570000,
    "weightedAverageShsOutDil": 211554000,
    "link": "https://www.sec.gov/Archives/edgar/data/884887/000088488719000017/0000884887-19-000017-index.htm",
    "finalLink": "https://www.sec.gov/Archives/edgar/data/884887/000088488719000017/rcl-20181231x10k.htm"
  },
  {
    "date": "2017-12-31",
    "symbol": "RCL",
    "reportedCurrency": "USD",
    "cik": "0000884887",
    "fillingDate": "2018-02-21",
    "acceptedDate": "2018-02-20 19:14:46",
    "calendarYear": "2017",
    "period": "FY",
    "revenue": 8777845000,
    "costOfRevenue": 4896579000,
    "grossProfit": 3881266000,
    "grossProfitRatio": 0.4421661581,
    "researchAndDevelopmentExpenses": 0,
    "generalAndAdministrativeExpenses": 0,
    "sellingAndMarketingExpenses": 0,
    "sellingGeneralAndAdministrativeExpenses": 1186016000,
    "otherExpenses": 951194000,
    "operatingExpenses": 2137210000,
    "costAndExpenses": 7033789000,
    "interestIncome": 30101000,
    "interestExpense": 299982000,
    "depreciationAndAmortization": 951194000,
    "ebitda": 2876309000,
    "ebitdaratio": 0.3276782627,
    "operatingIncome": 1744056000,
    "operatingIncomeRatio": 0.1986884024,
    "totalOtherIncomeExpensesNet": -118923000,
    "incomeBeforeTax": 1625133000,
    "incomeBeforeTaxRatio": 0.1851403163,
    "incomeTaxExpense": 0,
    "netIncome": 1625133000,
    "netIncomeRatio": 0.1851403163,
    "eps": 7.57,
    "epsdiluted": 7.53,
    "weightedAverageShsOut": 214617000,
    "weightedAverageShsOutDil": 215694000,
    "link": "https://www.sec.gov/Archives/edgar/data/884887/000088488718000017/0000884887-18-000017-index.htm",
    "finalLink": "https://www.sec.gov/Archives/edgar/data/884887/000088488718000017/rcl-20171231x10k.htm"
  },
  {
    "date": "2016-12-31",
    "symbol": "RCL",
    "reportedCurrency": "USD",
    "cik": "0000884887",
    "fillingDate": "2017-02-23",
    "acceptedDate": "2017-02-23 17:29:18",
    "calendarYear": "2016",
    "period": "FY",
    "revenue": 8496401000,
    "costOfRevenue": 5015539000,
    "grossProfit": 3480862000,
    "grossProfitRatio": 0.4096866426,
    "researchAndDevelopmentExpenses": 0,
    "generalAndAdministrativeExpenses": 0,
    "sellingAndMarketingExpenses": 0,
    "sellingGeneralAndAdministrativeExpenses": 1108742000,
    "otherExpenses": 894915000,
    "operatingExpenses": 2003657000,
    "costAndExpenses": 7019196000,
    "interestIncome": 20856000,
    "interestExpense": 307370000,
    "depreciationAndAmortization": 894915000,
    "ebitda": 2485673000,
    "ebitdaratio": 0.2925559893,
    "operatingIncome": 1477205000,
    "operatingIncomeRatio": 0.1738624389,
    "totalOtherIncomeExpensesNet": -193817000,
    "incomeBeforeTax": 1283388000,
    "incomeBeforeTaxRatio": 0.1510507802,
    "incomeTaxExpense": 0,
    "netIncome": 1283388000,
    "netIncomeRatio": 0.1510507802,
    "eps": 5.96,
    "epsdiluted": 5.93,
    "weightedAverageShsOut": 215393000,
    "weightedAverageShsOutDil": 216316000,
    "link": "https://www.sec.gov/Archives/edgar/data/884887/000088488717000020/0000884887-17-000020-index.htm",
    "finalLink": "https://www.sec.gov/Archives/edgar/data/884887/000088488717000020/rcl-20161231x10k.htm"
  },
  {
    "date": "2015-12-31",
    "symbol": "RCL",
    "reportedCurrency": "USD",
    "cik": "0000884887",
    "fillingDate": "2016-02-22",
    "acceptedDate": "2016-02-22 09:04:35",
    "calendarYear": "2015",
    "period": "FY",
    "revenue": 8299074000,
    "costOfRevenue": 5099393000,
    "grossProfit": 3199681000,
    "grossProfitRatio": 0.385546749,
    "researchAndDevelopmentExpenses": 0,
    "generalAndAdministrativeExpenses": 0,
    "sellingAndMarketingExpenses": 0,
    "sellingGeneralAndAdministrativeExpenses": 1086504000,
    "otherExpenses": 1238275000,
    "operatingExpenses": 2324779000,
    "costAndExpenses": 7424172000,
    "interestIncome": 12025000,
    "interestExpense": 277725000,
    "depreciationAndAmortization": 827008000,
    "ebitda": 1770516000,
    "ebitdaratio": 0.2133389822,
    "operatingIncome": 874902000,
    "operatingIncomeRatio": 0.105421641,
    "totalOtherIncomeExpensesNet": -209119000,
    "incomeBeforeTax": 665783000,
    "incomeBeforeTaxRatio": 0.0802237695,
    "incomeTaxExpense": 0,
    "netIncome": 665783000,
    "netIncomeRatio": 0.0802237695,
    "eps": 3.03,
    "epsdiluted": 3.02,
    "weightedAverageShsOut": 219537000,
    "weightedAverageShsOutDil": 220689000,
    "link": "https://www.sec.gov/Archives/edgar/data/884887/000088488716000126/0000884887-16-000126-index.htm",
    "finalLink": "https://www.sec.gov/Archives/edgar/data/884887/000088488716000126/rcl-20151231x10k.htm"
  },
  {
    "date": "2014-12-31",
    "symbol": "RCL",
    "reportedCurrency": "USD",
    "cik": "0000884887",
    "fillingDate": "2015-02-23",
    "acceptedDate": "2015-02-23 16:37:43",
    "calendarYear": "2014",
    "period": "FY",
    "revenue": 8073855000,
    "costOfRevenue": 5306281000,
    "grossProfit": 2767574000,
    "grossProfitRatio": 0.3427822273,
    "researchAndDevelopmentExpenses": 0,
    "generalAndAdministrativeExpenses": 0,
    "sellingAndMarketingExpenses": 0,
    "sellingGeneralAndAdministrativeExpenses": 1048952000,
    "otherExpenses": 776763000,
    "operatingExpenses": 1825715000,
    "costAndExpenses": 7131996000,
    "interestIncome": 10344000,
    "interestExpense": 258299000,
    "depreciationAndAmortization": 772445000,
    "ebitda": 1794890000,
    "ebitdaratio": 0.2223089218,
    "operatingIncome": 941859000,
    "operatingIncomeRatio": 0.1166554267,
    "totalOtherIncomeExpensesNet": -177713000,
    "incomeBeforeTax": 764146000,
    "incomeBeforeTaxRatio": 0.0946445038,
    "incomeTaxExpense": 0,
    "netIncome": 764146000,
    "netIncomeRatio": 0.0946445038,
    "eps": 3.45,
    "epsdiluted": 3.43,
    "weightedAverageShsOut": 221658000,
    "weightedAverageShsOutDil": 223044000,
    "link": "https://www.sec.gov/Archives/edgar/data/884887/000088488715000025/0000884887-15-000025-index.htm",
    "finalLink": "https://www.sec.gov/Archives/edgar/data/884887/000088488715000025/rcl-20141231x10k.htm"
  },
  {
    "date": "2013-12-31",
    "symbol": "RCL",
    "reportedCurrency": "USD",
    "cik": "0000884887",
    "fillingDate": "2014-02-20",
    "acceptedDate": "2014-02-20 17:08:04",
    "calendarYear": "2013",
    "period": "FY",
    "revenue": 7959894000,
    "costOfRevenue": 5305270000,
    "grossProfit": 2654624000,
    "grossProfitRatio": 0.3334999185,
    "researchAndDevelopmentExpenses": 0,
    "generalAndAdministrativeExpenses": 0,
    "sellingAndMarketingExpenses": 0,
    "sellingGeneralAndAdministrativeExpenses": 1044819000,
    "otherExpenses": 811657000,
    "operatingExpenses": 1856476000,
    "costAndExpenses": 7161746000,
    "interestIncome": 13898000,
    "interestExpense": 332422000,
    "depreciationAndAmortization": 754711000,
    "ebitda": 1560825000,
    "ebitdaratio": 0.1960861539,
    "operatingIncome": 798148000,
    "operatingIncomeRatio": 0.1002711845,
    "totalOtherIncomeExpensesNet": -324456000,
    "incomeBeforeTax": 473692000,
    "incomeBeforeTaxRatio": 0.0595098377,
    "incomeTaxExpense": 0,
    "netIncome": 473692000,
    "netIncomeRatio": 0.0595098377,
    "eps": 2.16,
    "epsdiluted": 2.14,
    "weightedAverageShsOut": 219638000,
    "weightedAverageShsOutDil": 220941000,
    "link": "https://www.sec.gov/Archives/edgar/data/884887/000088488714000023/0000884887-14-000023-index.htm",
    "finalLink": "https://www.sec.gov/Archives/edgar/data/884887/000088488714000023/rcl-20131231x10k.htm"
  },
  {
    "date": "2012-12-31",
    "symbol": "RCL",
    "reportedCurrency": "USD",
    "cik": "0000884887",
    "fillingDate": "2013-02-25",
    "acceptedDate": "2013-02-25 08:01:35",
    "calendarYear": "2012",
    "period": "FY",
    "revenue": 7688024000,
    "costOfRevenue": 5157434000,
    "grossProfit": 2530590000,
    "grossProfitRatio": 0.3291600026,
    "researchAndDevelopmentExpenses": 0,
    "generalAndAdministrativeExpenses": 0,
    "sellingAndMarketingExpenses": 0,
    "sellingGeneralAndAdministrativeExpenses": 1011543000,
    "otherExpenses": 1115937000,
    "operatingExpenses": 2127480000,
    "costAndExpenses": 7284914000,
    "interestIncome": 21331000,
    "interestExpense": 355785000,
    "depreciationAndAmortization": 730493000,
    "ebitda": 1104565000,
    "ebitdaratio": 0.1436734589,
    "operatingIncome": 403110000,
    "operatingIncomeRatio": 0.0524334992,
    "totalOtherIncomeExpensesNet": -384823000,
    "incomeBeforeTax": 18287000,
    "incomeBeforeTaxRatio": 0.0023786346,
    "incomeTaxExpense": 0,
    "netIncome": 18287000,
    "netIncomeRatio": 0.0023786346,
    "eps": 0.08,
    "epsdiluted": 0.08,
    "weightedAverageShsOut": 217930000,
    "weightedAverageShsOutDil": 219457000,
    "link": "https://www.sec.gov/Archives/edgar/data/884887/000104746913001567/0001047469-13-001567-index.htm",
    "finalLink": "https://www.sec.gov/Archives/edgar/data/884887/000104746913001567/a2213132z10-k.htm"
  },
  {
    "date": "2011-12-31",
    "symbol": "RCL",
    "reportedCurrency": "USD",
    "cik": "0000884887",
    "fillingDate": "2012-02-29",
    "acceptedDate": "2012-02-29 09:02:22",
    "calendarYear": "2011",
    "period": "FY",
    "revenue": 7537263000,
    "costOfRevenue": 4942607000,
    "grossProfit": 2594656000,
    "grossProfitRatio": 0.3442437925,
    "researchAndDevelopmentExpenses": 0,
    "generalAndAdministrativeExpenses": 0,
    "sellingAndMarketingExpenses": 0,
    "sellingGeneralAndAdministrativeExpenses": 960602000,
    "otherExpenses": 702426000,
    "operatingExpenses": 1663028000,
    "costAndExpenses": 6605635000,
    "interestIncome": 25318000,
    "interestExpense": 382416000,
    "depreciationAndAmortization": 702426000,
    "ebitda": 1692263000,
    "ebitdaratio": 0.2245195637,
    "operatingIncome": 931628000,
    "operatingIncomeRatio": 0.1236029577,
    "totalOtherIncomeExpensesNet": -324207000,
    "incomeBeforeTax": 607421000,
    "incomeBeforeTaxRatio": 0.0805890679,
    "incomeTaxExpense": 0,
    "netIncome": 607421000,
    "netIncomeRatio": 0.0805890679,
    "eps": 2.8,
    "epsdiluted": 2.77,
    "weightedAverageShsOut": 216983000,
    "weightedAverageShsOutDil": 219229000,
    "link": "https://www.sec.gov/Archives/edgar/data/884887/000119312512087322/0001193125-12-087322-index.htm",
    "finalLink": "https://www.sec.gov/Archives/edgar/data/884887/000119312512087322/d254924d10k.htm"
  },
  {
    "date": "2010-12-31",
    "symbol": "RCL",
    "reportedCurrency": "USD",
    "cik": "0000884887",
    "fillingDate": "2011-02-24",
    "acceptedDate": "2011-02-24 16:44:04",
    "calendarYear": "2010",
    "period": "FY",
    "revenue": 6752504000,
    "costOfRevenue": 4458076000,
    "grossProfit": 2294428000,
    "grossProfitRatio": 0.33978921,
    "researchAndDevelopmentExpenses": 0,
    "generalAndAdministrativeExpenses": 0,
    "sellingAndMarketingExpenses": 0,
    "sellingGeneralAndAdministrativeExpenses": 848079000,
    "otherExpenses": 643716000,
    "operatingExpenses": 1491795000,
    "costAndExpenses": 5949871000,
    "interestIncome": 9243000,
    "interestExpense": 371207000,
    "depreciationAndAmortization": 643716000,
    "ebitda": 1530576000,
    "ebitdaratio": 0.2266679146,
    "operatingIncome": 802633000,
    "operatingIncomeRatio": 0.1188644983,
    "totalOtherIncomeExpensesNet": -286980000,
    "incomeBeforeTax": 515653000,
    "incomeBeforeTaxRatio": 0.0763647086,
    "incomeTaxExpense": 0,
    "netIncome": 515653000,
    "netIncomeRatio": 0.0763647086,
    "eps": 2.55,
    "epsdiluted": 2.51,
    "weightedAverageShsOut": 215026000,
    "weightedAverageShsOutDil": 217711000,
    "link": "https://www.sec.gov/Archives/edgar/data/884887/000119312511045435/0001193125-11-045435-index.htm",
    "finalLink": "https://www.sec.gov/Archives/edgar/data/884887/000119312511045435/d10k.htm"
  },
  {
    "date": "2009-12-31",
    "symbol": "RCL",
    "reportedCurrency": "USD",
    "cik": "0000884887",
    "fillingDate": "2010-02-23",
    "acceptedDate": "2010-02-23 16:36:36",
    "calendarYear": "2009",
    "period": "FY",
    "revenue": 5889826000,
    "costOfRevenue": 4071102000,
    "grossProfit": 1818724000,
    "grossProfitRatio": 0.308790786,
    "researchAndDevelopmentExpenses": 0,
    "generalAndAdministrativeExpenses": 0,
    "sellingAndMarketingExpenses": 0,
    "sellingGeneralAndAdministrativeExpenses": 761999000,
    "otherExpenses": 568214000,
    "operatingExpenses": 1330213000,
    "costAndExpenses": 5401315000,
    "interestIncome": 7016000,
    "interestExpense": 300012000,
    "depreciationAndAmortization": 568214000,
    "ebitda": 1056725000,
    "ebitdaratio": 0.1794153172,
    "operatingIncome": 488511000,
    "operatingIncomeRatio": 0.0829414995,
    "totalOtherIncomeExpensesNet": -488511000,
    "incomeBeforeTax": 0,
    "incomeBeforeTaxRatio": 0,
    "incomeTaxExpense": 0,
    "netIncome": 162421000,
    "netIncomeRatio": 0.0275765362,
    "eps": 0.76,
    "epsdiluted": 0.75,
    "weightedAverageShsOut": 213809000,
    "weightedAverageShsOutDil": 215295000,
    "link": "https://www.sec.gov/Archives/edgar/data/884887/000119312510037643/0001193125-10-037643-index.htm",
    "finalLink": "https://www.sec.gov/Archives/edgar/data/884887/000119312510037643/d10k.htm"
  },
  {
    "date": "2008-12-31",
    "symbol": "RCL",
    "reportedCurrency": "USD",
    "cik": "0000884887",
    "fillingDate": "2009-02-24",
    "acceptedDate": "2009-02-24 07:33:42",
    "calendarYear": "2008",
    "period": "FY",
    "revenue": 6532525000,
    "costOfRevenue": 4403666000,
    "grossProfit": 2128859000,
    "grossProfitRatio": 0.3258860854,
    "researchAndDevelopmentExpenses": 0,
    "generalAndAdministrativeExpenses": 0,
    "sellingAndMarketingExpenses": 0,
    "sellingGeneralAndAdministrativeExpenses": 776522000,
    "otherExpenses": 520353000,
    "operatingExpenses": 1296875000,
    "costAndExpenses": 5700541000,
    "interestIncome": 14116000,
    "interestExpense": 327312000,
    "depreciationAndAmortization": 520353000,
    "ebitda": 1352337000,
    "ebitdaratio": 0.2070159701,
    "operatingIncome": 831984000,
    "operatingIncomeRatio": 0.1273602474,
    "totalOtherIncomeExpensesNet": -831984000,
    "incomeBeforeTax": 0,
    "incomeBeforeTaxRatio": 0,
    "incomeTaxExpense": 0,
    "netIncome": 573722000,
    "netIncomeRatio": 0.087825458,
    "eps": 2.69,
    "epsdiluted": 2.68,
    "weightedAverageShsOut": 213477000,
    "weightedAverageShsOutDil": 214195000,
    "link": "https://www.sec.gov/Archives/edgar/data/884887/000119312509035629/0001193125-09-035629-index.htm",
    "finalLink": "https://www.sec.gov/Archives/edgar/data/884887/000119312509035629/d10k.htm"
  },
  {
    "date": "2007-12-31",
    "symbol": "RCL",
    "reportedCurrency": "USD",
    "cik": "0000884887",
    "fillingDate": "2008-02-19",
    "acceptedDate": "2008-02-19 07:25:42",
    "calendarYear": "2007",
    "period": "FY",
    "revenue": 6149139000,
    "costOfRevenue": 3981698000,
    "grossProfit": 2167441000,
    "grossProfitRatio": 0.3524787779,
    "researchAndDevelopmentExpenses": 0,
    "generalAndAdministrativeExpenses": 1907062000,
    "sellingAndMarketingExpenses": -1124022000,
    "sellingGeneralAndAdministrativeExpenses": 783040000,
    "otherExpenses": 483066000,
    "operatingExpenses": 1266106000,
    "costAndExpenses": 5247804000,
    "interestIncome": 20025000,
    "interestExpense": 333784000,
    "depreciationAndAmortization": 483066000,
    "ebitda": 1384401000,
    "ebitdaratio": 0.2251373729,
    "operatingIncome": 901335000,
    "operatingIncomeRatio": 0.1465790577,
    "totalOtherIncomeExpensesNet": -901335000,
    "incomeBeforeTax": 0,
    "incomeBeforeTaxRatio": 0,
    "incomeTaxExpense": 0,
    "netIncome": 603405000,
    "netIncomeRatio": 0.0981283721,
    "eps": 2.84,
    "epsdiluted": 2.82,
    "weightedAverageShsOut": 212784000,
    "weightedAverageShsOutDil": 213973404,
    "link": "https://www.sec.gov/Archives/edgar/data/884887/000088488708000067/0000884887-08-000067-index.htm",
    "finalLink": "https://www.sec.gov/Archives/edgar/data/884887/000088488708000067/final10k07.htm"
  },
  {
    "date": "2006-12-31",
    "symbol": "RCL",
    "reportedCurrency": "USD",
    "cik": "0000884887",
    "fillingDate": "2007-02-28",
    "acceptedDate": "2007-02-28 17:17:51",
    "calendarYear": "2006",
    "period": "FY",
    "revenue": 5229584000,
    "costOfRevenue": 3249629000,
    "grossProfit": 1979955000,
    "grossProfitRatio": 0.3786065966,
    "researchAndDevelopmentExpenses": 0,
    "generalAndAdministrativeExpenses": 1617793000,
    "sellingAndMarketingExpenses": -917929000,
    "sellingGeneralAndAdministrativeExpenses": 699864000,
    "otherExpenses": 421645000,
    "operatingExpenses": 1121509000,
    "costAndExpenses": 4371138000,
    "interestIncome": 0,
    "interestExpense": 0,
    "depreciationAndAmortization": 421645000,
    "ebitda": 1280091000,
    "ebitdaratio": 0.2447787434,
    "operatingIncome": 858446000,
    "operatingIncomeRatio": 0.1641518714,
    "totalOtherIncomeExpensesNet": -858446000,
    "incomeBeforeTax": 0,
    "incomeBeforeTaxRatio": 0,
    "incomeTaxExpense": 0,
    "netIncome": 633922000,
    "netIncomeRatio": 0.1212184373,
    "eps": 3.01,
    "epsdiluted": 2.94,
    "weightedAverageShsOut": 210605316,
    "weightedAverageShsOutDil": 215619728,
    "link": "https://www.sec.gov/Archives/edgar/data/884887/000088488707000043/0000884887-07-000043-index.htm",
    "finalLink": "https://www.sec.gov/Archives/edgar/data/884887/000088488707000043/form10kfinal.htm"
  },
  {
    "date": "2005-12-31",
    "symbol": "RCL",
    "reportedCurrency": "USD",
    "cik": "0000884887",
    "fillingDate": "2006-02-24",
    "acceptedDate": "2006-02-24 09:37:14",
    "calendarYear": "2005",
    "period": "FY",
    "revenue": 4903174000,
    "costOfRevenue": 2994232000,
    "grossProfit": 1908942000,
    "grossProfitRatio": 0.3893278109,
    "researchAndDevelopmentExpenses": 0,
    "generalAndAdministrativeExpenses": 1493914000,
    "sellingAndMarketingExpenses": -858606000,
    "sellingGeneralAndAdministrativeExpenses": 635308000,
    "otherExpenses": 402069000,
    "operatingExpenses": 1037377000,
    "costAndExpenses": 4031609000,
    "interestIncome": 0,
    "interestExpense": 0,
    "depreciationAndAmortization": 402069000,
    "ebitda": 1273634000,
    "ebitdaratio": 0.2597570472,
    "operatingIncome": 871565000,
    "operatingIncomeRatio": 0.1777552663,
    "totalOtherIncomeExpensesNet": -871565000,
    "incomeBeforeTax": 0,
    "incomeBeforeTaxRatio": 0,
    "incomeTaxExpense": 0,
    "netIncome": 715956000,
    "netIncomeRatio": 0.1460188849,
    "eps": 3.47,
    "epsdiluted": 3.26,
    "weightedAverageShsOut": 206327378,
    "weightedAverageShsOutDil": 219618405,
    "link": "https://www.sec.gov/Archives/edgar/data/884887/000088488706000003/0000884887-06-000003-index.htm",
    "finalLink": "https://www.sec.gov/Archives/edgar/data/884887/000088488706000003/form10k2005.htm"
  },
  {
    "date": "2004-12-31",
    "symbol": "RCL",
    "reportedCurrency": "USD",
    "cik": "0000884887",
    "fillingDate": "2005-03-14",
    "acceptedDate": "2005-03-14 17:14:42",
    "calendarYear": "2004",
    "period": "FY",
    "revenue": 4555375000,
    "costOfRevenue": 2819383000,
    "grossProfit": 1735992000,
    "grossProfitRatio": 0.3810865187,
    "researchAndDevelopmentExpenses": 0,
    "generalAndAdministrativeExpenses": 1410473000,
    "sellingAndMarketingExpenses": -822206000,
    "sellingGeneralAndAdministrativeExpenses": 588267000,
    "otherExpenses": 394136000,
    "operatingExpenses": 982403000,
    "costAndExpenses": 3801786000,
    "interestIncome": 0,
    "interestExpense": 0,
    "depreciationAndAmortization": 394136000,
    "ebitda": 1147725000,
    "ebitdaratio": 0.25194962,
    "operatingIncome": 753589000,
    "operatingIncomeRatio": 0.1654285322,
    "totalOtherIncomeExpensesNet": -753589000,
    "incomeBeforeTax": 0,
    "incomeBeforeTaxRatio": 0,
    "incomeTaxExpense": 0,
    "netIncome": 474691000,
    "netIncomeRatio": 0.1042045935,
    "eps": 2.39,
    "epsdiluted": 2.26,
    "weightedAverageShsOut": 198615481,
    "weightedAverageShsOutDil": 210040265,
    "link": "https://www.sec.gov/Archives/edgar/data/884887/000088488705000004/0000884887-05-000004-index.htm",
    "finalLink": "https://www.sec.gov/Archives/edgar/data/884887/000088488705000004/file10k.htm"
  },
  {
    "date": "2003-12-31",
    "symbol": "RCL",
    "reportedCurrency": "USD",
    "cik": "0000884887",
    "fillingDate": "2004-03-15",
    "acceptedDate": "2004-03-15 17:06:44",
    "calendarYear": "2003",
    "period": "FY",
    "revenue": 3784249000,
    "costOfRevenue": 2381035000,
    "grossProfit": 1403214000,
    "grossProfitRatio": 0.370803824,
    "researchAndDevelopmentExpenses": 0,
    "generalAndAdministrativeExpenses": 0,
    "sellingAndMarketingExpenses": 0,
    "sellingGeneralAndAdministrativeExpenses": 514334000,
    "otherExpenses": 362695000,
    "operatingExpenses": 877029000,
    "costAndExpenses": 3258064000,
    "interestIncome": 0,
    "interestExpense": 0,
    "depreciationAndAmortization": 362695000,
    "ebitda": 888880000,
    "ebitdaratio": 0.2348894061,
    "operatingIncome": 526185000,
    "operatingIncomeRatio": 0.1390460829,
    "totalOtherIncomeExpensesNet": -526185000,
    "incomeBeforeTax": 0,
    "incomeBeforeTaxRatio": 0,
    "incomeTaxExpense": 0,
    "netIncome": 280664000,
    "netIncomeRatio": 0.074166367,
    "eps": 1.45,
    "epsdiluted": 1.42,
    "weightedAverageShsOut": 193561379,
    "weightedAverageShsOutDil": 197650704,
    "link": "https://www.sec.gov/Archives/edgar/data/884887/000088488704000004/0000884887-04-000004-index.htm",
    "finalLink": "https://www.sec.gov/Archives/edgar/data/884887/000088488704000004/annualreport2.htm"
  },
  {
    "date": "2002-12-31",
    "symbol": "RCL",
    "reportedCurrency": "USD",
    "cik": "0000884887",
    "fillingDate": "2003-03-24",
    "acceptedDate": "2003-03-24 17:29:32",
    "calendarYear": "2002",
    "period": "FY",
    "revenue": 3434347000,
    "costOfRevenue": 2113217000,
    "grossProfit": 1321130000,
    "grossProfitRatio": 0.3846815712,
    "researchAndDevelopmentExpenses": 0,
    "generalAndAdministrativeExpenses": 0,
    "sellingAndMarketingExpenses": 0,
    "sellingGeneralAndAdministrativeExpenses": 431055000,
    "otherExpenses": 339100000,
    "operatingExpenses": 770155000,
    "costAndExpenses": 2883372000,
    "interestIncome": 0,
    "interestExpense": 0,
    "depreciationAndAmortization": 339100000,
    "ebitda": 890075000,
    "ebitdaratio": 0.259168628,
    "operatingIncome": 550975000,
    "operatingIncomeRatio": 0.1604307893,
    "totalOtherIncomeExpensesNet": -550975000,
    "incomeBeforeTax": 0,
    "incomeBeforeTaxRatio": 0,
    "incomeTaxExpense": 0,
    "netIncome": 351284000,
    "netIncomeRatio": 0.1022855291,
    "eps": 1.82,
    "epsdiluted": 1.79,
    "weightedAverageShsOut": 193013187,
    "weightedAverageShsOutDil": 196248045,
    "link": "https://www.sec.gov/Archives/edgar/data/884887/000095014403003650/0000950144-03-003650-index.htm",
    "finalLink": "https://www.sec.gov/Archives/edgar/data/884887/000095014403003650/g80869e20vf.htm"
  },
  {
    "date": "2001-12-31",
    "symbol": "RCL",
    "reportedCurrency": "USD",
    "cik": "0000884887",
    "fillingDate": "2002-04-08",
    "acceptedDate": "2002-04-08 00:00:00",
    "calendarYear": "2001",
    "period": "FY",
    "revenue": 3145250000,
    "costOfRevenue": 1934391000,
    "grossProfit": 1210859000,
    "grossProfitRatio": 0.3849802083,
    "researchAndDevelopmentExpenses": 0,
    "generalAndAdministrativeExpenses": 0,
    "sellingAndMarketingExpenses": 0,
    "sellingGeneralAndAdministrativeExpenses": 454080000,
    "otherExpenses": 301174000,
    "operatingExpenses": 755254000,
    "costAndExpenses": 2689645000,
    "interestIncome": 0,
    "interestExpense": 0,
    "depreciationAndAmortization": 301174000,
    "ebitda": 756779000,
    "ebitdaratio": 0.2406101264,
    "operatingIncome": 455605000,
    "operatingIncomeRatio": 0.14485494,
    "totalOtherIncomeExpensesNet": -455605000,
    "incomeBeforeTax": 0,
    "incomeBeforeTaxRatio": 0,
    "incomeTaxExpense": 0,
    "netIncome": 254457000,
    "netIncomeRatio": 0.0809019951,
    "eps": 1.32,
    "epsdiluted": 1.32,
    "weightedAverageShsOut": 192770455,
    "weightedAverageShsOutDil": 192770455,
    "link": "https://www.sec.gov/Archives/edgar/data/884887/000095014402003619/0000950144-02-003619-index.htm",
    "finalLink": "https://www.sec.gov/Archives/edgar/data/884887/000095014402003619/g75173e20-f.htm"
  },
  {
    "date": "2000-12-31",
    "symbol": "RCL",
    "reportedCurrency": "USD",
    "cik": "0000884887",
    "fillingDate": "2001-04-17",
    "acceptedDate": "2001-04-17 00:00:00",
    "calendarYear": "2000",
    "period": "FY",
    "revenue": 2865846000,
    "costOfRevenue": 1652459000,
    "grossProfit": 1213387000,
    "grossProfitRatio": 0.4233957442,
    "researchAndDevelopmentExpenses": 0,
    "generalAndAdministrativeExpenses": 0,
    "sellingAndMarketingExpenses": 0,
    "sellingGeneralAndAdministrativeExpenses": 412799000,
    "otherExpenses": 231048000,
    "operatingExpenses": 643847000,
    "costAndExpenses": 2296306000,
    "interestIncome": 0,
    "interestExpense": 0,
    "depreciationAndAmortization": 231048000,
    "ebitda": 800588000,
    "ebitdaratio": 0.2793548572,
    "operatingIncome": 569540000,
    "operatingIncomeRatio": 0.1987336375,
    "totalOtherIncomeExpensesNet": -569540000,
    "incomeBeforeTax": 0,
    "incomeBeforeTaxRatio": 0,
    "incomeTaxExpense": 0,
    "netIncome": 445363000,
    "netIncomeRatio": 0.1554036749,
    "eps": 2.34,
    "epsdiluted": 2.31,
    "weightedAverageShsOut": 190326068,
    "weightedAverageShsOutDil": 192797835,
    "link": "https://www.sec.gov/Archives/edgar/data/884887/000095014401500838/0000950144-01-500838-index.htm",
    "finalLink": "https://www.sec.gov/Archives/edgar/data/884887/000095014401500838/g67041e20-f.txt"
  },
  {
    "date": "1999-12-31",
    "symbol": "RCL",
    "reportedCurrency": "USD",
    "cik": "0000884887",
    "fillingDate": "2000-04-04",
    "acceptedDate": "2000-04-04 00:00:00",
    "calendarYear": "1999",
    "period": "FY",
    "revenue": 2546152000,
    "costOfRevenue": 1496252000,
    "grossProfit": 1049900000,
    "grossProfitRatio": 0.412347731,
    "researchAndDevelopmentExpenses": 0,
    "generalAndAdministrativeExpenses": 0,
    "sellingAndMarketingExpenses": 0,
    "sellingGeneralAndAdministrativeExpenses": 371817000,
    "otherExpenses": 197909000,
    "operatingExpenses": 569726000,
    "costAndExpenses": 2065978000,
    "interestIncome": 0,
    "interestExpense": 0,
    "depreciationAndAmortization": 197909000,
    "ebitda": 678083000,
    "ebitdaratio": 0.2663167792,
    "operatingIncome": 480174000,
    "operatingIncomeRatio": 0.1885881126,
    "totalOtherIncomeExpensesNet": -480174000,
    "incomeBeforeTax": 0,
    "incomeBeforeTaxRatio": 0,
    "incomeTaxExpense": 0,
    "netIncome": 383853000,
    "netIncomeRatio": 0.1507580851,
    "eps": 2.15,
    "epsdiluted": 2.06,
    "weightedAverageShsOut": 178536279,
    "weightedAverageShsOutDil": 186336408,
    "link": "https://www.sec.gov/Archives/edgar/data/884887/000095014400004542/0000950144-00-004542-index.html",
    "finalLink": "https://www.sec.gov/Archives/edgar/data/884887/000095014400004542/"
  },
  {
    "date": "1998-12-31",
    "symbol": "RCL",
    "reportedCurrency": "USD",
    "cik": "0000884887",
    "fillingDate": "1999-04-02",
    "acceptedDate": "1999-04-02 00:00:00",
    "calendarYear": "1998",
    "period": "FY",
    "revenue": 2636291000,
    "costOfRevenue": 1593728000,
    "grossProfit": 1042563000,
    "grossProfitRatio": 0.3954658268,
    "researchAndDevelopmentExpenses": 0,
    "generalAndAdministrativeExpenses": 0,
    "sellingAndMarketingExpenses": 0,
    "sellingGeneralAndAdministrativeExpenses": 359214000,
    "otherExpenses": 194614000,
    "operatingExpenses": 553828000,
    "costAndExpenses": 2147556000,
    "interestIncome": 0,
    "interestExpense": 0,
    "depreciationAndAmortization": 194614000,
    "ebitda": 683349000,
    "ebitdaratio": 0.2592084865,
    "operatingIncome": 488735000,
    "operatingIncomeRatio": 0.1853873491,
    "totalOtherIncomeExpensesNet": -488735000,
    "incomeBeforeTax": 0,
    "incomeBeforeTaxRatio": 0,
    "incomeTaxExpense": 0,
    "netIncome": 330770000,
    "netIncomeRatio": 0.1254679396,
    "eps": 1.9,
    "epsdiluted": 1.83,
    "weightedAverageShsOut": 174089474,
    "weightedAverageShsOutDil": 180748634,
    "link": "https://www.sec.gov/Archives/edgar/data/884887/000095014499004018/0000950144-99-004018-index.html",
    "finalLink": "https://www.sec.gov/Archives/edgar/data/884887/"
  },
  {
    "date": "1997-12-31",
    "symbol": "RCL",
    "reportedCurrency": "USD",
    "cik": "0000884887",
    "fillingDate": "1997-12-31",
    "acceptedDate": "1997-12-31 00:00:00",
    "calendarYear": "1997",
    "period": "FY",
    "revenue": 1939000000,
    "costOfRevenue": 1219300000,
    "grossProfit": 719700000,
    "grossProfitRatio": 0.3711707065,
    "researchAndDevelopmentExpenses": 0,
    "generalAndAdministrativeExpenses": 0,
    "sellingAndMarketingExpenses": 0,
    "sellingGeneralAndAdministrativeExpenses": 272400000,
    "otherExpenses": 1363100000,
    "operatingExpenses": 1635500000,
    "costAndExpenses": 2854800000,
    "interestIncome": 0,
    "interestExpense": 0,
    "depreciationAndAmortization": -143800000,
    "ebitda": -772000000,
    "ebitdaratio": -0.3981433729,
    "operatingIncome": -915800000,
    "operatingIncomeRatio": -0.472305312,
    "totalOtherIncomeExpensesNet": 915800000,
    "incomeBeforeTax": 0,
    "incomeBeforeTaxRatio": 0,
    "incomeTaxExpense": 0,
    "netIncome": 175100000,
    "netIncomeRatio": 0.0903042806,
    "eps": 1.16,
    "epsdiluted": 1.14,
    "weightedAverageShsOut": 150948276,
    "weightedAverageShsOutDil": 153596491,
    "link": null,
    "finalLink": null
  },
  {
    "date": "1996-12-31",
    "symbol": "RCL",
    "reportedCurrency": "USD",
    "cik": "0000884887",
    "fillingDate": "1996-12-31",
    "acceptedDate": "1996-12-31 00:00:00",
    "calendarYear": "1996",
    "period": "FY",
    "revenue": 1357300000,
    "costOfRevenue": 854500000,
    "grossProfit": 502800000,
    "grossProfitRatio": 0.3704413173,
    "researchAndDevelopmentExpenses": 0,
    "generalAndAdministrativeExpenses": 0,
    "sellingAndMarketingExpenses": 0,
    "sellingGeneralAndAdministrativeExpenses": 194600000,
    "otherExpenses": 945700000,
    "operatingExpenses": 1140300000,
    "costAndExpenses": 1994800000,
    "interestIncome": 0,
    "interestExpense": 0,
    "depreciationAndAmortization": -91200000,
    "ebitda": -546300000,
    "ebitdaratio": -0.402490238,
    "operatingIncome": -637500000,
    "operatingIncomeRatio": -0.4696824578,
    "totalOtherIncomeExpensesNet": 637500000,
    "incomeBeforeTax": 0,
    "incomeBeforeTaxRatio": 0,
    "incomeTaxExpense": 0,
    "netIncome": 150900000,
    "netIncomeRatio": 0.1111766006,
    "eps": 1.19,
    "epsdiluted": 1.18,
    "weightedAverageShsOut": 126806723,
    "weightedAverageShsOutDil": 127881356,
    "link": null,
    "finalLink": null
  },
  {
    "date": "1995-12-31",
    "symbol": "RCL",
    "reportedCurrency": "USD",
    "cik": "0000884887",
    "fillingDate": "1995-12-31",
    "acceptedDate": "1995-12-31 00:00:00",
    "calendarYear": "1995",
    "period": "FY",
    "revenue": 1184000000,
    "costOfRevenue": 742500000,
    "grossProfit": 441500000,
    "grossProfitRatio": 0.3728885135,
    "researchAndDevelopmentExpenses": 0,
    "generalAndAdministrativeExpenses": 0,
    "sellingAndMarketingExpenses": 0,
    "sellingGeneralAndAdministrativeExpenses": 177500000,
    "otherExpenses": 822600000,
    "operatingExpenses": 1000100000,
    "costAndExpenses": 1742600000,
    "interestIncome": 0,
    "interestExpense": 0,
    "depreciationAndAmortization": -80100000,
    "ebitda": -478500000,
    "ebitdaratio": -0.4041385135,
    "operatingIncome": -558600000,
    "operatingIncomeRatio": -0.4717905405,
    "totalOtherIncomeExpensesNet": 558600000,
    "incomeBeforeTax": 0,
    "incomeBeforeTaxRatio": 0,
    "incomeTaxExpense": 0,
    "netIncome": 149000000,
    "netIncomeRatio": 0.1258445946,
    "eps": 1.18,
    "epsdiluted": 1.17,
    "weightedAverageShsOut": 126271186,
    "weightedAverageShsOutDil": 127350427,
    "link": null,
    "finalLink": null
  },
  {
    "date": "1994-12-31",
    "symbol": "RCL",
    "reportedCurrency": "USD",
    "cik": "0000884887",
    "fillingDate": "1994-12-31",
    "acceptedDate": "1994-12-31 00:00:00",
    "calendarYear": "1994",
    "period": "FY",
    "revenue": 1171400000,
    "costOfRevenue": 728800000,
    "grossProfit": 442600000,
    "grossProfitRatio": 0.3778384839,
    "researchAndDevelopmentExpenses": 0,
    "generalAndAdministrativeExpenses": 0,
    "sellingAndMarketingExpenses": 0,
    "sellingGeneralAndAdministrativeExpenses": 179100000,
    "otherExpenses": 806700000,
    "operatingExpenses": 985800000,
    "costAndExpenses": 1714600000,
    "interestIncome": 0,
    "interestExpense": 0,
    "depreciationAndAmortization": -77900000,
    "ebitda": -465300000,
    "ebitdaratio": -0.3972170053,
    "operatingIncome": -543200000,
    "operatingIncomeRatio": -0.4637186273,
    "totalOtherIncomeExpensesNet": 543200000,
    "incomeBeforeTax": 0,
    "incomeBeforeTaxRatio": 0,
    "incomeTaxExpense": 0,
    "netIncome": 136600000,
    "netIncomeRatio": 0.1166126003,
    "eps": 1.08,
    "epsdiluted": 1.08,
    "weightedAverageShsOut": 126481481,
    "weightedAverageShsOutDil": 126481481,
    "link": null,
    "finalLink": null
  },
  {
    "date": "1993-12-31",
    "symbol": "RCL",
    "reportedCurrency": "USD",
    "cik": "0000884887",
    "fillingDate": "1993-12-31",
    "acceptedDate": "1993-12-31 00:00:00",
    "calendarYear": "1993",
    "period": "FY",
    "revenue": 1112800000,
    "costOfRevenue": 696400000,
    "grossProfit": 416400000,
    "grossProfitRatio": 0.3741912293,
    "researchAndDevelopmentExpenses": 0,
    "generalAndAdministrativeExpenses": 0,
    "sellingAndMarketingExpenses": 0,
    "sellingGeneralAndAdministrativeExpenses": 168400000,
    "otherExpenses": 86500000,
    "operatingExpenses": 254900000,
    "costAndExpenses": 951300000,
    "interestIncome": 0,
    "interestExpense": 0,
    "depreciationAndAmortization": -86500000,
    "ebitda": 248000000,
    "ebitdaratio": 0.2228612509,
    "operatingIncome": 161500000,
    "operatingIncomeRatio": 0.1451294033,
    "totalOtherIncomeExpensesNet": -161500000,
    "incomeBeforeTax": 0,
    "incomeBeforeTaxRatio": 0,
    "incomeTaxExpense": 0,
    "netIncome": 106700000,
    "netIncomeRatio": 0.0958842559,
    "eps": 0.9,
    "epsdiluted": 0.9,
    "weightedAverageShsOut": 118555556,
    "weightedAverageShsOutDil": 118555556,
    "link": null,
    "finalLink": null
  },
  {
    "date": "1992-12-31",
    "symbol": "RCL",
    "reportedCurrency": "USD",
    "cik": "0000884887",
    "fillingDate": "1992-12-31",
    "acceptedDate": "1992-12-31 00:00:00",
    "calendarYear": "1992",
    "period": "FY",
    "revenue": 1012800000,
    "costOfRevenue": 635700000,
    "grossProfit": 377100000,
    "grossProfitRatio": 0.3723341232,
    "researchAndDevelopmentExpenses": 0,
    "generalAndAdministrativeExpenses": 0,
    "sellingAndMarketingExpenses": 0,
    "sellingGeneralAndAdministrativeExpenses": 160800000,
    "otherExpenses": 78000000,
    "operatingExpenses": 238800000,
    "costAndExpenses": 874500000,
    "interestIncome": 0,
    "interestExpense": 0,
    "depreciationAndAmortization": -78000000,
    "ebitda": 216300000,
    "ebitdaratio": 0.2135663507,
    "operatingIncome": 138300000,
    "operatingIncomeRatio": 0.1365521327,
    "totalOtherIncomeExpensesNet": -138300000,
    "incomeBeforeTax": 0,
    "incomeBeforeTaxRatio": 0,
    "incomeTaxExpense": 0,
    "netIncome": 60600000,
    "netIncomeRatio": 0.0598341232,
    "eps": 0.59,
    "epsdiluted": 0.59,
    "weightedAverageShsOut": 102711864,
    "weightedAverageShsOutDil": 102711864,
    "link": null,
    "finalLink": null
  },
  {
    "date": "1991-12-31",
    "symbol": "RCL",
    "reportedCurrency": "USD",
    "cik": "0000884887",
    "fillingDate": "1991-12-31",
    "acceptedDate": "1991-12-31 00:00:00",
    "calendarYear": "1991",
    "period": "FY",
    "revenue": 759600000,
    "costOfRevenue": 488500000,
    "grossProfit": 271100000,
    "grossProfitRatio": 0.3568983676,
    "researchAndDevelopmentExpenses": 0,
    "generalAndAdministrativeExpenses": 0,
    "sellingAndMarketingExpenses": 0,
    "sellingGeneralAndAdministrativeExpenses": 149300000,
    "otherExpenses": 57600000,
    "operatingExpenses": 206900000,
    "costAndExpenses": 695400000,
    "interestIncome": 0,
    "interestExpense": 0,
    "depreciationAndAmortization": -57600000,
    "ebitda": 121800000,
    "ebitdaratio": 0.1603475513,
    "operatingIncome": 64200000,
    "operatingIncomeRatio": 0.0845181675,
    "totalOtherIncomeExpensesNet": -64200000,
    "incomeBeforeTax": 0,
    "incomeBeforeTaxRatio": 0,
    "incomeTaxExpense": 0,
    "netIncome": 4300000,
    "netIncomeRatio": 0.0056608741,
    "eps": 0.04,
    "epsdiluted": 0.04,
    "weightedAverageShsOut": 107500000,
    "weightedAverageShsOutDil": 107500000,
    "link": null,
    "finalLink": null
  }
]