[
  {
    "date": "2024-12-31",
    "symbol": "REGN",
    "reportedCurrency": "USD",
    "cik": "0000872589",
    "fillingDate": "2025-02-05",
    "acceptedDate": "2025-02-05 09:18:14",
    "calendarYear": "2024",
    "period": "FY",
    "revenue": 14202000000,
    "costOfRevenue": 2451400000,
    "grossProfit": 11750600000,
    "grossProfitRatio": 0.8273905084,
    "researchAndDevelopmentExpenses": 4624200000,
    "generalAndAdministrativeExpenses": 0,
    "sellingAndMarketingExpenses": 0,
    "sellingGeneralAndAdministrativeExpenses": 2899200000,
    "otherExpenses": 53400000,
    "operatingExpenses": 7576800000,
    "costAndExpenses": 10028200000,
    "interestIncome": 711400000,
    "interestExpense": 55200000,
    "depreciationAndAmortization": 482900000,
    "ebitda": 5318000000,
    "ebitdaratio": 0.3744543022,
    "operatingIncome": 4173800000,
    "operatingIncomeRatio": 0.2938881848,
    "totalOtherIncomeExpensesNet": 606100000,
    "incomeBeforeTax": 4779900000,
    "incomeBeforeTaxRatio": 0.3365652725,
    "incomeTaxExpense": 367300000,
    "netIncome": 4412600000,
    "netIncomeRatio": 0.3107027179,
    "eps": 40.9,
    "epsdiluted": 38.34,
    "weightedAverageShsOut": 107900000,
    "weightedAverageShsOutDil": 115100000,
    "link": "https://www.sec.gov/Archives/edgar/data/872589/000180422025000011/0001804220-25-000011-index.htm",
    "finalLink": "https://www.sec.gov/Archives/edgar/data/872589/000180422025000011/regn-20241231.htm"
  },
  {
    "date": "2023-12-31",
    "symbol": "REGN",
    "reportedCurrency": "USD",
    "cik": "0000872589",
    "fillingDate": "2024-02-05",
    "acceptedDate": "2024-02-05 09:16:15",
    "calendarYear": "2023",
    "period": "FY",
    "revenue": 13117200000,
    "costOfRevenue": 2244500000,
    "grossProfit": 10872700000,
    "grossProfitRatio": 0.8288887872,
    "researchAndDevelopmentExpenses": 3986700000,
    "generalAndAdministrativeExpenses": 0,
    "sellingAndMarketingExpenses": 0,
    "sellingGeneralAndAdministrativeExpenses": 2539500000,
    "otherExpenses": -2100000,
    "operatingExpenses": 6524100000,
    "costAndExpenses": 8768600000,
    "interestIncome": 495900000,
    "interestExpense": 73000000,
    "depreciationAndAmortization": 421000000,
    "ebitda": 4693300000,
    "ebitdaratio": 0.3577973958,
    "operatingIncome": 4348600000,
    "operatingIncomeRatio": 0.3315189217,
    "totalOtherIncomeExpensesNet": -149300000,
    "incomeBeforeTax": 4199300000,
    "incomeBeforeTaxRatio": 0.3201369195,
    "incomeTaxExpense": 245700000,
    "netIncome": 3953600000,
    "netIncomeRatio": 0.3014057878,
    "eps": 37.05,
    "epsdiluted": 34.77,
    "weightedAverageShsOut": 106700000,
    "weightedAverageShsOutDil": 113700000,
    "link": "https://www.sec.gov/Archives/edgar/data/872589/000180422024000009/0001804220-24-000009-index.htm",
    "finalLink": "https://www.sec.gov/Archives/edgar/data/872589/000180422024000009/regn-20231231.htm"
  },
  {
    "date": "2022-12-31",
    "symbol": "REGN",
    "reportedCurrency": "USD",
    "cik": "0000872589",
    "fillingDate": "2023-02-06",
    "acceptedDate": "2023-02-06 09:23:24",
    "calendarYear": "2022",
    "period": "FY",
    "revenue": 12172900000,
    "costOfRevenue": 1705200000,
    "grossProfit": 10467700000,
    "grossProfitRatio": 0.8599183432,
    "researchAndDevelopmentExpenses": 3056100000,
    "generalAndAdministrativeExpenses": 0,
    "sellingAndMarketingExpenses": 0,
    "sellingGeneralAndAdministrativeExpenses": 2115900000,
    "otherExpenses": -89900000,
    "operatingExpenses": 5082100000,
    "costAndExpenses": 6787300000,
    "interestIncome": 160100000,
    "interestExpense": 59400000,
    "depreciationAndAmortization": 341400000,
    "ebitda": 5259600000,
    "ebitdaratio": 0.4320745262,
    "operatingIncome": 5385600000,
    "operatingIncomeRatio": 0.4424253875,
    "totalOtherIncomeExpensesNet": -526800000,
    "incomeBeforeTax": 4858800000,
    "incomeBeforeTaxRatio": 0.3991489292,
    "incomeTaxExpense": 520400000,
    "netIncome": 4338400000,
    "netIncomeRatio": 0.3563982289,
    "eps": 40.51,
    "epsdiluted": 38.22,
    "weightedAverageShsOut": 107100000,
    "weightedAverageShsOutDil": 113500000,
    "link": "https://www.sec.gov/Archives/edgar/data/872589/000180422023000008/0001804220-23-000008-index.htm",
    "finalLink": "https://www.sec.gov/Archives/edgar/data/872589/000180422023000008/regn-20221231.htm"
  },
  {
    "date": "2021-12-31",
    "symbol": "REGN",
    "reportedCurrency": "USD",
    "cik": "0000872589",
    "fillingDate": "2022-02-07",
    "acceptedDate": "2022-02-07 09:25:49",
    "calendarYear": "2021",
    "period": "FY",
    "revenue": 16071700000,
    "costOfRevenue": 2723700000,
    "grossProfit": 13348000000,
    "grossProfitRatio": 0.8305281955,
    "researchAndDevelopmentExpenses": 2621900000,
    "generalAndAdministrativeExpenses": 0,
    "sellingAndMarketingExpenses": 0,
    "sellingGeneralAndAdministrativeExpenses": 1824900000,
    "otherExpenses": -45600000,
    "operatingExpenses": 4401200000,
    "costAndExpenses": 7124900000,
    "interestIncome": 0,
    "interestExpense": 57300000,
    "depreciationAndAmortization": 286200000,
    "ebitda": 9669300000,
    "ebitdaratio": 0.6016351724,
    "operatingIncome": 8946800000,
    "operatingIncomeRatio": 0.5566803761,
    "totalOtherIncomeExpensesNet": 379000000,
    "incomeBeforeTax": 9325800000,
    "incomeBeforeTaxRatio": 0.5802622,
    "incomeTaxExpense": 1250500000,
    "netIncome": 8075300000,
    "netIncomeRatio": 0.5024546252,
    "eps": 76.4,
    "epsdiluted": 71.97,
    "weightedAverageShsOut": 105700000,
    "weightedAverageShsOutDil": 112200000,
    "link": "https://www.sec.gov/Archives/edgar/data/872589/000180422022000007/0001804220-22-000007-index.htm",
    "finalLink": "https://www.sec.gov/Archives/edgar/data/872589/000180422022000007/regn-20211231.htm"
  },
  {
    "date": "2020-12-31",
    "symbol": "REGN",
    "reportedCurrency": "USD",
    "cik": "0000872589",
    "fillingDate": "2021-02-08",
    "acceptedDate": "2021-02-08 09:13:00",
    "calendarYear": "2020",
    "period": "FY",
    "revenue": 8497100000,
    "costOfRevenue": 1355800000,
    "grossProfit": 7141300000,
    "grossProfitRatio": 0.8404396794,
    "researchAndDevelopmentExpenses": 2499100000,
    "generalAndAdministrativeExpenses": 0,
    "sellingAndMarketingExpenses": 0,
    "sellingGeneralAndAdministrativeExpenses": 1346000000,
    "otherExpenses": -280400000,
    "operatingExpenses": 3564700000,
    "costAndExpenses": 4920500000,
    "interestIncome": 0,
    "interestExpense": 56900000,
    "depreciationAndAmortization": 235900000,
    "ebitda": 4103200000,
    "ebitdaratio": 0.4828941639,
    "operatingIncome": 3576600000,
    "operatingIncomeRatio": 0.4209200786,
    "totalOtherIncomeExpensesNet": 233800000,
    "incomeBeforeTax": 3810400000,
    "incomeBeforeTaxRatio": 0.4484353485,
    "incomeTaxExpense": 297200000,
    "netIncome": 3513200000,
    "netIncomeRatio": 0.4134587094,
    "eps": 32.65,
    "epsdiluted": 30.52,
    "weightedAverageShsOut": 107600000,
    "weightedAverageShsOutDil": 115100000,
    "link": "https://www.sec.gov/Archives/edgar/data/872589/000180422021000008/0001804220-21-000008-index.htm",
    "finalLink": "https://www.sec.gov/Archives/edgar/data/872589/000180422021000008/regn-20201231.htm"
  },
  {
    "date": "2019-12-31",
    "symbol": "REGN",
    "reportedCurrency": "USD",
    "cik": "0000872589",
    "fillingDate": "2020-02-07",
    "acceptedDate": "2020-02-07 09:04:34",
    "calendarYear": "2019",
    "period": "FY",
    "revenue": 6557600000,
    "costOfRevenue": 975400000,
    "grossProfit": 5582200000,
    "grossProfitRatio": 0.8512565573,
    "researchAndDevelopmentExpenses": 2239700000,
    "generalAndAdministrativeExpenses": 0,
    "sellingAndMarketingExpenses": 0,
    "sellingGeneralAndAdministrativeExpenses": 1341900000,
    "otherExpenses": -209200000,
    "operatingExpenses": 3372400000,
    "costAndExpenses": 4347800000,
    "interestIncome": 0,
    "interestExpense": 30200000,
    "depreciationAndAmortization": 210300000,
    "ebitda": 2669600000,
    "ebitdaratio": 0.4071001586,
    "operatingIncome": 2209800000,
    "operatingIncomeRatio": 0.3369830426,
    "totalOtherIncomeExpensesNet": 219300000,
    "incomeBeforeTax": 2429100000,
    "incomeBeforeTaxRatio": 0.3704251555,
    "incomeTaxExpense": 313300000,
    "netIncome": 2115800000,
    "netIncomeRatio": 0.3226485299,
    "eps": 19.38,
    "epsdiluted": 18.46,
    "weightedAverageShsOut": 109200000,
    "weightedAverageShsOutDil": 114600000,
    "link": "https://www.sec.gov/Archives/edgar/data/872589/000153217620000008/0001532176-20-000008-index.htm",
    "finalLink": "https://www.sec.gov/Archives/edgar/data/872589/000153217620000008/regn-123119x10k.htm"
  },
  {
    "date": "2018-12-31",
    "symbol": "REGN",
    "reportedCurrency": "USD",
    "cik": "0000872589",
    "fillingDate": "2019-02-07",
    "acceptedDate": "2019-02-07 16:12:36",
    "calendarYear": "2018",
    "period": "FY",
    "revenue": 6710800000,
    "costOfRevenue": 582300000,
    "grossProfit": 6128500000,
    "grossProfitRatio": 0.9132294212,
    "researchAndDevelopmentExpenses": 2037900000,
    "generalAndAdministrativeExpenses": 0,
    "sellingAndMarketingExpenses": 0,
    "sellingGeneralAndAdministrativeExpenses": 1556200000,
    "otherExpenses": 0,
    "operatingExpenses": 3594100000,
    "costAndExpenses": 4176399999,
    "interestIncome": 0,
    "interestExpense": 28200000,
    "depreciationAndAmortization": 148200000,
    "ebitda": 2729900000,
    "ebitdaratio": 0.4067920367,
    "operatingIncome": 2534400000,
    "operatingIncomeRatio": 0.3776598915,
    "totalOtherIncomeExpensesNet": 19100000,
    "incomeBeforeTax": 2553500000,
    "incomeBeforeTaxRatio": 0.3805060499,
    "incomeTaxExpense": 109100000,
    "netIncome": 2444400000,
    "netIncomeRatio": 0.3642486738,
    "eps": 21.29,
    "epsdiluted": 21.29,
    "weightedAverageShsOut": 114800000,
    "weightedAverageShsOutDil": 114800000,
    "link": "https://www.sec.gov/Archives/edgar/data/872589/000153217619000009/0001532176-19-000009-index.htm",
    "finalLink": "https://www.sec.gov/Archives/edgar/data/872589/000153217619000009/regn-123118x10k.htm"
  },
  {
    "date": "2017-12-31",
    "symbol": "REGN",
    "reportedCurrency": "USD",
    "cik": "0000872589",
    "fillingDate": "2018-02-08",
    "acceptedDate": "2018-02-08 16:22:58",
    "calendarYear": "2017",
    "period": "FY",
    "revenue": 5872227000,
    "costOfRevenue": 542528000,
    "grossProfit": 5329699000,
    "grossProfitRatio": 0.907611201,
    "researchAndDevelopmentExpenses": 1929675000,
    "generalAndAdministrativeExpenses": 0,
    "sellingAndMarketingExpenses": 0,
    "sellingGeneralAndAdministrativeExpenses": 1320433000,
    "otherExpenses": 0,
    "operatingExpenses": 3250108000,
    "costAndExpenses": 3792636000,
    "interestIncome": 0,
    "interestExpense": 25119000,
    "depreciationAndAmortization": 145467000,
    "ebitda": 2249097000,
    "ebitdaratio": 0.3830058,
    "operatingIncome": 2079591000,
    "operatingIncomeRatio": 0.3541400903,
    "totalOtherIncomeExpensesNet": -1080000,
    "incomeBeforeTax": 2078511000,
    "incomeBeforeTaxRatio": 0.3539561737,
    "incomeTaxExpense": 880000000,
    "netIncome": 1198511000,
    "netIncomeRatio": 0.2040982067,
    "eps": 11.27,
    "epsdiluted": 10.34,
    "weightedAverageShsOut": 115900000,
    "weightedAverageShsOutDil": 115909090,
    "link": "https://www.sec.gov/Archives/edgar/data/872589/000153217618000013/0001532176-18-000013-index.htm",
    "finalLink": "https://www.sec.gov/Archives/edgar/data/872589/000153217618000013/regn-123117x10k.htm"
  },
  {
    "date": "2016-12-31",
    "symbol": "REGN",
    "reportedCurrency": "USD",
    "cik": "0000872589",
    "fillingDate": "2017-02-09",
    "acceptedDate": "2017-02-09 16:05:36",
    "calendarYear": "2016",
    "period": "FY",
    "revenue": 4860427000,
    "costOfRevenue": 404439000,
    "grossProfit": 4455988000,
    "grossProfitRatio": 0.9167894097,
    "researchAndDevelopmentExpenses": 1947550000,
    "generalAndAdministrativeExpenses": 0,
    "sellingAndMarketingExpenses": 0,
    "sellingGeneralAndAdministrativeExpenses": 1177697000,
    "otherExpenses": 0,
    "operatingExpenses": 3125247000,
    "costAndExpenses": 3529686000,
    "interestIncome": 0,
    "interestExpense": 7195000,
    "depreciationAndAmortization": 104745000,
    "ebitda": 1441755000,
    "ebitdaratio": 0.2966313454,
    "operatingIncome": 1330741000,
    "operatingIncomeRatio": 0.2737909653,
    "totalOtherIncomeExpensesNet": -926000,
    "incomeBeforeTax": 1329815000,
    "incomeBeforeTaxRatio": 0.273600447,
    "incomeTaxExpense": 434293000,
    "netIncome": 895522000,
    "netIncomeRatio": 0.184247598,
    "eps": 8.55,
    "epsdiluted": 7.7,
    "weightedAverageShsOut": 116248080,
    "weightedAverageShsOutDil": 116300000,
    "link": "https://www.sec.gov/Archives/edgar/data/872589/000153217617000008/0001532176-17-000008-index.htm",
    "finalLink": "https://www.sec.gov/Archives/edgar/data/872589/000153217617000008/regn-123116x10k.htm"
  },
  {
    "date": "2015-12-31",
    "symbol": "REGN",
    "reportedCurrency": "USD",
    "cik": "0000872589",
    "fillingDate": "2016-02-11",
    "acceptedDate": "2016-02-11 16:45:24",
    "calendarYear": "2015",
    "period": "FY",
    "revenue": 4103728000,
    "costOfRevenue": 467618000,
    "grossProfit": 3636110000,
    "grossProfitRatio": 0.88605044,
    "researchAndDevelopmentExpenses": 1545668000,
    "generalAndAdministrativeExpenses": 0,
    "sellingAndMarketingExpenses": 0,
    "sellingGeneralAndAdministrativeExpenses": 838526000,
    "otherExpenses": 0,
    "operatingExpenses": 2384194000,
    "costAndExpenses": 2851812000,
    "interestIncome": 6283000,
    "interestExpense": 14241000,
    "depreciationAndAmortization": 74909000,
    "ebitda": 1314247000,
    "ebitdaratio": 0.3202568494,
    "operatingIncome": 1251916000,
    "operatingIncomeRatio": 0.3050679772,
    "totalOtherIncomeExpensesNet": -26819000,
    "incomeBeforeTax": 1225097000,
    "incomeBeforeTaxRatio": 0.2985327,
    "incomeTaxExpense": 589041000,
    "netIncome": 636056000,
    "netIncomeRatio": 0.154994678,
    "eps": 6.17,
    "epsdiluted": 5.52,
    "weightedAverageShsOut": 115227536,
    "weightedAverageShsOutDil": 115230000,
    "link": "https://www.sec.gov/Archives/edgar/data/872589/000153217616000045/0001532176-16-000045-index.htm",
    "finalLink": "https://www.sec.gov/Archives/edgar/data/872589/000153217616000045/regn-123115x10k.htm"
  },
  {
    "date": "2014-12-31",
    "symbol": "REGN",
    "reportedCurrency": "USD",
    "cik": "0000872589",
    "fillingDate": "2015-02-12",
    "acceptedDate": "2015-02-12 16:39:16",
    "calendarYear": "2014",
    "period": "FY",
    "revenue": 2819557000,
    "costOfRevenue": 257704000,
    "grossProfit": 2561853000,
    "grossProfitRatio": 0.9086012448,
    "researchAndDevelopmentExpenses": 1218667000,
    "generalAndAdministrativeExpenses": 0,
    "sellingAndMarketingExpenses": 0,
    "sellingGeneralAndAdministrativeExpenses": 504755000,
    "otherExpenses": -1204155000,
    "operatingExpenses": 1723422000,
    "costAndExpenses": 1981126000,
    "interestIncome": 5757000,
    "interestExpense": 37372000,
    "depreciationAndAmortization": 52686000,
    "ebitda": 865805000,
    "ebitdaratio": 0.3070712881,
    "operatingIncome": 823919000,
    "operatingIncomeRatio": 0.292215763,
    "totalOtherIncomeExpensesNet": -62684000,
    "incomeBeforeTax": 775747000,
    "incomeBeforeTaxRatio": 0.2751308096,
    "incomeTaxExpense": 427673000,
    "netIncome": 348074000,
    "netIncomeRatio": 0.1234498895,
    "eps": 3.36,
    "epsdiluted": 2.98,
    "weightedAverageShsOut": 113413000,
    "weightedAverageShsOutDil": 113465100,
    "link": "https://www.sec.gov/Archives/edgar/data/872589/000153217615000008/0001532176-15-000008-index.htm",
    "finalLink": "https://www.sec.gov/Archives/edgar/data/872589/000153217615000008/regn-123114x10k.htm"
  },
  {
    "date": "2013-12-31",
    "symbol": "REGN",
    "reportedCurrency": "USD",
    "cik": "0000872589",
    "fillingDate": "2014-02-13",
    "acceptedDate": "2014-02-13 16:07:14",
    "calendarYear": "2013",
    "period": "FY",
    "revenue": 2104745000,
    "costOfRevenue": 196559000,
    "grossProfit": 1908186000,
    "grossProfitRatio": 0.9066114898,
    "researchAndDevelopmentExpenses": 818743000,
    "generalAndAdministrativeExpenses": 0,
    "sellingAndMarketingExpenses": 0,
    "sellingGeneralAndAdministrativeExpenses": 328915000,
    "otherExpenses": -801265000,
    "operatingExpenses": 1147658000,
    "costAndExpenses": 1344217000,
    "interestIncome": 2668000,
    "interestExpense": 46437000,
    "depreciationAndAmortization": 41204000,
    "ebitda": 801001000,
    "ebitdaratio": 0.3805691426,
    "operatingIncome": 743050000,
    "operatingIncomeRatio": 0.3530356409,
    "totalOtherIncomeExpensesNet": -47168000,
    "incomeBeforeTax": 713360000,
    "incomeBeforeTaxRatio": 0.338929419,
    "incomeTaxExpense": 288998000,
    "netIncome": 424362000,
    "netIncomeRatio": 0.2016215741,
    "eps": 4.23,
    "epsdiluted": 3.72,
    "weightedAverageShsOut": 111219892,
    "weightedAverageShsOutDil": 111290000,
    "link": "https://www.sec.gov/Archives/edgar/data/872589/000153217614000008/0001532176-14-000008-index.htm",
    "finalLink": "https://www.sec.gov/Archives/edgar/data/872589/000153217614000008/regn-123113x10k.htm"
  },
  {
    "date": "2012-12-31",
    "symbol": "REGN",
    "reportedCurrency": "USD",
    "cik": "0000872589",
    "fillingDate": "2013-02-15",
    "acceptedDate": "2013-02-15 16:13:21",
    "calendarYear": "2012",
    "period": "FY",
    "revenue": 1378477000,
    "costOfRevenue": 121395000,
    "grossProfit": 1257082000,
    "grossProfitRatio": 0.9119354186,
    "researchAndDevelopmentExpenses": 588614000,
    "generalAndAdministrativeExpenses": 0,
    "sellingAndMarketingExpenses": 0,
    "sellingGeneralAndAdministrativeExpenses": 207955000,
    "otherExpenses": 0,
    "operatingExpenses": 796569000,
    "costAndExpenses": 917964000,
    "interestIncome": 2012000,
    "interestExpense": 45304000,
    "depreciationAndAmortization": 36940000,
    "ebitda": 496665000,
    "ebitdaratio": 0.3602998091,
    "operatingIncome": 460513000,
    "operatingIncomeRatio": 0.334073764,
    "totalOtherIncomeExpensesNet": -46092000,
    "incomeBeforeTax": 414421000,
    "incomeBeforeTaxRatio": 0.3006368623,
    "incomeTaxExpense": -335848000,
    "netIncome": 750269000,
    "netIncomeRatio": 0.5442738617,
    "eps": 7.92,
    "epsdiluted": 6.75,
    "weightedAverageShsOut": 111070186,
    "weightedAverageShsOutDil": 115382000,
    "link": "https://www.sec.gov/Archives/edgar/data/872589/000153217613000004/0001532176-13-000004-index.htm",
    "finalLink": "https://www.sec.gov/Archives/edgar/data/872589/000153217613000004/regn-123112x10k.htm"
  },
  {
    "date": "2011-12-31",
    "symbol": "REGN",
    "reportedCurrency": "USD",
    "cik": "0000872589",
    "fillingDate": "2012-02-21",
    "acceptedDate": "2012-02-21 07:31:08",
    "calendarYear": "2011",
    "period": "FY",
    "revenue": 445824000,
    "costOfRevenue": 35298000,
    "grossProfit": 410526000,
    "grossProfitRatio": 0.9208252584,
    "researchAndDevelopmentExpenses": 498424000,
    "generalAndAdministrativeExpenses": 0,
    "sellingAndMarketingExpenses": 0,
    "sellingGeneralAndAdministrativeExpenses": 117261000,
    "otherExpenses": 0,
    "operatingExpenses": 615685000,
    "costAndExpenses": 650983000,
    "interestIncome": 3549000,
    "interestExpense": 21282000,
    "depreciationAndAmortization": 31082000,
    "ebitda": -170528000,
    "ebitdaratio": -0.3825007178,
    "operatingIncome": -205159000,
    "operatingIncomeRatio": -0.4601793533,
    "totalOtherIncomeExpensesNet": -17733000,
    "incomeBeforeTax": -222892000,
    "incomeBeforeTaxRatio": -0.4999551392,
    "incomeTaxExpense": -1132000,
    "netIncome": -221760000,
    "netIncomeRatio": -0.4974160207,
    "eps": -2.45,
    "epsdiluted": -2.45,
    "weightedAverageShsOut": 90610001,
    "weightedAverageShsOutDil": 90610001,
    "link": "https://www.sec.gov/Archives/edgar/data/872589/000120677412000709/0001206774-12-000709-index.htm",
    "finalLink": "https://www.sec.gov/Archives/edgar/data/872589/000120677412000709/regeneron_10k.htm"
  },
  {
    "date": "2010-12-31",
    "symbol": "REGN",
    "reportedCurrency": "USD",
    "cik": "0000872589",
    "fillingDate": "2011-02-17",
    "acceptedDate": "2011-02-17 07:30:53",
    "calendarYear": "2010",
    "period": "FY",
    "revenue": 459074000,
    "costOfRevenue": 21780000,
    "grossProfit": 437294000,
    "grossProfitRatio": 0.9525566684,
    "researchAndDevelopmentExpenses": 469565000,
    "generalAndAdministrativeExpenses": 0,
    "sellingAndMarketingExpenses": 0,
    "sellingGeneralAndAdministrativeExpenses": 65200999,
    "otherExpenses": 0,
    "operatingExpenses": 534765999,
    "costAndExpenses": 556546000,
    "interestIncome": 2021999,
    "interestExpense": 9118000,
    "depreciationAndAmortization": 19687000,
    "ebitda": -75663000,
    "ebitdaratio": -0.1648165655,
    "operatingIncome": -97472000,
    "operatingIncomeRatio": -0.2123230677,
    "totalOtherIncomeExpensesNet": -6996000,
    "incomeBeforeTax": -104468000,
    "incomeBeforeTaxRatio": -0.2275624409,
    "incomeTaxExpense": 0,
    "netIncome": -104468000,
    "netIncomeRatio": -0.2275624409,
    "eps": -1.26,
    "epsdiluted": -1.26,
    "weightedAverageShsOut": 82926001,
    "weightedAverageShsOutDil": 82926001,
    "link": "https://www.sec.gov/Archives/edgar/data/872589/000120677411000263/0001206774-11-000263-index.htm",
    "finalLink": "https://www.sec.gov/Archives/edgar/data/872589/000120677411000263/regeneron_10k.htm"
  },
  {
    "date": "2009-12-31",
    "symbol": "REGN",
    "reportedCurrency": "USD",
    "cik": "0000872589",
    "fillingDate": "2010-02-18",
    "acceptedDate": "2010-02-18 08:30:41",
    "calendarYear": "2009",
    "period": "FY",
    "revenue": 379268000,
    "costOfRevenue": 15933000,
    "grossProfit": 363335000,
    "grossProfitRatio": 0.9579901284,
    "researchAndDevelopmentExpenses": 384515000,
    "generalAndAdministrativeExpenses": 0,
    "sellingAndMarketingExpenses": 0,
    "sellingGeneralAndAdministrativeExpenses": 52923000,
    "otherExpenses": 0,
    "operatingExpenses": 437438000,
    "costAndExpenses": 453371000,
    "interestIncome": 4388000,
    "interestExpense": 2337000,
    "depreciationAndAmortization": 14247000,
    "ebitda": -55368000,
    "ebitdaratio": -0.1459864792,
    "operatingIncome": -74103000,
    "operatingIncomeRatio": -0.1953842665,
    "totalOtherIncomeExpensesNet": 2151000,
    "incomeBeforeTax": -71952000,
    "incomeBeforeTaxRatio": -0.1897128152,
    "incomeTaxExpense": -4122000,
    "netIncome": -67830000,
    "netIncomeRatio": -0.178844511,
    "eps": -0.85,
    "epsdiluted": -0.85,
    "weightedAverageShsOut": 79782001,
    "weightedAverageShsOutDil": 79782001,
    "link": "https://www.sec.gov/Archives/edgar/data/872589/000120677410000298/0001206774-10-000298-index.htm",
    "finalLink": "https://www.sec.gov/Archives/edgar/data/872589/000120677410000298/regeneron_10k.htm"
  },
  {
    "date": "2008-12-31",
    "symbol": "REGN",
    "reportedCurrency": "USD",
    "cik": "0000872589",
    "fillingDate": "2009-02-26",
    "acceptedDate": "2009-02-26 07:30:49",
    "calendarYear": "2008",
    "period": "FY",
    "revenue": 238457000,
    "costOfRevenue": 12210000,
    "grossProfit": 226247000,
    "grossProfitRatio": 0.9487957997,
    "researchAndDevelopmentExpenses": 266728999,
    "generalAndAdministrativeExpenses": 0,
    "sellingAndMarketingExpenses": 0,
    "sellingGeneralAndAdministrativeExpenses": 49348000,
    "otherExpenses": 0,
    "operatingExpenses": 316077000,
    "costAndExpenses": 328287000,
    "interestIncome": 20661000,
    "interestExpense": 7752000,
    "depreciationAndAmortization": 11287000,
    "ebitda": -61320000,
    "ebitdaratio": -0.2571532813,
    "operatingIncome": -89830000,
    "operatingIncomeRatio": -0.3767136213,
    "totalOtherIncomeExpensesNet": 9471000,
    "incomeBeforeTax": -80359000,
    "incomeBeforeTaxRatio": -0.3369957686,
    "incomeTaxExpense": 2351000,
    "netIncome": -82710000,
    "netIncomeRatio": -0.3468549885,
    "eps": -1.05,
    "epsdiluted": -1.05,
    "weightedAverageShsOut": 78827001,
    "weightedAverageShsOutDil": 78827001,
    "link": "https://www.sec.gov/Archives/edgar/data/872589/000120677409000338/0001206774-09-000338-index.htm",
    "finalLink": "https://www.sec.gov/Archives/edgar/data/872589/000120677409000338/regeneron_10k.htm"
  },
  {
    "date": "2007-12-31",
    "symbol": "REGN",
    "reportedCurrency": "USD",
    "cik": "0000872589",
    "fillingDate": "2008-02-27",
    "acceptedDate": "2008-02-27 15:38:46",
    "calendarYear": "2007",
    "period": "FY",
    "revenue": 125024000,
    "costOfRevenue": 0,
    "grossProfit": 0,
    "grossProfitRatio": 0,
    "researchAndDevelopmentExpenses": 190126000,
    "generalAndAdministrativeExpenses": 0,
    "sellingAndMarketingExpenses": 0,
    "sellingGeneralAndAdministrativeExpenses": 37865000,
    "otherExpenses": 11487000,
    "operatingExpenses": 227991000,
    "costAndExpenses": 239478000,
    "interestIncome": 26797000,
    "interestExpense": 12043000,
    "depreciationAndAmortization": 11487000,
    "ebitda": -82070000,
    "ebitdaratio": -0.6564339647,
    "operatingIncome": -114454000,
    "operatingIncomeRatio": -0.9154562324,
    "totalOtherIncomeExpensesNet": 8854000,
    "incomeBeforeTax": -93557000,
    "incomeBeforeTaxRatio": -0.748312324,
    "incomeTaxExpense": -29751000,
    "netIncome": -105600000,
    "netIncomeRatio": -0.8446378295,
    "eps": -1.59,
    "epsdiluted": -1.59,
    "weightedAverageShsOut": 66334001,
    "weightedAverageShsOutDil": 66334001,
    "link": "https://www.sec.gov/Archives/edgar/data/872589/000095012308002191/0000950123-08-002191-index.htm",
    "finalLink": "https://www.sec.gov/Archives/edgar/data/872589/000095012308002191/y50008e10vk.htm"
  },
  {
    "date": "2006-12-31",
    "symbol": "REGN",
    "reportedCurrency": "USD",
    "cik": "0000872589",
    "fillingDate": "2007-03-12",
    "acceptedDate": "2007-03-12 15:43:19",
    "calendarYear": "2006",
    "period": "FY",
    "revenue": 63447000,
    "costOfRevenue": 22738000,
    "grossProfit": 40709000,
    "grossProfitRatio": 0.6416221413,
    "researchAndDevelopmentExpenses": 122122000,
    "generalAndAdministrativeExpenses": 0,
    "sellingAndMarketingExpenses": 0,
    "sellingGeneralAndAdministrativeExpenses": 25894000,
    "otherExpenses": 0,
    "operatingExpenses": 148016000,
    "costAndExpenses": 170754000,
    "interestIncome": 16547999,
    "interestExpense": 0,
    "depreciationAndAmortization": 14592000,
    "ebitda": -76515000,
    "ebitdaratio": -1.2059671852,
    "operatingIncome": -107307000,
    "operatingIncomeRatio": -1.69128564,
    "totalOtherIncomeExpensesNet": 4157000,
    "incomeBeforeTax": -91107000,
    "incomeBeforeTaxRatio": -1.4359544186,
    "incomeTaxExpense": -21866000,
    "netIncome": -102337000,
    "netIncomeRatio": -1.6129525431,
    "eps": -1.77,
    "epsdiluted": -1.77,
    "weightedAverageShsOut": 57970001,
    "weightedAverageShsOutDil": 57970001,
    "link": "https://www.sec.gov/Archives/edgar/data/872589/000095012307003627/0000950123-07-003627-index.htm",
    "finalLink": "https://www.sec.gov/Archives/edgar/data/872589/000095012307003627/y31048e10vk.htm"
  },
  {
    "date": "2005-12-31",
    "symbol": "REGN",
    "reportedCurrency": "USD",
    "cik": "0000872589",
    "fillingDate": "2006-02-28",
    "acceptedDate": "2006-02-28 15:53:12",
    "calendarYear": "2005",
    "period": "FY",
    "revenue": 66193000,
    "costOfRevenue": 25061000,
    "grossProfit": 41132000,
    "grossProfitRatio": 0.6213950116,
    "researchAndDevelopmentExpenses": 137922000,
    "generalAndAdministrativeExpenses": 0,
    "sellingAndMarketingExpenses": 0,
    "sellingGeneralAndAdministrativeExpenses": 25418000,
    "otherExpenses": 0,
    "operatingExpenses": 163340000,
    "costAndExpenses": 188401000,
    "interestIncome": 10381000,
    "interestExpense": 0,
    "depreciationAndAmortization": 15504000,
    "ebitda": -67896000,
    "ebitdaratio": -1.025727796,
    "operatingIncome": -124421000,
    "operatingIncomeRatio": -1.8796700557,
    "totalOtherIncomeExpensesNet": 26762000,
    "incomeBeforeTax": 124421000,
    "incomeBeforeTaxRatio": 1.8796700557,
    "incomeTaxExpense": 178846000,
    "netIncome": -95446000,
    "netIncomeRatio": -1.4419349478,
    "eps": -1.71,
    "epsdiluted": -1.71,
    "weightedAverageShsOut": 55950001,
    "weightedAverageShsOutDil": 55950001,
    "link": "https://www.sec.gov/Archives/edgar/data/872589/000095012306002365/0000950123-06-002365-index.htm",
    "finalLink": "https://www.sec.gov/Archives/edgar/data/872589/000095012306002365/y17762e10vk.htm"
  },
  {
    "date": "2004-12-31",
    "symbol": "REGN",
    "reportedCurrency": "USD",
    "cik": "0000872589",
    "fillingDate": "2005-03-11",
    "acceptedDate": "2005-03-11 13:30:59",
    "calendarYear": "2004",
    "period": "FY",
    "revenue": 174017000,
    "costOfRevenue": 151309000,
    "grossProfit": 22708000,
    "grossProfitRatio": 0.1304929978,
    "researchAndDevelopmentExpenses": 136095000,
    "generalAndAdministrativeExpenses": 0,
    "sellingAndMarketingExpenses": 0,
    "sellingGeneralAndAdministrativeExpenses": 17062000,
    "otherExpenses": -136095000,
    "operatingExpenses": 17062000,
    "costAndExpenses": 168371000,
    "interestIncome": 5478000,
    "interestExpense": 0,
    "depreciationAndAmortization": 15362000,
    "ebitda": 69236000,
    "ebitdaratio": 0.3978691737,
    "operatingIncome": 5646000,
    "operatingIncomeRatio": 0.0324451059,
    "totalOtherIncomeExpensesNet": 36053000,
    "incomeBeforeTax": 53874000,
    "incomeBeforeTaxRatio": 0.3095904423,
    "incomeTaxExpense": -84281000,
    "netIncome": 41699000,
    "netIncomeRatio": 0.2396260136,
    "eps": 0.75,
    "epsdiluted": 0.74,
    "weightedAverageShsOut": 55419001,
    "weightedAverageShsOutDil": 56172001,
    "link": "https://www.sec.gov/Archives/edgar/data/872589/000095012305002979/0000950123-05-002979-index.htm",
    "finalLink": "https://www.sec.gov/Archives/edgar/data/872589/000095012305002979/y06183e10vk.htm"
  },
  {
    "date": "2003-12-31",
    "symbol": "REGN",
    "reportedCurrency": "USD",
    "cik": "0000872589",
    "fillingDate": "2004-03-12",
    "acceptedDate": "2004-03-12 16:01:27",
    "calendarYear": "2003",
    "period": "FY",
    "revenue": 57497000,
    "costOfRevenue": 6676000,
    "grossProfit": 50821000,
    "grossProfitRatio": 0.8838895942,
    "researchAndDevelopmentExpenses": 136024000,
    "generalAndAdministrativeExpenses": 14785000,
    "sellingAndMarketingExpenses": 0,
    "sellingGeneralAndAdministrativeExpenses": 14785000,
    "otherExpenses": 0,
    "operatingExpenses": 150809000,
    "costAndExpenses": 157485000,
    "interestIncome": 0,
    "interestExpense": 0,
    "depreciationAndAmortization": 12937000,
    "ebitda": -91513000,
    "ebitdaratio": -1.5916134755,
    "operatingIncome": -99988000,
    "operatingIncomeRatio": -1.7390124702,
    "totalOtherIncomeExpensesNet": -7470000,
    "incomeBeforeTax": -95526000,
    "incomeBeforeTaxRatio": -1.6614084213,
    "incomeTaxExpense": 3008000,
    "netIncome": -107458000,
    "netIncomeRatio": -1.8689322921,
    "eps": -2.13,
    "epsdiluted": -2.13,
    "weightedAverageShsOut": 50449766,
    "weightedAverageShsOutDil": 50449766,
    "link": "https://www.sec.gov/Archives/edgar/data/872589/000095012304003254/0000950123-04-003254-index.htm",
    "finalLink": "https://www.sec.gov/Archives/edgar/data/872589/000095012304003254/y94850e10vk.htm"
  },
  {
    "date": "2002-12-31",
    "symbol": "REGN",
    "reportedCurrency": "USD",
    "cik": "0000872589",
    "fillingDate": "2003-03-31",
    "acceptedDate": "2003-03-31 10:02:16",
    "calendarYear": "2002",
    "period": "FY",
    "revenue": 21988000,
    "costOfRevenue": 6483000,
    "grossProfit": 15505000,
    "grossProfitRatio": 0.7051573586,
    "researchAndDevelopmentExpenses": 124926000,
    "generalAndAdministrativeExpenses": 12532000,
    "sellingAndMarketingExpenses": 0,
    "sellingGeneralAndAdministrativeExpenses": 12532000,
    "otherExpenses": 0,
    "operatingExpenses": 137458000,
    "costAndExpenses": 143941000,
    "interestIncome": 0,
    "interestExpense": 0,
    "depreciationAndAmortization": 8454000,
    "ebitda": -113499000,
    "ebitdaratio": -5.1618610151,
    "operatingIncome": -121953000,
    "operatingIncomeRatio": -5.5463434601,
    "totalOtherIncomeExpensesNet": -2424000,
    "incomeBeforeTax": -112518000,
    "incomeBeforeTaxRatio": -5.1172457704,
    "incomeTaxExpense": -7011000,
    "netIncome": -124377000,
    "netIncomeRatio": -5.6565854102,
    "eps": -2.83,
    "epsdiluted": -2.83,
    "weightedAverageShsOut": 43949471,
    "weightedAverageShsOutDil": 43949471,
    "link": "https://www.sec.gov/Archives/edgar/data/872589/000095012303003582/0000950123-03-003582-index.htm",
    "finalLink": "https://www.sec.gov/Archives/edgar/data/872589/000095012303003582/y84123e10vk.htm"
  },
  {
    "date": "2001-12-31",
    "symbol": "REGN",
    "reportedCurrency": "USD",
    "cik": "0000872589",
    "fillingDate": "2002-03-22",
    "acceptedDate": "2002-03-22 00:00:00",
    "calendarYear": "2001",
    "period": "FY",
    "revenue": 21973000,
    "costOfRevenue": 6509000,
    "grossProfit": 15464000,
    "grossProfitRatio": 0.7037728121,
    "researchAndDevelopmentExpenses": 91540000,
    "generalAndAdministrativeExpenses": 9607000,
    "sellingAndMarketingExpenses": 0,
    "sellingGeneralAndAdministrativeExpenses": 9607000,
    "otherExpenses": 0,
    "operatingExpenses": 101147000,
    "costAndExpenses": 107656000,
    "interestIncome": 0,
    "interestExpense": 0,
    "depreciationAndAmortization": 6077000,
    "ebitda": -79606000,
    "ebitdaratio": -3.6229008328,
    "operatingIncome": -85683000,
    "operatingIncomeRatio": -3.8994675283,
    "totalOtherIncomeExpensesNet": 9503000,
    "incomeBeforeTax": -73523000,
    "incomeBeforeTaxRatio": -3.346061075,
    "incomeTaxExpense": -21663000,
    "netIncome": -76180000,
    "netIncomeRatio": -3.4669822054,
    "eps": -1.81,
    "epsdiluted": -1.81,
    "weightedAverageShsOut": 42088399,
    "weightedAverageShsOutDil": 42088399,
    "link": "https://www.sec.gov/Archives/edgar/data/872589/000095012302002817/0000950123-02-002817-index.htm",
    "finalLink": "https://www.sec.gov/Archives/edgar/data/872589/000095012302002817/y58194e10-k.htm"
  },
  {
    "date": "2000-12-31",
    "symbol": "REGN",
    "reportedCurrency": "USD",
    "cik": "0000872589",
    "fillingDate": "2001-03-02",
    "acceptedDate": "2001-03-02 00:00:00",
    "calendarYear": "2000",
    "period": "FY",
    "revenue": 59276000,
    "costOfRevenue": 15566000,
    "grossProfit": 43710000,
    "grossProfitRatio": 0.7373979351,
    "researchAndDevelopmentExpenses": 56256000,
    "generalAndAdministrativeExpenses": 8309000,
    "sellingAndMarketingExpenses": 0,
    "sellingGeneralAndAdministrativeExpenses": 8309000,
    "otherExpenses": 4421000,
    "operatingExpenses": 68986000,
    "costAndExpenses": 84552000,
    "interestIncome": 0,
    "interestExpense": 4575000,
    "depreciationAndAmortization": 4421000,
    "ebitda": -20855000,
    "ebitdaratio": -0.3518287334,
    "operatingIncome": -25276000,
    "operatingIncomeRatio": -0.4264120386,
    "totalOtherIncomeExpensesNet": 25276000,
    "incomeBeforeTax": -29851000,
    "incomeBeforeTaxRatio": -0.5035933599,
    "incomeTaxExpense": 2514000,
    "netIncome": -23215000,
    "netIncomeRatio": -0.391642486,
    "eps": -0.66,
    "epsdiluted": -0.66,
    "weightedAverageShsOut": 35174243,
    "weightedAverageShsOutDil": 35174243,
    "link": "https://www.sec.gov/Archives/edgar/data/872589/000095012301500091/0000950123-01-500091-index.htm",
    "finalLink": "https://www.sec.gov/Archives/edgar/data/872589/000095012301500091/y45946me10-k.txt"
  },
  {
    "date": "1999-12-31",
    "symbol": "REGN",
    "reportedCurrency": "USD",
    "cik": "0000872589",
    "fillingDate": "2000-03-06",
    "acceptedDate": "2000-03-06 00:00:00",
    "calendarYear": "1999",
    "period": "FY",
    "revenue": 34500000,
    "costOfRevenue": 3600000,
    "grossProfit": 30900000,
    "grossProfitRatio": 0.8956521739,
    "researchAndDevelopmentExpenses": 44900000,
    "generalAndAdministrativeExpenses": 6400000,
    "sellingAndMarketingExpenses": 0,
    "sellingGeneralAndAdministrativeExpenses": 6400000,
    "otherExpenses": 3400000,
    "operatingExpenses": 54700000,
    "costAndExpenses": 58300000,
    "interestIncome": 0,
    "interestExpense": 0,
    "depreciationAndAmortization": 3400000,
    "ebitda": -20400000,
    "ebitdaratio": -0.5913043478,
    "operatingIncome": -23800000,
    "operatingIncomeRatio": -0.6898550725,
    "totalOtherIncomeExpensesNet": 23800000,
    "incomeBeforeTax": -22800000,
    "incomeBeforeTaxRatio": -0.6608695652,
    "incomeTaxExpense": -1700000,
    "netIncome": -23100000,
    "netIncomeRatio": -0.6695652174,
    "eps": -0.74,
    "epsdiluted": -0.73,
    "weightedAverageShsOut": 31216217,
    "weightedAverageShsOutDil": 31449276,
    "link": "https://www.sec.gov/Archives/edgar/data/872589/000088981200001090/0000889812-00-001090-index.html",
    "finalLink": "https://www.sec.gov/Archives/edgar/data/872589/000088981200001090/"
  },
  {
    "date": "1998-12-31",
    "symbol": "REGN",
    "reportedCurrency": "USD",
    "cik": "0000872589",
    "fillingDate": "1999-03-29",
    "acceptedDate": "1999-03-29 00:00:00",
    "calendarYear": "1998",
    "period": "FY",
    "revenue": 38200000,
    "costOfRevenue": 5000000,
    "grossProfit": 33200000,
    "grossProfitRatio": 0.8691099476,
    "researchAndDevelopmentExpenses": 37000000,
    "generalAndAdministrativeExpenses": 5800000,
    "sellingAndMarketingExpenses": 0,
    "sellingGeneralAndAdministrativeExpenses": 5800000,
    "otherExpenses": 3000000,
    "operatingExpenses": 45800000,
    "costAndExpenses": 50800000,
    "interestIncome": 0,
    "interestExpense": 0,
    "depreciationAndAmortization": 3000000,
    "ebitda": -9500000,
    "ebitdaratio": -0.2486910995,
    "operatingIncome": -12500000,
    "operatingIncomeRatio": -0.3272251309,
    "totalOtherIncomeExpensesNet": 12500000,
    "incomeBeforeTax": -8200000,
    "incomeBeforeTaxRatio": -0.2146596859,
    "incomeTaxExpense": -8400000,
    "netIncome": -8600000,
    "netIncomeRatio": -0.2251308901,
    "eps": -0.28,
    "epsdiluted": -0.28,
    "weightedAverageShsOut": 30714286,
    "weightedAverageShsOutDil": 31000001,
    "link": "https://www.sec.gov/Archives/edgar/data/872589/000088981299000997/0000889812-99-000997-index.html",
    "finalLink": "https://www.sec.gov/Archives/edgar/data/872589/"
  },
  {
    "date": "1997-12-31",
    "symbol": "REGN",
    "reportedCurrency": "USD",
    "cik": "0000872589",
    "fillingDate": "1998-03-26",
    "acceptedDate": "1998-03-26 00:00:00",
    "calendarYear": "1997",
    "period": "FY",
    "revenue": 33100000,
    "costOfRevenue": 2600000,
    "grossProfit": 30500000,
    "grossProfitRatio": 0.9214501511,
    "researchAndDevelopmentExpenses": 27800000,
    "generalAndAdministrativeExpenses": 5800000,
    "sellingAndMarketingExpenses": 0,
    "sellingGeneralAndAdministrativeExpenses": 5800000,
    "otherExpenses": 4400000,
    "operatingExpenses": 38000000,
    "costAndExpenses": 40600000,
    "interestIncome": 0,
    "interestExpense": 3400000,
    "depreciationAndAmortization": 4400000,
    "ebitda": -9300000,
    "ebitdaratio": -0.2809667674,
    "operatingIncome": -7500000,
    "operatingIncomeRatio": -0.2265861027,
    "totalOtherIncomeExpensesNet": 6200000,
    "incomeBeforeTax": -7500000,
    "incomeBeforeTaxRatio": -0.2265861027,
    "incomeTaxExpense": 7500000,
    "netIncome": -11600000,
    "netIncomeRatio": -0.3504531722,
    "eps": -0.4,
    "epsdiluted": -0.4,
    "weightedAverageShsOut": 29000001,
    "weightedAverageShsOutDil": 29000001,
    "link": "https://www.sec.gov/Archives/edgar/data/872589/000088981298000733/0000889812-98-000733-index.html",
    "finalLink": "https://www.sec.gov/Archives/edgar/data/872589/"
  },
  {
    "date": "1996-12-31",
    "symbol": "REGN",
    "reportedCurrency": "USD",
    "cik": "0000872589",
    "fillingDate": "1997-03-26",
    "acceptedDate": "1997-03-26 00:00:00",
    "calendarYear": "1996",
    "period": "FY",
    "revenue": 24100000,
    "costOfRevenue": 1100000,
    "grossProfit": 23000000,
    "grossProfitRatio": 0.9543568465,
    "researchAndDevelopmentExpenses": 28300000,
    "generalAndAdministrativeExpenses": 5900000,
    "sellingAndMarketingExpenses": 0,
    "sellingGeneralAndAdministrativeExpenses": 5900000,
    "otherExpenses": 6100000,
    "operatingExpenses": 40300000,
    "costAndExpenses": 41400000,
    "interestIncome": 0,
    "interestExpense": 14300000,
    "depreciationAndAmortization": 6100000,
    "ebitda": -11200000,
    "ebitdaratio": -0.4647302905,
    "operatingIncome": -17300000,
    "operatingIncomeRatio": -0.7178423237,
    "totalOtherIncomeExpensesNet": 0,
    "incomeBeforeTax": -17300000,
    "incomeBeforeTaxRatio": -0.7178423237,
    "incomeTaxExpense": 29400000,
    "netIncome": -32400000,
    "netIncomeRatio": -1.3443983402,
    "eps": -1.32,
    "epsdiluted": -1.32,
    "weightedAverageShsOut": 24463516,
    "weightedAverageShsOutDil": 24463516,
    "link": "https://www.sec.gov/Archives/edgar/data/872589/000088981297000791/0000889812-97-000791-index.html",
    "finalLink": "https://www.sec.gov/Archives/edgar/data/872589/"
  },
  {
    "date": "1995-12-31",
    "symbol": "REGN",
    "reportedCurrency": "USD",
    "cik": "0000872589",
    "fillingDate": "1995-12-31",
    "acceptedDate": "1995-12-31 00:00:00",
    "calendarYear": "1995",
    "period": "FY",
    "revenue": 27400000,
    "costOfRevenue": 0,
    "grossProfit": 27400000,
    "grossProfitRatio": 1,
    "researchAndDevelopmentExpenses": 23300000,
    "generalAndAdministrativeExpenses": 5800000,
    "sellingAndMarketingExpenses": 0,
    "sellingGeneralAndAdministrativeExpenses": 5800000,
    "otherExpenses": 5900000,
    "operatingExpenses": 35000000,
    "costAndExpenses": 35000000,
    "interestIncome": 0,
    "interestExpense": 14700000,
    "depreciationAndAmortization": 5900000,
    "ebitda": -1700000,
    "ebitdaratio": -0.0620437956,
    "operatingIncome": -7600000,
    "operatingIncomeRatio": -0.2773722628,
    "totalOtherIncomeExpensesNet": 0,
    "incomeBeforeTax": -7600000,
    "incomeBeforeTaxRatio": -0.2773722628,
    "incomeTaxExpense": 30600000,
    "netIncome": -23500000,
    "netIncomeRatio": -0.8576642336,
    "eps": -1.19,
    "epsdiluted": -1.19,
    "weightedAverageShsOut": 19747900,
    "weightedAverageShsOutDil": 19747900,
    "link": null,
    "finalLink": null
  },
  {
    "date": "1994-12-31",
    "symbol": "REGN",
    "reportedCurrency": "USD",
    "cik": "0000872589",
    "fillingDate": "1994-12-31",
    "acceptedDate": "1994-12-31 00:00:00",
    "calendarYear": "1994",
    "period": "FY",
    "revenue": 23200000,
    "costOfRevenue": 0,
    "grossProfit": 23200000,
    "grossProfitRatio": 1,
    "researchAndDevelopmentExpenses": 39700000,
    "generalAndAdministrativeExpenses": 0,
    "sellingAndMarketingExpenses": 0,
    "sellingGeneralAndAdministrativeExpenses": 8500000,
    "otherExpenses": 4200000,
    "operatingExpenses": 52400000,
    "costAndExpenses": 52400000,
    "interestIncome": 0,
    "interestExpense": 0,
    "depreciationAndAmortization": 4200000,
    "ebitda": -25000000,
    "ebitdaratio": -1.0775862069,
    "operatingIncome": -29200000,
    "operatingIncomeRatio": -1.2586206897,
    "totalOtherIncomeExpensesNet": 29200000,
    "incomeBeforeTax": 0,
    "incomeBeforeTaxRatio": 0,
    "incomeTaxExpense": 1500000,
    "netIncome": -30700000,
    "netIncomeRatio": -1.3232758621,
    "eps": -1.62,
    "epsdiluted": -1.62,
    "weightedAverageShsOut": 18950618,
    "weightedAverageShsOutDil": 18950618,
    "link": null,
    "finalLink": null
  },
  {
    "date": "1993-12-31",
    "symbol": "REGN",
    "reportedCurrency": "USD",
    "cik": "0000872589",
    "fillingDate": "1993-12-31",
    "acceptedDate": "1993-12-31 00:00:00",
    "calendarYear": "1993",
    "period": "FY",
    "revenue": 10600000,
    "costOfRevenue": 0,
    "grossProfit": 10600000,
    "grossProfitRatio": 1,
    "researchAndDevelopmentExpenses": 0,
    "generalAndAdministrativeExpenses": 0,
    "sellingAndMarketingExpenses": 0,
    "sellingGeneralAndAdministrativeExpenses": 46300000,
    "otherExpenses": 3100000,
    "operatingExpenses": 49400000,
    "costAndExpenses": 49400000,
    "interestIncome": 0,
    "interestExpense": 0,
    "depreciationAndAmortization": 3100000,
    "ebitda": -35700000,
    "ebitdaratio": -3.3679245283,
    "operatingIncome": -38800000,
    "operatingIncomeRatio": -3.6603773585,
    "totalOtherIncomeExpensesNet": 38800000,
    "incomeBeforeTax": 0,
    "incomeBeforeTaxRatio": 0,
    "incomeTaxExpense": 1100000,
    "netIncome": -39900000,
    "netIncomeRatio": -3.7641509434,
    "eps": -2.41,
    "epsdiluted": -2.41,
    "weightedAverageShsOut": 16556017,
    "weightedAverageShsOutDil": 16556017,
    "link": null,
    "finalLink": null
  },
  {
    "date": "1992-12-31",
    "symbol": "REGN",
    "reportedCurrency": "USD",
    "cik": "0000872589",
    "fillingDate": "1992-12-31",
    "acceptedDate": "1992-12-31 00:00:00",
    "calendarYear": "1992",
    "period": "FY",
    "revenue": 11500000,
    "costOfRevenue": 0,
    "grossProfit": 11500000,
    "grossProfitRatio": 1,
    "researchAndDevelopmentExpenses": 0,
    "generalAndAdministrativeExpenses": 0,
    "sellingAndMarketingExpenses": 0,
    "sellingGeneralAndAdministrativeExpenses": 27800000,
    "otherExpenses": 2000000,
    "operatingExpenses": 29800000,
    "costAndExpenses": 29800000,
    "interestIncome": 0,
    "interestExpense": 0,
    "depreciationAndAmortization": 2000000,
    "ebitda": -16300000,
    "ebitdaratio": -1.4173913043,
    "operatingIncome": -18300000,
    "operatingIncomeRatio": -1.5913043478,
    "totalOtherIncomeExpensesNet": 18300000,
    "incomeBeforeTax": 0,
    "incomeBeforeTaxRatio": 0,
    "incomeTaxExpense": 800000,
    "netIncome": -19100000,
    "netIncomeRatio": -1.6608695652,
    "eps": -1.24,
    "epsdiluted": -1.24,
    "weightedAverageShsOut": 15403226,
    "weightedAverageShsOutDil": 15403226,
    "link": null,
    "finalLink": null
  },
  {
    "date": "1991-12-31",
    "symbol": "REGN",
    "reportedCurrency": "USD",
    "cik": "0000872589",
    "fillingDate": "1991-12-31",
    "acceptedDate": "1991-12-31 00:00:00",
    "calendarYear": "1991",
    "period": "FY",
    "revenue": 7300000,
    "costOfRevenue": 12800000,
    "grossProfit": -5500000,
    "grossProfitRatio": -0.7534246575,
    "researchAndDevelopmentExpenses": 0,
    "generalAndAdministrativeExpenses": 0,
    "sellingAndMarketingExpenses": 0,
    "sellingGeneralAndAdministrativeExpenses": 3300000,
    "otherExpenses": 800000,
    "operatingExpenses": 4100000,
    "costAndExpenses": 16900000,
    "interestIncome": 0,
    "interestExpense": 0,
    "depreciationAndAmortization": 800000,
    "ebitda": -8800000,
    "ebitdaratio": -1.2054794521,
    "operatingIncome": -9600000,
    "operatingIncomeRatio": -1.3150684932,
    "totalOtherIncomeExpensesNet": 0,
    "incomeBeforeTax": -4400000,
    "incomeBeforeTaxRatio": -0.602739726,
    "incomeTaxExpense": -10300000,
    "netIncome": -4500000,
    "netIncomeRatio": -0.6164383562,
    "eps": -0.29,
    "epsdiluted": -0.29,
    "weightedAverageShsOut": 15517242,
    "weightedAverageShsOutDil": 15517242,
    "link": null,
    "finalLink": null
  },
  {
    "date": "1990-12-31",
    "symbol": "REGN",
    "reportedCurrency": "USD",
    "cik": "0000872589",
    "fillingDate": "1990-12-31",
    "acceptedDate": "1990-12-31 00:00:00",
    "calendarYear": "1990",
    "period": "FY",
    "revenue": 5000000,
    "costOfRevenue": 6300000,
    "grossProfit": -1300000,
    "grossProfitRatio": -0.26,
    "researchAndDevelopmentExpenses": 0,
    "generalAndAdministrativeExpenses": 0,
    "sellingAndMarketingExpenses": 0,
    "sellingGeneralAndAdministrativeExpenses": 1700000,
    "otherExpenses": 300000,
    "operatingExpenses": 2000000,
    "costAndExpenses": 8300000,
    "interestIncome": 0,
    "interestExpense": 0,
    "depreciationAndAmortization": 300000,
    "ebitda": -3000000,
    "ebitdaratio": -0.6,
    "operatingIncome": -3300000,
    "operatingIncomeRatio": -0.66,
    "totalOtherIncomeExpensesNet": 3300000,
    "incomeBeforeTax": 0,
    "incomeBeforeTaxRatio": 0,
    "incomeTaxExpense": 0,
    "netIncome": -3300000,
    "netIncomeRatio": -0.66,
    "eps": -0.21,
    "epsdiluted": -0.21,
    "weightedAverageShsOut": 15364000,
    "weightedAverageShsOutDil": 15364000,
    "link": null,
    "finalLink": null
  }
]