[
  {
    "date": "2025-06-30",
    "symbol": "RF",
    "reportedCurrency": "USD",
    "cik": "0001281761",
    "fillingDate": "2025-08-05",
    "acceptedDate": "2025-08-05 12:57:52",
    "calendarYear": "2025",
    "period": "Q2",
    "revenue": 2430000000,
    "costOfRevenue": 651000000,
    "grossProfit": 1779000000,
    "grossProfitRatio": 0.7320987654,
    "researchAndDevelopmentExpenses": 0,
    "generalAndAdministrativeExpenses": 678000000,
    "sellingAndMarketingExpenses": 26000000,
    "sellingGeneralAndAdministrativeExpenses": 704000000,
    "otherExpenses": 369000000,
    "operatingExpenses": 1073000000,
    "costAndExpenses": 1724000000,
    "interestIncome": 1784000000,
    "interestExpense": 525000000,
    "depreciationAndAmortization": 19000000,
    "ebitda": 725000000,
    "ebitdaratio": 0.2983539095,
    "operatingIncome": 706000000,
    "operatingIncomeRatio": 0.2905349794,
    "totalOtherIncomeExpensesNet": 0,
    "incomeBeforeTax": 706000000,
    "incomeBeforeTaxRatio": 0.2905349794,
    "incomeTaxExpense": 143000000,
    "netIncome": 563000000,
    "netIncomeRatio": 0.2316872428,
    "eps": 0.59,
    "epsdiluted": 0.59,
    "weightedAverageShsOut": 902000000,
    "weightedAverageShsOutDil": 905000000,
    "link": "https://www.sec.gov/Archives/edgar/data/1281761/000128176125000063/0001281761-25-000063-index.htm",
    "finalLink": "https://www.sec.gov/Archives/edgar/data/1281761/000128176125000063/rf-20250630.htm"
  },
  {
    "date": "2025-03-31",
    "symbol": "RF",
    "reportedCurrency": "USD",
    "cik": "0001281761",
    "fillingDate": "2025-05-06",
    "acceptedDate": "2025-05-06 16:20:53",
    "calendarYear": "2025",
    "period": "Q1",
    "revenue": 2315000000,
    "costOfRevenue": 655000000,
    "grossProfit": 1660000000,
    "grossProfitRatio": 0.717062635,
    "researchAndDevelopmentExpenses": 0,
    "generalAndAdministrativeExpenses": 645000000,
    "sellingAndMarketingExpenses": 30000000,
    "sellingGeneralAndAdministrativeExpenses": 675000000,
    "otherExpenses": 364000000,
    "operatingExpenses": 1039000000,
    "costAndExpenses": 1694000000,
    "interestIncome": 1725000000,
    "interestExpense": 531000000,
    "depreciationAndAmortization": 22000000,
    "ebitda": 643000000,
    "ebitdaratio": 0.2777537797,
    "operatingIncome": 621000000,
    "operatingIncomeRatio": 0.26825054,
    "totalOtherIncomeExpensesNet": 0,
    "incomeBeforeTax": 621000000,
    "incomeBeforeTaxRatio": 0.26825054,
    "incomeTaxExpense": 131000000,
    "netIncome": 490000000,
    "netIncomeRatio": 0.211663067,
    "eps": 0.51,
    "epsdiluted": 0.51,
    "weightedAverageShsOut": 906000000,
    "weightedAverageShsOutDil": 910000000,
    "link": "https://www.sec.gov/Archives/edgar/data/1281761/000128176125000045/0001281761-25-000045-index.htm",
    "finalLink": "https://www.sec.gov/Archives/edgar/data/1281761/000128176125000045/rf-20250331.htm"
  },
  {
    "date": "2024-12-31",
    "symbol": "RF",
    "reportedCurrency": "USD",
    "cik": "0001281761",
    "fillingDate": "2025-02-21",
    "acceptedDate": "2025-02-21 13:39:09",
    "calendarYear": "2024",
    "period": "Q4",
    "revenue": 2387000000,
    "costOfRevenue": 692000000,
    "grossProfit": 1695000000,
    "grossProfitRatio": 0.7100963553,
    "researchAndDevelopmentExpenses": 0,
    "generalAndAdministrativeExpenses": 528000000,
    "sellingAndMarketingExpenses": 28000000,
    "sellingGeneralAndAdministrativeExpenses": 556000000,
    "otherExpenses": 482000000,
    "operatingExpenses": 1038000000,
    "costAndExpenses": 1730000000,
    "interestIncome": 1802000000,
    "interestExpense": 572000000,
    "depreciationAndAmortization": 21000000,
    "ebitda": 678000000,
    "ebitdaratio": 0.2840385421,
    "operatingIncome": 657000000,
    "operatingIncomeRatio": 0.2752408881,
    "totalOtherIncomeExpensesNet": 0,
    "incomeBeforeTax": 657000000,
    "incomeBeforeTaxRatio": 0.2752408881,
    "incomeTaxExpense": 123000000,
    "netIncome": 534000000,
    "netIncomeRatio": 0.2237117721,
    "eps": 0.56,
    "epsdiluted": 0.56,
    "weightedAverageShsOut": 911000000,
    "weightedAverageShsOutDil": 915000000,
    "link": "https://www.sec.gov/Archives/edgar/data/1281761/000128176125000010/0001281761-25-000010-index.htm",
    "finalLink": "https://www.sec.gov/Archives/edgar/data/1281761/000128176125000010/rf-20241231.htm"
  },
  {
    "date": "2024-09-30",
    "symbol": "RF",
    "reportedCurrency": "USD",
    "cik": "0001281761",
    "fillingDate": "2024-11-05",
    "acceptedDate": "2024-11-05 12:30:19",
    "calendarYear": "2024",
    "period": "Q3",
    "revenue": 2392000000,
    "costOfRevenue": 715000000,
    "grossProfit": 1677000000,
    "grossProfitRatio": 0.7010869565,
    "researchAndDevelopmentExpenses": 0,
    "generalAndAdministrativeExpenses": 662000000,
    "sellingAndMarketingExpenses": 28000000,
    "sellingGeneralAndAdministrativeExpenses": 690000000,
    "otherExpenses": 379000000,
    "operatingExpenses": 1069000000,
    "costAndExpenses": 1784000000,
    "interestIncome": 1820000000,
    "interestExpense": 602000000,
    "depreciationAndAmortization": 34000000,
    "ebitda": 642000000,
    "ebitdaratio": 0.2683946488,
    "operatingIncome": 608000000,
    "operatingIncomeRatio": 0.254180602,
    "totalOtherIncomeExpensesNet": 0,
    "incomeBeforeTax": 608000000,
    "incomeBeforeTaxRatio": 0.254180602,
    "incomeTaxExpense": 118000000,
    "netIncome": 490000000,
    "netIncomeRatio": 0.2048494983,
    "eps": 0.49,
    "epsdiluted": 0.49,
    "weightedAverageShsOut": 914000000,
    "weightedAverageShsOutDil": 918000000,
    "link": "https://www.sec.gov/Archives/edgar/data/1281761/000128176124000097/0001281761-24-000097-index.htm",
    "finalLink": "https://www.sec.gov/Archives/edgar/data/1281761/000128176124000097/rf-20240930.htm"
  },
  {
    "date": "2024-06-30",
    "symbol": "RF",
    "reportedCurrency": "USD",
    "cik": "0001281761",
    "fillingDate": "2024-08-06",
    "acceptedDate": "2024-08-06 13:30:58",
    "calendarYear": "2024",
    "period": "Q2",
    "revenue": 2307000000,
    "costOfRevenue": 678000000,
    "grossProfit": 1629000000,
    "grossProfitRatio": 0.7061118336,
    "researchAndDevelopmentExpenses": 0,
    "generalAndAdministrativeExpenses": 638000000,
    "sellingAndMarketingExpenses": 27000000,
    "sellingGeneralAndAdministrativeExpenses": 665000000,
    "otherExpenses": 339000000,
    "operatingExpenses": 1004000000,
    "costAndExpenses": 1682000000,
    "interestIncome": 1762000000,
    "interestExpense": 576000000,
    "depreciationAndAmortization": 41000000,
    "ebitda": 666000000,
    "ebitdaratio": 0.288686606,
    "operatingIncome": 625000000,
    "operatingIncomeRatio": 0.2709146077,
    "totalOtherIncomeExpensesNet": 0,
    "incomeBeforeTax": 625000000,
    "incomeBeforeTaxRatio": 0.2709146077,
    "incomeTaxExpense": 124000000,
    "netIncome": 501000000,
    "netIncomeRatio": 0.2171651495,
    "eps": 0.52,
    "epsdiluted": 0.52,
    "weightedAverageShsOut": 917000000,
    "weightedAverageShsOutDil": 918000000,
    "link": "https://www.sec.gov/Archives/edgar/data/1281761/000128176124000062/0001281761-24-000062-index.htm",
    "finalLink": "https://www.sec.gov/Archives/edgar/data/1281761/000128176124000062/rf-20240630.htm"
  },
  {
    "date": "2024-03-31",
    "symbol": "RF",
    "reportedCurrency": "USD",
    "cik": "0001281761",
    "fillingDate": "2024-05-07",
    "acceptedDate": "2024-05-07 14:23:11",
    "calendarYear": "2024",
    "period": "Q1",
    "revenue": 2287000000,
    "costOfRevenue": 692000000,
    "grossProfit": 1595000000,
    "grossProfitRatio": 0.6974202011,
    "researchAndDevelopmentExpenses": 0,
    "generalAndAdministrativeExpenses": 701000000,
    "sellingAndMarketingExpenses": 27000000,
    "sellingGeneralAndAdministrativeExpenses": 728000000,
    "otherExpenses": 403000000,
    "operatingExpenses": 1131000000,
    "costAndExpenses": 1823000000,
    "interestIncome": 1724000000,
    "interestExpense": 540000000,
    "depreciationAndAmortization": 48000000,
    "ebitda": 512000000,
    "ebitdaratio": 0.2238740708,
    "operatingIncome": 464000000,
    "operatingIncomeRatio": 0.2028858767,
    "totalOtherIncomeExpensesNet": 0,
    "incomeBeforeTax": 464000000,
    "incomeBeforeTaxRatio": 0.2028858767,
    "incomeTaxExpense": 96000000,
    "netIncome": 368000000,
    "netIncomeRatio": 0.1609094884,
    "eps": 0.37,
    "epsdiluted": 0.37,
    "weightedAverageShsOut": 921000000,
    "weightedAverageShsOutDil": 923000000,
    "link": "https://www.sec.gov/Archives/edgar/data/1281761/000128176124000032/0001281761-24-000032-index.htm",
    "finalLink": "https://www.sec.gov/Archives/edgar/data/1281761/000128176124000032/rf-20240331.htm"
  },
  {
    "date": "2023-12-31",
    "symbol": "RF",
    "reportedCurrency": "USD",
    "cik": "0001281761",
    "fillingDate": "2024-02-23",
    "acceptedDate": "2024-02-23 16:55:16",
    "calendarYear": "2023",
    "period": "Q4",
    "revenue": 2329000000,
    "costOfRevenue": 675000000,
    "grossProfit": 1654000000,
    "grossProfitRatio": 0.7101760412,
    "researchAndDevelopmentExpenses": 0,
    "generalAndAdministrativeExpenses": 608000000,
    "sellingAndMarketingExpenses": 31000000,
    "sellingGeneralAndAdministrativeExpenses": 639000000,
    "otherExpenses": 544000000,
    "operatingExpenses": 1183000000,
    "costAndExpenses": 1858000000,
    "interestIncome": 1751000000,
    "interestExpense": 520000000,
    "depreciationAndAmortization": 53000000,
    "ebitda": 524000000,
    "ebitdaratio": 0.2249892658,
    "operatingIncome": 471000000,
    "operatingIncomeRatio": 0.2022327179,
    "totalOtherIncomeExpensesNet": 0,
    "incomeBeforeTax": 471000000,
    "incomeBeforeTaxRatio": 0.2022327179,
    "incomeTaxExpense": 80000000,
    "netIncome": 391000000,
    "netIncomeRatio": 0.1678832117,
    "eps": 0.39,
    "epsdiluted": 0.39,
    "weightedAverageShsOut": 931000000,
    "weightedAverageShsOutDil": 931000000,
    "link": "https://www.sec.gov/Archives/edgar/data/1281761/000128176124000010/0001281761-24-000010-index.htm",
    "finalLink": "https://www.sec.gov/Archives/edgar/data/1281761/000128176124000010/rf-20231231.htm"
  },
  {
    "date": "2023-09-30",
    "symbol": "RF",
    "reportedCurrency": "USD",
    "cik": "0001281761",
    "fillingDate": "2023-11-07",
    "acceptedDate": "2023-11-07 12:30:10",
    "calendarYear": "2023",
    "period": "Q3",
    "revenue": 2332000000,
    "costOfRevenue": 620000000,
    "grossProfit": 1712000000,
    "grossProfitRatio": 0.7341337907,
    "researchAndDevelopmentExpenses": 0,
    "generalAndAdministrativeExpenses": 616000000,
    "sellingAndMarketingExpenses": 26000000,
    "sellingGeneralAndAdministrativeExpenses": 642000000,
    "otherExpenses": 451000000,
    "operatingExpenses": 1093000000,
    "costAndExpenses": 1713000000,
    "interestIncome": 1766000000,
    "interestExpense": 475000000,
    "depreciationAndAmortization": 59000000,
    "ebitda": 678000000,
    "ebitdaratio": 0.2907375643,
    "operatingIncome": 619000000,
    "operatingIncomeRatio": 0.2654373928,
    "totalOtherIncomeExpensesNet": 0,
    "incomeBeforeTax": 619000000,
    "incomeBeforeTaxRatio": 0.2654373928,
    "incomeTaxExpense": 129000000,
    "netIncome": 490000000,
    "netIncomeRatio": 0.2101200686,
    "eps": 0.49,
    "epsdiluted": 0.49,
    "weightedAverageShsOut": 939000000,
    "weightedAverageShsOutDil": 940000000,
    "link": "https://www.sec.gov/Archives/edgar/data/1281761/000128176123000057/0001281761-23-000057-index.htm",
    "finalLink": "https://www.sec.gov/Archives/edgar/data/1281761/000128176123000057/rf-20230930.htm"
  },
  {
    "date": "2023-06-30",
    "symbol": "RF",
    "reportedCurrency": "USD",
    "cik": "0001281761",
    "fillingDate": "2023-08-08",
    "acceptedDate": "2023-08-08 14:05:24",
    "calendarYear": "2023",
    "period": "Q2",
    "revenue": 2315000000,
    "costOfRevenue": 476000000,
    "grossProfit": 1839000000,
    "grossProfitRatio": 0.7943844492,
    "researchAndDevelopmentExpenses": 0,
    "generalAndAdministrativeExpenses": 632000000,
    "sellingAndMarketingExpenses": 26000000,
    "sellingGeneralAndAdministrativeExpenses": 658000000,
    "otherExpenses": 453000000,
    "operatingExpenses": 1111000000,
    "costAndExpenses": 1587000000,
    "interestIncome": 1739000000,
    "interestExpense": 358000000,
    "depreciationAndAmortization": 61000000,
    "ebitda": 789000000,
    "ebitdaratio": 0.3408207343,
    "operatingIncome": 728000000,
    "operatingIncomeRatio": 0.3144708423,
    "totalOtherIncomeExpensesNet": 0,
    "incomeBeforeTax": 728000000,
    "incomeBeforeTaxRatio": 0.3144708423,
    "incomeTaxExpense": 147000000,
    "netIncome": 581000000,
    "netIncomeRatio": 0.2509719222,
    "eps": 0.59,
    "epsdiluted": 0.59,
    "weightedAverageShsOut": 939000000,
    "weightedAverageShsOutDil": 939000000,
    "link": "https://www.sec.gov/Archives/edgar/data/1281761/000128176123000045/0001281761-23-000045-index.htm",
    "finalLink": "https://www.sec.gov/Archives/edgar/data/1281761/000128176123000045/rf-20230630.htm"
  },
  {
    "date": "2023-03-31",
    "symbol": "RF",
    "reportedCurrency": "USD",
    "cik": "0001281761",
    "fillingDate": "2023-05-05",
    "acceptedDate": "2023-05-05 11:25:18",
    "calendarYear": "2023",
    "period": "Q1",
    "revenue": 2175000000,
    "costOfRevenue": 359000000,
    "grossProfit": 1816000000,
    "grossProfitRatio": 0.8349425287,
    "researchAndDevelopmentExpenses": 0,
    "generalAndAdministrativeExpenses": 641000000,
    "sellingAndMarketingExpenses": 27000000,
    "sellingGeneralAndAdministrativeExpenses": 668000000,
    "otherExpenses": 359000000,
    "operatingExpenses": 1027000000,
    "costAndExpenses": 1386000000,
    "interestIncome": 1641000000,
    "interestExpense": 224000000,
    "depreciationAndAmortization": 63000000,
    "ebitda": 852000000,
    "ebitdaratio": 0.3917241379,
    "operatingIncome": 789000000,
    "operatingIncomeRatio": 0.3627586207,
    "totalOtherIncomeExpensesNet": 0,
    "incomeBeforeTax": 789000000,
    "incomeBeforeTaxRatio": 0.3627586207,
    "incomeTaxExpense": 177000000,
    "netIncome": 612000000,
    "netIncomeRatio": 0.2813793103,
    "eps": 0.63,
    "epsdiluted": 0.62,
    "weightedAverageShsOut": 935000000,
    "weightedAverageShsOutDil": 942000000,
    "link": "https://www.sec.gov/Archives/edgar/data/1281761/000128176123000032/0001281761-23-000032-index.htm",
    "finalLink": "https://www.sec.gov/Archives/edgar/data/1281761/000128176123000032/rf-20230331.htm"
  },
  {
    "date": "2022-12-31",
    "symbol": "RF",
    "reportedCurrency": "USD",
    "cik": "0001281761",
    "fillingDate": "2023-02-24",
    "acceptedDate": "2023-02-24 12:39:55",
    "calendarYear": "2022",
    "period": "Q4",
    "revenue": 2148000000,
    "costOfRevenue": 263000000,
    "grossProfit": 1885000000,
    "grossProfitRatio": 0.8775605214,
    "researchAndDevelopmentExpenses": 0,
    "generalAndAdministrativeExpenses": 667000000,
    "sellingAndMarketingExpenses": 27000000,
    "sellingGeneralAndAdministrativeExpenses": 694000000,
    "otherExpenses": 319000000,
    "operatingExpenses": 1013000000,
    "costAndExpenses": 1276000000,
    "interestIncome": 1552000000,
    "interestExpense": 151000000,
    "depreciationAndAmortization": 69000000,
    "ebitda": 941000000,
    "ebitdaratio": 0.4380819367,
    "operatingIncome": 872000000,
    "operatingIncomeRatio": 0.4059590317,
    "totalOtherIncomeExpensesNet": 0,
    "incomeBeforeTax": 872000000,
    "incomeBeforeTaxRatio": 0.4059590317,
    "incomeTaxExpense": 187000000,
    "netIncome": 685000000,
    "netIncomeRatio": 0.3189013035,
    "eps": 0.71,
    "epsdiluted": 0.7,
    "weightedAverageShsOut": 934000000,
    "weightedAverageShsOutDil": 941000000,
    "link": "https://www.sec.gov/Archives/edgar/data/1281761/000128176123000012/0001281761-23-000012-index.htm",
    "finalLink": "https://www.sec.gov/Archives/edgar/data/1281761/000128176123000012/rf-20221231.htm"
  },
  {
    "date": "2022-09-30",
    "symbol": "RF",
    "reportedCurrency": "USD",
    "cik": "0001281761",
    "fillingDate": "2022-11-03",
    "acceptedDate": "2022-11-03 09:29:43",
    "calendarYear": "2022",
    "period": "Q3",
    "revenue": 1948000000,
    "costOfRevenue": 216000000,
    "grossProfit": 1732000000,
    "grossProfitRatio": 0.8891170431,
    "researchAndDevelopmentExpenses": 0,
    "generalAndAdministrativeExpenses": 609000000,
    "sellingAndMarketingExpenses": 29000000,
    "sellingGeneralAndAdministrativeExpenses": 638000000,
    "otherExpenses": 532000000,
    "operatingExpenses": 1170000000,
    "costAndExpenses": 1386000000,
    "interestIncome": 1343000000,
    "interestExpense": 81000000,
    "depreciationAndAmortization": 83000000,
    "ebitda": 645000000,
    "ebitdaratio": 0.3311088296,
    "operatingIncome": 562000000,
    "operatingIncomeRatio": 0.2885010267,
    "totalOtherIncomeExpensesNet": 0,
    "incomeBeforeTax": 562000000,
    "incomeBeforeTaxRatio": 0.2885010267,
    "incomeTaxExpense": 133000000,
    "netIncome": 429000000,
    "netIncomeRatio": 0.2202258727,
    "eps": 0.43,
    "epsdiluted": 0.43,
    "weightedAverageShsOut": 934000000,
    "weightedAverageShsOutDil": 940000000,
    "link": "https://www.sec.gov/Archives/edgar/data/1281761/000128176122000060/0001281761-22-000060-index.htm",
    "finalLink": "https://www.sec.gov/Archives/edgar/data/1281761/000128176122000060/rf-20220930.htm"
  },
  {
    "date": "2022-06-30",
    "symbol": "RF",
    "reportedCurrency": "USD",
    "cik": "0001281761",
    "fillingDate": "2022-08-05",
    "acceptedDate": "2022-08-05 10:29:08",
    "calendarYear": "2022",
    "period": "Q2",
    "revenue": 1795000000,
    "costOfRevenue": 107000000,
    "grossProfit": 1688000000,
    "grossProfitRatio": 0.9403899721,
    "researchAndDevelopmentExpenses": 0,
    "generalAndAdministrativeExpenses": 575000000,
    "sellingAndMarketingExpenses": 0,
    "sellingGeneralAndAdministrativeExpenses": 575000000,
    "otherExpenses": 373000000,
    "operatingExpenses": 948000000,
    "costAndExpenses": 1055000000,
    "interestIncome": 1155000000,
    "interestExpense": 47000000,
    "depreciationAndAmortization": 96000000,
    "ebitda": 836000000,
    "ebitdaratio": 0.4657381616,
    "operatingIncome": 740000000,
    "operatingIncomeRatio": 0.4122562674,
    "totalOtherIncomeExpensesNet": 0,
    "incomeBeforeTax": 740000000,
    "incomeBeforeTaxRatio": 0.4122562674,
    "incomeTaxExpense": 157000000,
    "netIncome": 583000000,
    "netIncomeRatio": 0.3247910864,
    "eps": 0.6,
    "epsdiluted": 0.59,
    "weightedAverageShsOut": 934000000,
    "weightedAverageShsOutDil": 940000000,
    "link": "https://www.sec.gov/Archives/edgar/data/1281761/000128176122000046/0001281761-22-000046-index.htm",
    "finalLink": "https://www.sec.gov/Archives/edgar/data/1281761/000128176122000046/rf-20220630.htm"
  },
  {
    "date": "2022-03-31",
    "symbol": "RF",
    "reportedCurrency": "USD",
    "cik": "0001281761",
    "fillingDate": "2022-05-06",
    "acceptedDate": "2022-05-06 10:02:39",
    "calendarYear": "2022",
    "period": "Q1",
    "revenue": 1636000000,
    "costOfRevenue": 1000000,
    "grossProfit": 1635000000,
    "grossProfitRatio": 0.9993887531,
    "researchAndDevelopmentExpenses": 0,
    "generalAndAdministrativeExpenses": 560000000,
    "sellingAndMarketingExpenses": 24000000,
    "sellingGeneralAndAdministrativeExpenses": 584000000,
    "otherExpenses": 349000000,
    "operatingExpenses": 933000000,
    "costAndExpenses": 934000000,
    "interestIncome": 1052000000,
    "interestExpense": 37000000,
    "depreciationAndAmortization": 105000000,
    "ebitda": 807000000,
    "ebitdaratio": 0.4932762836,
    "operatingIncome": 702000000,
    "operatingIncomeRatio": 0.4290953545,
    "totalOtherIncomeExpensesNet": 0,
    "incomeBeforeTax": 702000000,
    "incomeBeforeTaxRatio": 0.4290953545,
    "incomeTaxExpense": 154000000,
    "netIncome": 548000000,
    "netIncomeRatio": 0.3349633252,
    "eps": 0.56,
    "epsdiluted": 0.55,
    "weightedAverageShsOut": 938000000,
    "weightedAverageShsOutDil": 947000000,
    "link": "https://www.sec.gov/Archives/edgar/data/1281761/000128176122000030/0001281761-22-000030-index.htm",
    "finalLink": "https://www.sec.gov/Archives/edgar/data/1281761/000128176122000030/rf-20220331.htm"
  },
  {
    "date": "2021-12-31",
    "symbol": "RF",
    "reportedCurrency": "USD",
    "cik": "0001281761",
    "fillingDate": "2022-02-24",
    "acceptedDate": "2022-02-24 11:41:34",
    "calendarYear": "2021",
    "period": "Q4",
    "revenue": 1671000000,
    "costOfRevenue": 147000000,
    "grossProfit": 1524000000,
    "grossProfitRatio": 0.9120287253,
    "researchAndDevelopmentExpenses": 0,
    "generalAndAdministrativeExpenses": 588000000,
    "sellingAndMarketingExpenses": 32000000,
    "sellingGeneralAndAdministrativeExpenses": 620000000,
    "otherExpenses": 363000000,
    "operatingExpenses": 983000000,
    "costAndExpenses": 1130000000,
    "interestIncome": 1056000000,
    "interestExpense": 37000000,
    "depreciationAndAmortization": 78000000,
    "ebitda": 619000000,
    "ebitdaratio": 0.3704368642,
    "operatingIncome": 541000000,
    "operatingIncomeRatio": 0.3237582286,
    "totalOtherIncomeExpensesNet": 0,
    "incomeBeforeTax": 541000000,
    "incomeBeforeTaxRatio": 0.3237582286,
    "incomeTaxExpense": 103000000,
    "netIncome": 438000000,
    "netIncomeRatio": 0.2621184919,
    "eps": 0.44,
    "epsdiluted": 0.43,
    "weightedAverageShsOut": 949000000,
    "weightedAverageShsOutDil": 958000000,
    "link": "https://www.sec.gov/Archives/edgar/data/1281761/000128176122000016/0001281761-22-000016-index.htm",
    "finalLink": "https://www.sec.gov/Archives/edgar/data/1281761/000128176122000016/rf-20211231.htm"
  },
  {
    "date": "2021-09-30",
    "symbol": "RF",
    "reportedCurrency": "USD",
    "cik": "0001281761",
    "fillingDate": "2021-11-04",
    "acceptedDate": "2021-11-03 17:51:24",
    "calendarYear": "2021",
    "period": "Q3",
    "revenue": 1656000000,
    "costOfRevenue": -114000000,
    "grossProfit": 1770000000,
    "grossProfitRatio": 1.0688405797,
    "researchAndDevelopmentExpenses": 0,
    "generalAndAdministrativeExpenses": 563000000,
    "sellingAndMarketingExpenses": 23000000,
    "sellingGeneralAndAdministrativeExpenses": 586000000,
    "otherExpenses": 353000000,
    "operatingExpenses": 939000000,
    "costAndExpenses": 825000000,
    "interestIncome": 1006000000,
    "interestExpense": 41000000,
    "depreciationAndAmortization": 98000000,
    "ebitda": 929000000,
    "ebitdaratio": 0.5609903382,
    "operatingIncome": 831000000,
    "operatingIncomeRatio": 0.5018115942,
    "totalOtherIncomeExpensesNet": 0,
    "incomeBeforeTax": 831000000,
    "incomeBeforeTaxRatio": 0.5018115942,
    "incomeTaxExpense": 180000000,
    "netIncome": 651000000,
    "netIncomeRatio": 0.393115942,
    "eps": 0.65,
    "epsdiluted": 0.65,
    "weightedAverageShsOut": 955000000,
    "weightedAverageShsOutDil": 962000000,
    "link": "https://www.sec.gov/Archives/edgar/data/1281761/000128176121000079/0001281761-21-000079-index.htm",
    "finalLink": "https://www.sec.gov/Archives/edgar/data/1281761/000128176121000079/rf-20210930.htm"
  },
  {
    "date": "2021-06-30",
    "symbol": "RF",
    "reportedCurrency": "USD",
    "cik": "0001281761",
    "fillingDate": "2021-08-06",
    "acceptedDate": "2021-08-05 18:51:05",
    "calendarYear": "2021",
    "period": "Q2",
    "revenue": 1625000000,
    "costOfRevenue": -294000000,
    "grossProfit": 1919000000,
    "grossProfitRatio": 1.1809230769,
    "researchAndDevelopmentExpenses": 0,
    "generalAndAdministrativeExpenses": 503000000,
    "sellingAndMarketingExpenses": 29000000,
    "sellingGeneralAndAdministrativeExpenses": 532000000,
    "otherExpenses": 366000000,
    "operatingExpenses": 898000000,
    "costAndExpenses": 604000000,
    "interestIncome": 1006000000,
    "interestExpense": 43000000,
    "depreciationAndAmortization": 94000000,
    "ebitda": 1115000000,
    "ebitdaratio": 0.6861538462,
    "operatingIncome": 1021000000,
    "operatingIncomeRatio": 0.6283076923,
    "totalOtherIncomeExpensesNet": 0,
    "incomeBeforeTax": 1021000000,
    "incomeBeforeTaxRatio": 0.6283076923,
    "incomeTaxExpense": 231000000,
    "netIncome": 790000000,
    "netIncomeRatio": 0.4861538462,
    "eps": 0.78,
    "epsdiluted": 0.77,
    "weightedAverageShsOut": 958000000,
    "weightedAverageShsOutDil": 965000000,
    "link": "https://www.sec.gov/Archives/edgar/data/1281761/000128176121000067/0001281761-21-000067-index.htm",
    "finalLink": "https://www.sec.gov/Archives/edgar/data/1281761/000128176121000067/rf-20210630.htm"
  },
  {
    "date": "2021-03-31",
    "symbol": "RF",
    "reportedCurrency": "USD",
    "cik": "0001281761",
    "fillingDate": "2021-05-05",
    "acceptedDate": "2021-05-05 10:48:00",
    "calendarYear": "2021",
    "period": "Q1",
    "revenue": 1655000000,
    "costOfRevenue": -96000000,
    "grossProfit": 1751000000,
    "grossProfitRatio": 1.0580060423,
    "researchAndDevelopmentExpenses": 0,
    "generalAndAdministrativeExpenses": 556000000,
    "sellingAndMarketingExpenses": 22000000,
    "sellingGeneralAndAdministrativeExpenses": 578000000,
    "otherExpenses": 351000000,
    "operatingExpenses": 929000000,
    "costAndExpenses": 833000000,
    "interestIncome": 1013000000,
    "interestExpense": 46000000,
    "depreciationAndAmortization": 101000000,
    "ebitda": 923000000,
    "ebitdaratio": 0.5577039275,
    "operatingIncome": 822000000,
    "operatingIncomeRatio": 0.4966767372,
    "totalOtherIncomeExpensesNet": 0,
    "incomeBeforeTax": 822000000,
    "incomeBeforeTaxRatio": 0.4966767372,
    "incomeTaxExpense": 180000000,
    "netIncome": 642000000,
    "netIncomeRatio": 0.3879154079,
    "eps": 0.64,
    "epsdiluted": 0.63,
    "weightedAverageShsOut": 961000000,
    "weightedAverageShsOutDil": 968000000,
    "link": "https://www.sec.gov/Archives/edgar/data/1281761/000128176121000043/0001281761-21-000043-index.htm",
    "finalLink": "https://www.sec.gov/Archives/edgar/data/1281761/000128176121000043/rf-20210331.htm"
  },
  {
    "date": "2020-12-31",
    "symbol": "RF",
    "reportedCurrency": "USD",
    "cik": "0001281761",
    "fillingDate": "2021-02-24",
    "acceptedDate": "2021-02-23 21:16:10",
    "calendarYear": "2020",
    "period": "Q4",
    "revenue": 1734000000,
    "costOfRevenue": 17000000,
    "grossProfit": 1717000000,
    "grossProfitRatio": 0.9901960784,
    "researchAndDevelopmentExpenses": 0,
    "generalAndAdministrativeExpenses": 586000000,
    "sellingAndMarketingExpenses": 26000000,
    "sellingGeneralAndAdministrativeExpenses": 612000000,
    "otherExpenses": 368000000,
    "operatingExpenses": 980000000,
    "costAndExpenses": 997000000,
    "interestIncome": 1061000000,
    "interestExpense": 55000000,
    "depreciationAndAmortization": 61000000,
    "ebitda": 798000000,
    "ebitdaratio": 0.4602076125,
    "operatingIncome": 737000000,
    "operatingIncomeRatio": 0.4250288351,
    "totalOtherIncomeExpensesNet": 0,
    "incomeBeforeTax": 737000000,
    "incomeBeforeTaxRatio": 0.4250288351,
    "incomeTaxExpense": 121000000,
    "netIncome": 616000000,
    "netIncomeRatio": 0.3552479815,
    "eps": 0.61,
    "epsdiluted": 0.61,
    "weightedAverageShsOut": 960000000,
    "weightedAverageShsOutDil": 965000000,
    "link": "https://www.sec.gov/Archives/edgar/data/1281761/000128176121000012/0001281761-21-000012-index.htm",
    "finalLink": "https://www.sec.gov/Archives/edgar/data/1281761/000128176121000012/rf-20201231.htm"
  },
  {
    "date": "2020-09-30",
    "symbol": "RF",
    "reportedCurrency": "USD",
    "cik": "0001281761",
    "fillingDate": "2020-11-05",
    "acceptedDate": "2020-11-04 18:35:52",
    "calendarYear": "2020",
    "period": "Q3",
    "revenue": 1700000000,
    "costOfRevenue": 184000000,
    "grossProfit": 1516000000,
    "grossProfitRatio": 0.8917647059,
    "researchAndDevelopmentExpenses": 0,
    "generalAndAdministrativeExpenses": 521000000,
    "sellingAndMarketingExpenses": 22000000,
    "sellingGeneralAndAdministrativeExpenses": 543000000,
    "otherExpenses": 339000000,
    "operatingExpenses": 882000000,
    "costAndExpenses": 1066000000,
    "interestIncome": 1059000000,
    "interestExpense": 71000000,
    "depreciationAndAmortization": 132000000,
    "ebitda": 766000000,
    "ebitdaratio": 0.4505882353,
    "operatingIncome": 634000000,
    "operatingIncomeRatio": 0.3729411765,
    "totalOtherIncomeExpensesNet": 0,
    "incomeBeforeTax": 634000000,
    "incomeBeforeTaxRatio": 0.3729411765,
    "incomeTaxExpense": 104000000,
    "netIncome": 530000000,
    "netIncomeRatio": 0.3117647059,
    "eps": 0.52,
    "epsdiluted": 0.52,
    "weightedAverageShsOut": 960000000,
    "weightedAverageShsOutDil": 962000000,
    "link": "https://www.sec.gov/Archives/edgar/data/1281761/000128176120000087/0001281761-20-000087-index.htm",
    "finalLink": "https://www.sec.gov/Archives/edgar/data/1281761/000128176120000087/rf-2020930x10xq.htm"
  },
  {
    "date": "2020-06-30",
    "symbol": "RF",
    "reportedCurrency": "USD",
    "cik": "0001281761",
    "fillingDate": "2020-08-05",
    "acceptedDate": "2020-08-05 08:14:27",
    "calendarYear": "2020",
    "period": "Q2",
    "revenue": 1620000000,
    "costOfRevenue": 973000000,
    "grossProfit": 647000000,
    "grossProfitRatio": 0.399382716,
    "researchAndDevelopmentExpenses": 0,
    "generalAndAdministrativeExpenses": 526000000,
    "sellingAndMarketingExpenses": 22000000,
    "sellingGeneralAndAdministrativeExpenses": 548000000,
    "otherExpenses": 360000000,
    "operatingExpenses": 908000000,
    "costAndExpenses": 1881000000,
    "interestIncome": 1063000000,
    "interestExpense": 91000000,
    "depreciationAndAmortization": 128000000,
    "ebitda": -133000000,
    "ebitdaratio": -0.0820987654,
    "operatingIncome": -261000000,
    "operatingIncomeRatio": -0.1611111111,
    "totalOtherIncomeExpensesNet": 0,
    "incomeBeforeTax": -261000000,
    "incomeBeforeTaxRatio": -0.1611111111,
    "incomeTaxExpense": -47000000,
    "netIncome": -214000000,
    "netIncomeRatio": -0.1320987654,
    "eps": -0.25,
    "epsdiluted": -0.25,
    "weightedAverageShsOut": 960000000,
    "weightedAverageShsOutDil": 960000000,
    "link": "https://www.sec.gov/Archives/edgar/data/1281761/000128176120000075/0001281761-20-000075-index.htm",
    "finalLink": "https://www.sec.gov/Archives/edgar/data/1281761/000128176120000075/rf-2020630x10xq.htm"
  },
  {
    "date": "2020-03-31",
    "symbol": "RF",
    "reportedCurrency": "USD",
    "cik": "0001281761",
    "fillingDate": "2020-05-06",
    "acceptedDate": "2020-05-06 08:41:19",
    "calendarYear": "2020",
    "period": "Q1",
    "revenue": 1589000000,
    "costOfRevenue": 524000000,
    "grossProfit": 1065000000,
    "grossProfitRatio": 0.6702328508,
    "researchAndDevelopmentExpenses": 0,
    "generalAndAdministrativeExpenses": 503000000,
    "sellingAndMarketingExpenses": 24000000,
    "sellingGeneralAndAdministrativeExpenses": 527000000,
    "otherExpenses": 334000000,
    "operatingExpenses": 861000000,
    "costAndExpenses": 1385000000,
    "interestIncome": 1079000000,
    "interestExpense": 151000000,
    "depreciationAndAmortization": 100000000,
    "ebitda": 304000000,
    "ebitdaratio": 0.1913152926,
    "operatingIncome": 204000000,
    "operatingIncomeRatio": 0.1283826306,
    "totalOtherIncomeExpensesNet": 0,
    "incomeBeforeTax": 204000000,
    "incomeBeforeTaxRatio": 0.1283826306,
    "incomeTaxExpense": 42000000,
    "netIncome": 162000000,
    "netIncomeRatio": 0.1019509125,
    "eps": 0.15,
    "epsdiluted": 0.14,
    "weightedAverageShsOut": 957000000,
    "weightedAverageShsOutDil": 961000000,
    "link": "https://www.sec.gov/Archives/edgar/data/1281761/000128176120000048/0001281761-20-000048-index.htm",
    "finalLink": "https://www.sec.gov/Archives/edgar/data/1281761/000128176120000048/rf-2020331x10xq.htm"
  },
  {
    "date": "2019-12-31",
    "symbol": "RF",
    "reportedCurrency": "USD",
    "cik": "0001281761",
    "fillingDate": "2020-02-21",
    "acceptedDate": "2020-02-21 10:49:22",
    "calendarYear": "2019",
    "period": "Q4",
    "revenue": 1663000000,
    "costOfRevenue": 273000000,
    "grossProfit": 1390000000,
    "grossProfitRatio": 0.8358388455,
    "researchAndDevelopmentExpenses": 0,
    "generalAndAdministrativeExpenses": 492000000,
    "sellingAndMarketingExpenses": 28000000,
    "sellingGeneralAndAdministrativeExpenses": 520000000,
    "otherExpenses": 383000000,
    "operatingExpenses": 903000000,
    "costAndExpenses": 1176000000,
    "interestIncome": 1108000000,
    "interestExpense": 180000000,
    "depreciationAndAmortization": 105000000,
    "ebitda": 592000000,
    "ebitdaratio": 0.355983163,
    "operatingIncome": 487000000,
    "operatingIncomeRatio": 0.2928442574,
    "totalOtherIncomeExpensesNet": 0,
    "incomeBeforeTax": 487000000,
    "incomeBeforeTaxRatio": 0.2928442574,
    "incomeTaxExpense": 98000000,
    "netIncome": 389000000,
    "netIncomeRatio": 0.2339146121,
    "eps": 0.38,
    "epsdiluted": 0.38,
    "weightedAverageShsOut": 957000000,
    "weightedAverageShsOutDil": 968000000,
    "link": "https://www.sec.gov/Archives/edgar/data/1281761/000128176120000010/0001281761-20-000010-index.htm",
    "finalLink": "https://www.sec.gov/Archives/edgar/data/1281761/000128176120000010/rf-20191231x10k.htm"
  },
  {
    "date": "2019-09-30",
    "symbol": "RF",
    "reportedCurrency": "USD",
    "cik": "0001281761",
    "fillingDate": "2019-11-06",
    "acceptedDate": "2019-11-06 09:24:40",
    "calendarYear": "2019",
    "period": "Q3",
    "revenue": 1701000000,
    "costOfRevenue": 319000000,
    "grossProfit": 1382000000,
    "grossProfitRatio": 0.8124632569,
    "researchAndDevelopmentExpenses": 0,
    "generalAndAdministrativeExpenses": 486000000,
    "sellingAndMarketingExpenses": 23000000,
    "sellingGeneralAndAdministrativeExpenses": 509000000,
    "otherExpenses": 357000000,
    "operatingExpenses": 866000000,
    "costAndExpenses": 1185000000,
    "interestIncome": 1150000000,
    "interestExpense": 213000000,
    "depreciationAndAmortization": 109000000,
    "ebitda": 625000000,
    "ebitdaratio": 0.367430923,
    "operatingIncome": 516000000,
    "operatingIncomeRatio": 0.30335097,
    "totalOtherIncomeExpensesNet": 0,
    "incomeBeforeTax": 516000000,
    "incomeBeforeTaxRatio": 0.30335097,
    "incomeTaxExpense": 107000000,
    "netIncome": 409000000,
    "netIncomeRatio": 0.240446796,
    "eps": 0.39,
    "epsdiluted": 0.39,
    "weightedAverageShsOut": 988000000,
    "weightedAverageShsOutDil": 991000000,
    "link": "https://www.sec.gov/Archives/edgar/data/1281761/000128176119000093/0001281761-19-000093-index.htm",
    "finalLink": "https://www.sec.gov/Archives/edgar/data/1281761/000128176119000093/rf-2019930x10xq.htm"
  },
  {
    "date": "2019-06-30",
    "symbol": "RF",
    "reportedCurrency": "USD",
    "cik": "0001281761",
    "fillingDate": "2019-08-07",
    "acceptedDate": "2019-08-07 17:06:44",
    "calendarYear": "2019",
    "period": "Q2",
    "revenue": 1673000000,
    "costOfRevenue": 327000000,
    "grossProfit": 1346000000,
    "grossProfitRatio": 0.8045427376,
    "researchAndDevelopmentExpenses": 0,
    "generalAndAdministrativeExpenses": 483000000,
    "sellingAndMarketingExpenses": 23000000,
    "sellingGeneralAndAdministrativeExpenses": 506000000,
    "otherExpenses": 357000000,
    "operatingExpenses": 863000000,
    "costAndExpenses": 1190000000,
    "interestIncome": 1177000000,
    "interestExpense": 235000000,
    "depreciationAndAmortization": 107000000,
    "ebitda": 590000000,
    "ebitdaratio": 0.3526598924,
    "operatingIncome": 483000000,
    "operatingIncomeRatio": 0.2887029289,
    "totalOtherIncomeExpensesNet": 0,
    "incomeBeforeTax": 483000000,
    "incomeBeforeTaxRatio": 0.2887029289,
    "incomeTaxExpense": 93000000,
    "netIncome": 390000000,
    "netIncomeRatio": 0.2331141662,
    "eps": 0.37,
    "epsdiluted": 0.37,
    "weightedAverageShsOut": 1010000000,
    "weightedAverageShsOutDil": 1012000000,
    "link": "https://www.sec.gov/Archives/edgar/data/1281761/000128176119000071/0001281761-19-000071-index.htm",
    "finalLink": "https://www.sec.gov/Archives/edgar/data/1281761/000128176119000071/rf-2019630x10xq.htm"
  },
  {
    "date": "2019-03-31",
    "symbol": "RF",
    "reportedCurrency": "USD",
    "cik": "0001281761",
    "fillingDate": "2019-05-08",
    "acceptedDate": "2019-05-08 13:12:50",
    "calendarYear": "2019",
    "period": "Q1",
    "revenue": 1674000000,
    "costOfRevenue": 313000000,
    "grossProfit": 1361000000,
    "grossProfitRatio": 0.8130227001,
    "researchAndDevelopmentExpenses": 0,
    "generalAndAdministrativeExpenses": 492000000,
    "sellingAndMarketingExpenses": 23000000,
    "sellingGeneralAndAdministrativeExpenses": 515000000,
    "otherExpenses": 347000000,
    "operatingExpenses": 862000000,
    "costAndExpenses": 1175000000,
    "interestIncome": 1171000000,
    "interestExpense": 223000000,
    "depreciationAndAmortization": 105000000,
    "ebitda": 604000000,
    "ebitdaratio": 0.3608124253,
    "operatingIncome": 499000000,
    "operatingIncomeRatio": 0.298088411,
    "totalOtherIncomeExpensesNet": 0,
    "incomeBeforeTax": 499000000,
    "incomeBeforeTaxRatio": 0.298088411,
    "incomeTaxExpense": 105000000,
    "netIncome": 394000000,
    "netIncomeRatio": 0.2353643967,
    "eps": 0.37,
    "epsdiluted": 0.37,
    "weightedAverageShsOut": 1019000000,
    "weightedAverageShsOutDil": 1028000000,
    "link": "https://www.sec.gov/Archives/edgar/data/1281761/000128176119000045/0001281761-19-000045-index.htm",
    "finalLink": "https://www.sec.gov/Archives/edgar/data/1281761/000128176119000045/rf-2019331x10xq.htm"
  },
  {
    "date": "2018-12-31",
    "symbol": "RF",
    "reportedCurrency": "USD",
    "cik": "0001281761",
    "fillingDate": "2019-02-22",
    "acceptedDate": "2019-02-21 19:56:24",
    "calendarYear": "2018",
    "period": "Q4",
    "revenue": 1650000000,
    "costOfRevenue": 284000000,
    "grossProfit": 1366000000,
    "grossProfitRatio": 0.8278787879,
    "researchAndDevelopmentExpenses": 0,
    "generalAndAdministrativeExpenses": 493000000,
    "sellingAndMarketingExpenses": 21000000,
    "sellingGeneralAndAdministrativeExpenses": 514000000,
    "otherExpenses": 361000000,
    "operatingExpenses": 875000000,
    "costAndExpenses": 1159000000,
    "interestIncome": 1158000000,
    "interestExpense": 188000000,
    "depreciationAndAmortization": 107000000,
    "ebitda": 598000000,
    "ebitdaratio": 0.3624242424,
    "operatingIncome": 491000000,
    "operatingIncomeRatio": 0.2975757576,
    "totalOtherIncomeExpensesNet": 0,
    "incomeBeforeTax": 491000000,
    "incomeBeforeTaxRatio": 0.2975757576,
    "incomeTaxExpense": 85000000,
    "netIncome": 406000000,
    "netIncomeRatio": 0.2460606061,
    "eps": 0.38,
    "epsdiluted": 0.37,
    "weightedAverageShsOut": 1035000000,
    "weightedAverageShsOutDil": 1043000000,
    "link": "https://www.sec.gov/Archives/edgar/data/1281761/000128176119000019/0001281761-19-000019-index.htm",
    "finalLink": "https://www.sec.gov/Archives/edgar/data/1281761/000128176119000019/rf-20181231x10k.htm"
  },
  {
    "date": "2018-09-30",
    "symbol": "RF",
    "reportedCurrency": "USD",
    "cik": "0001281761",
    "fillingDate": "2018-11-07",
    "acceptedDate": "2018-11-07 11:05:18",
    "calendarYear": "2018",
    "period": "Q3",
    "revenue": 1627000000,
    "costOfRevenue": 242000000,
    "grossProfit": 1385000000,
    "grossProfitRatio": 0.8512599877,
    "researchAndDevelopmentExpenses": 0,
    "generalAndAdministrativeExpenses": 491000000,
    "sellingAndMarketingExpenses": 20000000,
    "sellingGeneralAndAdministrativeExpenses": 511000000,
    "otherExpenses": 419000000,
    "operatingExpenses": 930000000,
    "costAndExpenses": 1172000000,
    "interestIncome": 1112000000,
    "interestExpense": 156000000,
    "depreciationAndAmortization": 116000000,
    "ebitda": 571000000,
    "ebitdaratio": 0.3509526736,
    "operatingIncome": 455000000,
    "operatingIncomeRatio": 0.2796558082,
    "totalOtherIncomeExpensesNet": 0,
    "incomeBeforeTax": 455000000,
    "incomeBeforeTaxRatio": 0.2796558082,
    "incomeTaxExpense": 85000000,
    "netIncome": 564000000,
    "netIncomeRatio": 0.3466502766,
    "eps": 0.5,
    "epsdiluted": 0.5,
    "weightedAverageShsOut": 1086000000,
    "weightedAverageShsOutDil": 1095000000,
    "link": "https://www.sec.gov/Archives/edgar/data/1281761/000128176118000114/0001281761-18-000114-index.htm",
    "finalLink": "https://www.sec.gov/Archives/edgar/data/1281761/000128176118000114/rf-2018930x10xq.htm"
  },
  {
    "date": "2018-06-30",
    "symbol": "RF",
    "reportedCurrency": "USD",
    "cik": "0001281761",
    "fillingDate": "2018-08-08",
    "acceptedDate": "2018-08-07 19:37:42",
    "calendarYear": "2018",
    "period": "Q2",
    "revenue": 1590000000,
    "costOfRevenue": 195000000,
    "grossProfit": 1395000000,
    "grossProfitRatio": 0.8773584906,
    "researchAndDevelopmentExpenses": 0,
    "generalAndAdministrativeExpenses": 538000000,
    "sellingAndMarketingExpenses": 25000000,
    "sellingGeneralAndAdministrativeExpenses": 563000000,
    "otherExpenses": 365000000,
    "operatingExpenses": 928000000,
    "costAndExpenses": 1123000000,
    "interestIncome": 1076000000,
    "interestExpense": 136000000,
    "depreciationAndAmortization": 118000000,
    "ebitda": 585000000,
    "ebitdaratio": 0.3679245283,
    "operatingIncome": 467000000,
    "operatingIncomeRatio": 0.2937106918,
    "totalOtherIncomeExpensesNet": 0,
    "incomeBeforeTax": 467000000,
    "incomeBeforeTaxRatio": 0.2937106918,
    "incomeTaxExpense": 89000000,
    "netIncome": 375000000,
    "netIncomeRatio": 0.2358490566,
    "eps": 0.32,
    "epsdiluted": 0.32,
    "weightedAverageShsOut": 1119000000,
    "weightedAverageShsOutDil": 1128000000,
    "link": "https://www.sec.gov/Archives/edgar/data/1281761/000128176118000092/0001281761-18-000092-index.htm",
    "finalLink": "https://www.sec.gov/Archives/edgar/data/1281761/000128176118000092/rf-2018630x10xq.htm"
  },
  {
    "date": "2018-03-31",
    "symbol": "RF",
    "reportedCurrency": "USD",
    "cik": "0001281761",
    "fillingDate": "2018-05-09",
    "acceptedDate": "2018-05-09 11:40:53",
    "calendarYear": "2018",
    "period": "Q1",
    "revenue": 1554000000,
    "costOfRevenue": 108000000,
    "grossProfit": 1446000000,
    "grossProfitRatio": 0.9305019305,
    "researchAndDevelopmentExpenses": 0,
    "generalAndAdministrativeExpenses": 519000000,
    "sellingAndMarketingExpenses": 26000000,
    "sellingGeneralAndAdministrativeExpenses": 545000000,
    "otherExpenses": 359000000,
    "operatingExpenses": 904000000,
    "costAndExpenses": 1012000000,
    "interestIncome": 1047000000,
    "interestExpense": 122000000,
    "depreciationAndAmortization": 121000000,
    "ebitda": 663000000,
    "ebitdaratio": 0.4266409266,
    "operatingIncome": 542000000,
    "operatingIncomeRatio": 0.3487773488,
    "totalOtherIncomeExpensesNet": 0,
    "incomeBeforeTax": 542000000,
    "incomeBeforeTaxRatio": 0.3487773488,
    "incomeTaxExpense": 128000000,
    "netIncome": 414000000,
    "netIncomeRatio": 0.2664092664,
    "eps": 0.35,
    "epsdiluted": 0.35,
    "weightedAverageShsOut": 1127000000,
    "weightedAverageShsOutDil": 1141000000,
    "link": "https://www.sec.gov/Archives/edgar/data/1281761/000128176118000054/0001281761-18-000054-index.htm",
    "finalLink": "https://www.sec.gov/Archives/edgar/data/1281761/000128176118000054/rf-201833110xq.htm"
  },
  {
    "date": "2017-12-31",
    "symbol": "RF",
    "reportedCurrency": "USD",
    "cik": "0001281761",
    "fillingDate": "2018-02-26",
    "acceptedDate": "2018-02-26 14:54:06",
    "calendarYear": "2017",
    "period": "Q4",
    "revenue": 1575000000,
    "costOfRevenue": 52000000,
    "grossProfit": 1523000000,
    "grossProfitRatio": 0.966984127,
    "researchAndDevelopmentExpenses": 0,
    "generalAndAdministrativeExpenses": 523000000,
    "sellingAndMarketingExpenses": 23000000,
    "sellingGeneralAndAdministrativeExpenses": 546000000,
    "otherExpenses": 429000000,
    "operatingExpenses": 975000000,
    "costAndExpenses": 1027000000,
    "interestIncome": 1020000000,
    "interestExpense": 102000000,
    "depreciationAndAmortization": 127000000,
    "ebitda": 675000000,
    "ebitdaratio": 0.4285714286,
    "operatingIncome": 548000000,
    "operatingIncomeRatio": 0.3479365079,
    "totalOtherIncomeExpensesNet": 0,
    "incomeBeforeTax": 548000000,
    "incomeBeforeTaxRatio": 0.3479365079,
    "incomeTaxExpense": 214000000,
    "netIncome": 335000000,
    "netIncomeRatio": 0.2126984127,
    "eps": 0.28,
    "epsdiluted": 0.27,
    "weightedAverageShsOut": 1152000000,
    "weightedAverageShsOutDil": 1164000000,
    "link": "https://www.sec.gov/Archives/edgar/data/1281761/000128176118000016/0001281761-18-000016-index.htm",
    "finalLink": "https://www.sec.gov/Archives/edgar/data/1281761/000128176118000016/rf-20171231x10k.htm"
  },
  {
    "date": "2017-09-30",
    "symbol": "RF",
    "reportedCurrency": "USD",
    "cik": "0001281761",
    "fillingDate": "2017-11-08",
    "acceptedDate": "2017-11-08 10:26:25",
    "calendarYear": "2017",
    "period": "Q3",
    "revenue": 1494000000,
    "costOfRevenue": 165000000,
    "grossProfit": 1329000000,
    "grossProfitRatio": 0.8895582329,
    "researchAndDevelopmentExpenses": 0,
    "generalAndAdministrativeExpenses": 492000000,
    "sellingAndMarketingExpenses": 24000000,
    "sellingGeneralAndAdministrativeExpenses": 516000000,
    "otherExpenses": 363000000,
    "operatingExpenses": 879000000,
    "costAndExpenses": 1044000000,
    "interestIncome": 1012000000,
    "interestExpense": 97000000,
    "depreciationAndAmortization": 136000000,
    "ebitda": 586000000,
    "ebitdaratio": 0.3922356091,
    "operatingIncome": 450000000,
    "operatingIncomeRatio": 0.3012048193,
    "totalOtherIncomeExpensesNet": 0,
    "incomeBeforeTax": 450000000,
    "incomeBeforeTaxRatio": 0.3012048193,
    "incomeTaxExpense": 138000000,
    "netIncome": 311000000,
    "netIncomeRatio": 0.2081659973,
    "eps": 0.25,
    "epsdiluted": 0.25,
    "weightedAverageShsOut": 1182000000,
    "weightedAverageShsOutDil": 1193000000,
    "link": "https://www.sec.gov/Archives/edgar/data/1281761/000128176117000104/0001281761-17-000104-index.htm",
    "finalLink": "https://www.sec.gov/Archives/edgar/data/1281761/000128176117000104/rf-2017093010xq.htm"
  },
  {
    "date": "2017-06-30",
    "symbol": "RF",
    "reportedCurrency": "USD",
    "cik": "0001281761",
    "fillingDate": "2017-08-04",
    "acceptedDate": "2017-08-04 14:14:51",
    "calendarYear": "2017",
    "period": "Q2",
    "revenue": 1479000000,
    "costOfRevenue": 134000000,
    "grossProfit": 1345000000,
    "grossProfitRatio": 0.9093982421,
    "researchAndDevelopmentExpenses": 0,
    "generalAndAdministrativeExpenses": 496000000,
    "sellingAndMarketingExpenses": 22000000,
    "sellingGeneralAndAdministrativeExpenses": 518000000,
    "otherExpenses": 378000000,
    "operatingExpenses": 896000000,
    "costAndExpenses": 1030000000,
    "interestIncome": 989000000,
    "interestExpense": 89000000,
    "depreciationAndAmortization": 134000000,
    "ebitda": 583000000,
    "ebitdaratio": 0.3941852603,
    "operatingIncome": 449000000,
    "operatingIncomeRatio": 0.3035835024,
    "totalOtherIncomeExpensesNet": 0,
    "incomeBeforeTax": 449000000,
    "incomeBeforeTaxRatio": 0.3035835024,
    "incomeTaxExpense": 133000000,
    "netIncome": 316000000,
    "netIncomeRatio": 0.2136578769,
    "eps": 0.25,
    "epsdiluted": 0.25,
    "weightedAverageShsOut": 1202000000,
    "weightedAverageShsOutDil": 1212000000,
    "link": "https://www.sec.gov/Archives/edgar/data/1281761/000128176117000078/0001281761-17-000078-index.htm",
    "finalLink": "https://www.sec.gov/Archives/edgar/data/1281761/000128176117000078/rf-2017063010xq.htm"
  },
  {
    "date": "2017-03-31",
    "symbol": "RF",
    "reportedCurrency": "USD",
    "cik": "0001281761",
    "fillingDate": "2017-05-05",
    "acceptedDate": "2017-05-05 12:45:13",
    "calendarYear": "2017",
    "period": "Q1",
    "revenue": 1440000000,
    "costOfRevenue": 156000000,
    "grossProfit": 1284000000,
    "grossProfitRatio": 0.8916666667,
    "researchAndDevelopmentExpenses": 0,
    "generalAndAdministrativeExpenses": 488000000,
    "sellingAndMarketingExpenses": 24000000,
    "sellingGeneralAndAdministrativeExpenses": 512000000,
    "otherExpenses": 352000000,
    "operatingExpenses": 864000000,
    "costAndExpenses": 1020000000,
    "interestIncome": 966000000,
    "interestExpense": 85000000,
    "depreciationAndAmortization": 140000000,
    "ebitda": 560000000,
    "ebitdaratio": 0.3888888889,
    "operatingIncome": 420000000,
    "operatingIncomeRatio": 0.2916666667,
    "totalOtherIncomeExpensesNet": 0,
    "incomeBeforeTax": 420000000,
    "incomeBeforeTaxRatio": 0.2916666667,
    "incomeTaxExpense": 127000000,
    "netIncome": 301000000,
    "netIncomeRatio": 0.2090277778,
    "eps": 0.24,
    "epsdiluted": 0.23,
    "weightedAverageShsOut": 1209000000,
    "weightedAverageShsOutDil": 1224000000,
    "link": "https://www.sec.gov/Archives/edgar/data/1281761/000128176117000047/0001281761-17-000047-index.htm",
    "finalLink": "https://www.sec.gov/Archives/edgar/data/1281761/000128176117000047/rf-2017033110xq.htm"
  },
  {
    "date": "2016-12-31",
    "symbol": "RF",
    "reportedCurrency": "USD",
    "cik": "0001281761",
    "fillingDate": "2017-02-24",
    "acceptedDate": "2017-02-24 14:01:09",
    "calendarYear": "2016",
    "period": "Q4",
    "revenue": 1479000000,
    "costOfRevenue": 124000000,
    "grossProfit": 1355000000,
    "grossProfitRatio": 0.9161595673,
    "researchAndDevelopmentExpenses": 0,
    "generalAndAdministrativeExpenses": 500000000,
    "sellingAndMarketingExpenses": 23000000,
    "sellingGeneralAndAdministrativeExpenses": 523000000,
    "otherExpenses": 404000000,
    "operatingExpenses": 927000000,
    "costAndExpenses": 1051000000,
    "interestIncome": 957000000,
    "interestExpense": 79000000,
    "depreciationAndAmortization": 149000000,
    "ebitda": 577000000,
    "ebitdaratio": 0.3901284652,
    "operatingIncome": 428000000,
    "operatingIncomeRatio": 0.2893847194,
    "totalOtherIncomeExpensesNet": 0,
    "incomeBeforeTax": 428000000,
    "incomeBeforeTaxRatio": 0.2893847194,
    "incomeTaxExpense": 134000000,
    "netIncome": 295000000,
    "netIncomeRatio": 0.199459094,
    "eps": 0.23,
    "epsdiluted": 0.23,
    "weightedAverageShsOut": 1224000000,
    "weightedAverageShsOutDil": 1234000000,
    "link": "https://www.sec.gov/Archives/edgar/data/1281761/000128176117000026/0001281761-17-000026-index.htm",
    "finalLink": "https://www.sec.gov/Archives/edgar/data/1281761/000128176117000026/rf-20161231x10k.htm"
  },
  {
    "date": "2016-09-30",
    "symbol": "RF",
    "reportedCurrency": "USD",
    "cik": "0001281761",
    "fillingDate": "2016-11-04",
    "acceptedDate": "2016-11-03 20:45:28",
    "calendarYear": "2016",
    "period": "Q3",
    "revenue": 1541000000,
    "costOfRevenue": 119000000,
    "grossProfit": 1422000000,
    "grossProfitRatio": 0.9227774173,
    "researchAndDevelopmentExpenses": 0,
    "generalAndAdministrativeExpenses": 515000000,
    "sellingAndMarketingExpenses": 25000000,
    "sellingGeneralAndAdministrativeExpenses": 540000000,
    "otherExpenses": 411000000,
    "operatingExpenses": 951000000,
    "costAndExpenses": 1070000000,
    "interestIncome": 942000000,
    "interestExpense": 82000000,
    "depreciationAndAmortization": 158000000,
    "ebitda": 629000000,
    "ebitdaratio": 0.4081765088,
    "operatingIncome": 471000000,
    "operatingIncomeRatio": 0.3056456846,
    "totalOtherIncomeExpensesNet": 0,
    "incomeBeforeTax": 471000000,
    "incomeBeforeTaxRatio": 0.3056456846,
    "incomeTaxExpense": 152000000,
    "netIncome": 320000000,
    "netIncomeRatio": 0.2076573653,
    "eps": 0.24,
    "epsdiluted": 0.24,
    "weightedAverageShsOut": 1246000000,
    "weightedAverageShsOutDil": 1252000000,
    "link": "https://www.sec.gov/Archives/edgar/data/1281761/000128176116000198/0001281761-16-000198-index.htm",
    "finalLink": "https://www.sec.gov/Archives/edgar/data/1281761/000128176116000198/rf-2016093010xq.htm"
  },
  {
    "date": "2016-06-30",
    "symbol": "RF",
    "reportedCurrency": "USD",
    "cik": "0001281761",
    "fillingDate": "2016-08-05",
    "acceptedDate": "2016-08-05 11:25:48",
    "calendarYear": "2016",
    "period": "Q2",
    "revenue": 1478000000,
    "costOfRevenue": 161000000,
    "grossProfit": 1317000000,
    "grossProfitRatio": 0.8910690122,
    "researchAndDevelopmentExpenses": 0,
    "generalAndAdministrativeExpenses": 497000000,
    "sellingAndMarketingExpenses": 28000000,
    "sellingGeneralAndAdministrativeExpenses": 525000000,
    "otherExpenses": 405000000,
    "operatingExpenses": 930000000,
    "costAndExpenses": 1091000000,
    "interestIncome": 952000000,
    "interestExpense": 78000000,
    "depreciationAndAmortization": 137000000,
    "ebitda": 524000000,
    "ebitdaratio": 0.3545331529,
    "operatingIncome": 387000000,
    "operatingIncomeRatio": 0.2618403248,
    "totalOtherIncomeExpensesNet": 0,
    "incomeBeforeTax": 387000000,
    "incomeBeforeTaxRatio": 0.2618403248,
    "incomeTaxExpense": 115000000,
    "netIncome": 275000000,
    "netIncomeRatio": 0.1860622463,
    "eps": 0.2,
    "epsdiluted": 0.2,
    "weightedAverageShsOut": 1265000000,
    "weightedAverageShsOutDil": 1268000000,
    "link": "https://www.sec.gov/Archives/edgar/data/1281761/000128176116000155/0001281761-16-000155-index.htm",
    "finalLink": "https://www.sec.gov/Archives/edgar/data/1281761/000128176116000155/rf-2016063010xq.htm"
  },
  {
    "date": "2016-03-31",
    "symbol": "RF",
    "reportedCurrency": "USD",
    "cik": "0001281761",
    "fillingDate": "2016-05-06",
    "acceptedDate": "2016-05-06 12:05:52",
    "calendarYear": "2016",
    "period": "Q1",
    "revenue": 1481000000,
    "costOfRevenue": 188000000,
    "grossProfit": 1293000000,
    "grossProfitRatio": 0.8730587441,
    "researchAndDevelopmentExpenses": 0,
    "generalAndAdministrativeExpenses": 512000000,
    "sellingAndMarketingExpenses": 25000000,
    "sellingGeneralAndAdministrativeExpenses": 537000000,
    "otherExpenses": 370000000,
    "operatingExpenses": 907000000,
    "costAndExpenses": 1095000000,
    "interestIncome": 963000000,
    "interestExpense": 74000000,
    "depreciationAndAmortization": 130000000,
    "ebitda": 516000000,
    "ebitdaratio": 0.3484132343,
    "operatingIncome": 386000000,
    "operatingIncomeRatio": 0.2606347063,
    "totalOtherIncomeExpensesNet": 0,
    "incomeBeforeTax": 386000000,
    "incomeBeforeTaxRatio": 0.2606347063,
    "incomeTaxExpense": 113000000,
    "netIncome": 273000000,
    "netIncomeRatio": 0.1843349088,
    "eps": 0.2,
    "epsdiluted": 0.2,
    "weightedAverageShsOut": 1286000000,
    "weightedAverageShsOutDil": 1291000000,
    "link": "https://www.sec.gov/Archives/edgar/data/1281761/000128176116000128/0001281761-16-000128-index.htm",
    "finalLink": "https://www.sec.gov/Archives/edgar/data/1281761/000128176116000128/rf-2016033110xq.htm"
  },
  {
    "date": "2015-12-31",
    "symbol": "RF",
    "reportedCurrency": "USD",
    "cik": "0001281761",
    "fillingDate": "2016-02-16",
    "acceptedDate": "2016-02-16 15:46:29",
    "calendarYear": "2015",
    "period": "Q4",
    "revenue": 1530000000,
    "costOfRevenue": 126000000,
    "grossProfit": 1404000000,
    "grossProfitRatio": 0.9176470588,
    "researchAndDevelopmentExpenses": 0,
    "generalAndAdministrativeExpenses": 583000000,
    "sellingAndMarketingExpenses": 23000000,
    "sellingGeneralAndAdministrativeExpenses": 606000000,
    "otherExpenses": 390000000,
    "operatingExpenses": 996000000,
    "costAndExpenses": 1122000000,
    "interestIncome": 933000000,
    "interestExpense": 69000000,
    "depreciationAndAmortization": 139000000,
    "ebitda": 547000000,
    "ebitdaratio": 0.3575163399,
    "operatingIncome": 408000000,
    "operatingIncomeRatio": 0.2666666667,
    "totalOtherIncomeExpensesNet": 0,
    "incomeBeforeTax": 408000000,
    "incomeBeforeTaxRatio": 0.2666666667,
    "incomeTaxExpense": 120000000,
    "netIncome": 285000000,
    "netIncomeRatio": 0.1862745098,
    "eps": 0.21,
    "epsdiluted": 0.21,
    "weightedAverageShsOut": 1301000000,
    "weightedAverageShsOutDil": 1308000000,
    "link": "https://www.sec.gov/Archives/edgar/data/1281761/000128176116000108/0001281761-16-000108-index.htm",
    "finalLink": "https://www.sec.gov/Archives/edgar/data/1281761/000128176116000108/rf-20151231x10k.htm"
  },
  {
    "date": "2015-09-30",
    "symbol": "RF",
    "reportedCurrency": "USD",
    "cik": "0001281761",
    "fillingDate": "2015-11-05",
    "acceptedDate": "2015-11-04 18:23:47",
    "calendarYear": "2015",
    "period": "Q3",
    "revenue": 1398000000,
    "costOfRevenue": 125000000,
    "grossProfit": 1273000000,
    "grossProfitRatio": 0.9105865522,
    "researchAndDevelopmentExpenses": 0,
    "generalAndAdministrativeExpenses": 516000000,
    "sellingAndMarketingExpenses": 24000000,
    "sellingGeneralAndAdministrativeExpenses": 540000000,
    "otherExpenses": 355000000,
    "operatingExpenses": 895000000,
    "costAndExpenses": 1020000000,
    "interestIncome": 901000000,
    "interestExpense": 65000000,
    "depreciationAndAmortization": 132000000,
    "ebitda": 510000000,
    "ebitdaratio": 0.364806867,
    "operatingIncome": 378000000,
    "operatingIncomeRatio": 0.2703862661,
    "totalOtherIncomeExpensesNet": 0,
    "incomeBeforeTax": 378000000,
    "incomeBeforeTaxRatio": 0.2703862661,
    "incomeTaxExpense": 116000000,
    "netIncome": 258000000,
    "netIncomeRatio": 0.1845493562,
    "eps": 0.18,
    "epsdiluted": 0.18,
    "weightedAverageShsOut": 1319000000,
    "weightedAverageShsOutDil": 1326000000,
    "link": "https://www.sec.gov/Archives/edgar/data/1281761/000128176115000078/0001281761-15-000078-index.htm",
    "finalLink": "https://www.sec.gov/Archives/edgar/data/1281761/000128176115000078/rf-201593010xq.htm"
  },
  {
    "date": "2015-06-30",
    "symbol": "RF",
    "reportedCurrency": "USD",
    "cik": "0001281761",
    "fillingDate": "2015-08-05",
    "acceptedDate": "2015-08-05 13:02:18",
    "calendarYear": "2015",
    "period": "Q2",
    "revenue": 1473000000,
    "costOfRevenue": 126000000,
    "grossProfit": 1347000000,
    "grossProfitRatio": 0.9144602851,
    "researchAndDevelopmentExpenses": 0,
    "generalAndAdministrativeExpenses": 492000000,
    "sellingAndMarketingExpenses": 25000000,
    "sellingGeneralAndAdministrativeExpenses": 517000000,
    "otherExpenses": 417000000,
    "operatingExpenses": 934000000,
    "costAndExpenses": 1060000000,
    "interestIncome": 883000000,
    "interestExpense": 63000000,
    "depreciationAndAmortization": 129000000,
    "ebitda": 542000000,
    "ebitdaratio": 0.3679565513,
    "operatingIncome": 413000000,
    "operatingIncomeRatio": 0.2803801765,
    "totalOtherIncomeExpensesNet": 0,
    "incomeBeforeTax": 413000000,
    "incomeBeforeTaxRatio": 0.2803801765,
    "incomeTaxExpense": 124000000,
    "netIncome": 285000000,
    "netIncomeRatio": 0.1934826884,
    "eps": 0.2,
    "epsdiluted": 0.2,
    "weightedAverageShsOut": 1335000000,
    "weightedAverageShsOutDil": 1346000000,
    "link": "https://www.sec.gov/Archives/edgar/data/1281761/000128176115000065/0001281761-15-000065-index.htm",
    "finalLink": "https://www.sec.gov/Archives/edgar/data/1281761/000128176115000065/rf-201563010xq.htm"
  },
  {
    "date": "2015-03-31",
    "symbol": "RF",
    "reportedCurrency": "USD",
    "cik": "0001281761",
    "fillingDate": "2015-05-06",
    "acceptedDate": "2015-05-06 17:12:07",
    "calendarYear": "2015",
    "period": "Q1",
    "revenue": 1356000000,
    "costOfRevenue": 120000000,
    "grossProfit": 1236000000,
    "grossProfitRatio": 0.9115044248,
    "researchAndDevelopmentExpenses": 0,
    "generalAndAdministrativeExpenses": 480000000,
    "sellingAndMarketingExpenses": 26000000,
    "sellingGeneralAndAdministrativeExpenses": 506000000,
    "otherExpenses": 399000000,
    "operatingExpenses": 905000000,
    "costAndExpenses": 1025000000,
    "interestIncome": 886000000,
    "interestExpense": 71000000,
    "depreciationAndAmortization": 123000000,
    "ebitda": 454000000,
    "ebitdaratio": 0.3348082596,
    "operatingIncome": 331000000,
    "operatingIncomeRatio": 0.244100295,
    "totalOtherIncomeExpensesNet": 0,
    "incomeBeforeTax": 331000000,
    "incomeBeforeTaxRatio": 0.244100295,
    "incomeTaxExpense": 95000000,
    "netIncome": 234000000,
    "netIncomeRatio": 0.1725663717,
    "eps": 0.16,
    "epsdiluted": 0.16,
    "weightedAverageShsOut": 1346000000,
    "weightedAverageShsOutDil": 1358000000,
    "link": "https://www.sec.gov/Archives/edgar/data/1281761/000128176115000045/0001281761-15-000045-index.htm",
    "finalLink": "https://www.sec.gov/Archives/edgar/data/1281761/000128176115000045/rf-201533110xq.htm"
  },
  {
    "date": "2014-12-31",
    "symbol": "RF",
    "reportedCurrency": "USD",
    "cik": "0001281761",
    "fillingDate": "2015-02-17",
    "acceptedDate": "2015-02-17 08:41:19",
    "calendarYear": "2014",
    "period": "Q4",
    "revenue": 1325000000,
    "costOfRevenue": 69000000,
    "grossProfit": 1256000000,
    "grossProfitRatio": 0.9479245283,
    "researchAndDevelopmentExpenses": 0,
    "generalAndAdministrativeExpenses": 456000000,
    "sellingAndMarketingExpenses": 95000000,
    "sellingGeneralAndAdministrativeExpenses": 551000000,
    "otherExpenses": 414000000,
    "operatingExpenses": 965000000,
    "costAndExpenses": 1034000000,
    "interestIncome": 894000000,
    "interestExpense": 74000000,
    "depreciationAndAmortization": 132000000,
    "ebitda": 423000000,
    "ebitdaratio": 0.319245283,
    "operatingIncome": 291000000,
    "operatingIncomeRatio": 0.2196226415,
    "totalOtherIncomeExpensesNet": 0,
    "incomeBeforeTax": 291000000,
    "incomeBeforeTaxRatio": 0.2196226415,
    "incomeTaxExpense": 77000000,
    "netIncome": 211000000,
    "netIncomeRatio": 0.159245283,
    "eps": 0.14,
    "epsdiluted": 0.14,
    "weightedAverageShsOut": 1365000000,
    "weightedAverageShsOutDil": 1377000000,
    "link": "https://www.sec.gov/Archives/edgar/data/1281761/000128176115000022/0001281761-15-000022-index.htm",
    "finalLink": "https://www.sec.gov/Archives/edgar/data/1281761/000128176115000022/rf-20141231x10k.htm"
  },
  {
    "date": "2014-09-30",
    "symbol": "RF",
    "reportedCurrency": "USD",
    "cik": "0001281761",
    "fillingDate": "2014-11-05",
    "acceptedDate": "2014-11-05 13:16:23",
    "calendarYear": "2014",
    "period": "Q3",
    "revenue": 1374000000,
    "costOfRevenue": 76000000,
    "grossProfit": 1298000000,
    "grossProfitRatio": 0.9446870451,
    "researchAndDevelopmentExpenses": 0,
    "generalAndAdministrativeExpenses": 456000000,
    "sellingAndMarketingExpenses": 23000000,
    "sellingGeneralAndAdministrativeExpenses": 479000000,
    "otherExpenses": 351000000,
    "operatingExpenses": 830000000,
    "costAndExpenses": 906000000,
    "interestIncome": 897000000,
    "interestExpense": 76000000,
    "depreciationAndAmortization": 143000000,
    "ebitda": 611000000,
    "ebitdaratio": 0.4446870451,
    "operatingIncome": 468000000,
    "operatingIncomeRatio": 0.3406113537,
    "totalOtherIncomeExpensesNet": 0,
    "incomeBeforeTax": 468000000,
    "incomeBeforeTaxRatio": 0.3406113537,
    "incomeTaxExpense": 151000000,
    "netIncome": 320000000,
    "netIncomeRatio": 0.2328966521,
    "eps": 0.22,
    "epsdiluted": 0.22,
    "weightedAverageShsOut": 1378000000,
    "weightedAverageShsOutDil": 1389000000,
    "link": "https://www.sec.gov/Archives/edgar/data/1281761/000128176114000074/0001281761-14-000074-index.htm",
    "finalLink": "https://www.sec.gov/Archives/edgar/data/1281761/000128176114000074/rf-20140930x10q.htm"
  },
  {
    "date": "2014-06-30",
    "symbol": "RF",
    "reportedCurrency": "USD",
    "cik": "0001281761",
    "fillingDate": "2014-08-06",
    "acceptedDate": "2014-08-06 10:31:46",
    "calendarYear": "2014",
    "period": "Q2",
    "revenue": 1362000000,
    "costOfRevenue": 123000000,
    "grossProfit": 1239000000,
    "grossProfitRatio": 0.90969163,
    "researchAndDevelopmentExpenses": 0,
    "generalAndAdministrativeExpenses": 443000000,
    "sellingAndMarketingExpenses": 24000000,
    "sellingGeneralAndAdministrativeExpenses": 467000000,
    "otherExpenses": 329000000,
    "operatingExpenses": 796000000,
    "costAndExpenses": 919000000,
    "interestIncome": 900000000,
    "interestExpense": 77000000,
    "depreciationAndAmortization": 126000000,
    "ebitda": 569000000,
    "ebitdaratio": 0.4177679883,
    "operatingIncome": 443000000,
    "operatingIncomeRatio": 0.325256975,
    "totalOtherIncomeExpensesNet": 0,
    "incomeBeforeTax": 443000000,
    "incomeBeforeTaxRatio": 0.325256975,
    "incomeTaxExpense": 148000000,
    "netIncome": 296000000,
    "netIncomeRatio": 0.2173274596,
    "eps": 0.21,
    "epsdiluted": 0.21,
    "weightedAverageShsOut": 1378000000,
    "weightedAverageShsOutDil": 1390000000,
    "link": "https://www.sec.gov/Archives/edgar/data/1281761/000128176114000048/0001281761-14-000048-index.htm",
    "finalLink": "https://www.sec.gov/Archives/edgar/data/1281761/000128176114000048/rf-2014630x10q.htm"
  },
  {
    "date": "2014-03-31",
    "symbol": "RF",
    "reportedCurrency": "USD",
    "cik": "0001281761",
    "fillingDate": "2014-05-07",
    "acceptedDate": "2014-05-07 16:32:49",
    "calendarYear": "2014",
    "period": "Q1",
    "revenue": 1368000000,
    "costOfRevenue": 84000000,
    "grossProfit": 1284000000,
    "grossProfitRatio": 0.9385964912,
    "researchAndDevelopmentExpenses": 0,
    "generalAndAdministrativeExpenses": 455000000,
    "sellingAndMarketingExpenses": 24000000,
    "sellingGeneralAndAdministrativeExpenses": 479000000,
    "otherExpenses": 351000000,
    "operatingExpenses": 830000000,
    "costAndExpenses": 914000000,
    "interestIncome": 898000000,
    "interestExpense": 82000000,
    "depreciationAndAmortization": 122000000,
    "ebitda": 576000000,
    "ebitdaratio": 0.4210526316,
    "operatingIncome": 454000000,
    "operatingIncomeRatio": 0.331871345,
    "totalOtherIncomeExpensesNet": 0,
    "incomeBeforeTax": 454000000,
    "incomeBeforeTaxRatio": 0.331871345,
    "incomeTaxExpense": 151000000,
    "netIncome": 315000000,
    "netIncomeRatio": 0.2302631579,
    "eps": 0.23,
    "epsdiluted": 0.22,
    "weightedAverageShsOut": 1378000000,
    "weightedAverageShsOutDil": 1390000000,
    "link": "https://www.sec.gov/Archives/edgar/data/1281761/000128176114000031/0001281761-14-000031-index.htm",
    "finalLink": "https://www.sec.gov/Archives/edgar/data/1281761/000128176114000031/rf-2014331x10q.htm"
  },
  {
    "date": "2013-12-31",
    "symbol": "RF",
    "reportedCurrency": "USD",
    "cik": "0001281761",
    "fillingDate": "2014-02-21",
    "acceptedDate": "2014-02-21 10:41:27",
    "calendarYear": "2013",
    "period": "Q4",
    "revenue": 1348000000,
    "costOfRevenue": 164000000,
    "grossProfit": 1184000000,
    "grossProfitRatio": 0.8783382789,
    "researchAndDevelopmentExpenses": 0,
    "generalAndAdministrativeExpenses": 464000000,
    "sellingAndMarketingExpenses": 98000000,
    "sellingGeneralAndAdministrativeExpenses": 562000000,
    "otherExpenses": 289000000,
    "operatingExpenses": 851000000,
    "costAndExpenses": 1015000000,
    "interestIncome": 917000000,
    "interestExpense": 85000000,
    "depreciationAndAmortization": 148000000,
    "ebitda": 481000000,
    "ebitdaratio": 0.3568249258,
    "operatingIncome": 333000000,
    "operatingIncomeRatio": 0.2470326409,
    "totalOtherIncomeExpensesNet": 0,
    "incomeBeforeTax": 333000000,
    "incomeBeforeTaxRatio": 0.2470326409,
    "incomeTaxExpense": 92000000,
    "netIncome": 227000000,
    "netIncomeRatio": 0.1683976261,
    "eps": 0.16,
    "epsdiluted": 0.16,
    "weightedAverageShsOut": 1378000000,
    "weightedAverageShsOutDil": 1395000000,
    "link": "https://www.sec.gov/Archives/edgar/data/1281761/000128176114000009/0001281761-14-000009-index.htm",
    "finalLink": "https://www.sec.gov/Archives/edgar/data/1281761/000128176114000009/rf-20131231x10k.htm"
  },
  {
    "date": "2013-09-30",
    "symbol": "RF",
    "reportedCurrency": "USD",
    "cik": "0001281761",
    "fillingDate": "2013-11-06",
    "acceptedDate": "2013-11-05 20:01:53",
    "calendarYear": "2013",
    "period": "Q3",
    "revenue": 1406000000,
    "costOfRevenue": 105000000,
    "grossProfit": 1301000000,
    "grossProfitRatio": 0.9253200569,
    "researchAndDevelopmentExpenses": 0,
    "generalAndAdministrativeExpenses": 455000000,
    "sellingAndMarketingExpenses": 0,
    "sellingGeneralAndAdministrativeExpenses": 455000000,
    "otherExpenses": 429000000,
    "operatingExpenses": 884000000,
    "costAndExpenses": 989000000,
    "interestIncome": 911000000,
    "interestExpense": 87000000,
    "depreciationAndAmortization": 155000000,
    "ebitda": 572000000,
    "ebitdaratio": 0.4068278805,
    "operatingIncome": 417000000,
    "operatingIncomeRatio": 0.2965860597,
    "totalOtherIncomeExpensesNet": 0,
    "incomeBeforeTax": 417000000,
    "incomeBeforeTaxRatio": 0.2965860597,
    "incomeTaxExpense": 124000000,
    "netIncome": 293000000,
    "netIncomeRatio": 0.2083926031,
    "eps": 0.21,
    "epsdiluted": 0.2,
    "weightedAverageShsOut": 1388000000,
    "weightedAverageShsOutDil": 1405000000,
    "link": "https://www.sec.gov/Archives/edgar/data/1281761/000128176113000017/0001281761-13-000017-index.htm",
    "finalLink": "https://www.sec.gov/Archives/edgar/data/1281761/000128176113000017/rf-2013930x10q.htm"
  },
  {
    "date": "2013-06-30",
    "symbol": "RF",
    "reportedCurrency": "USD",
    "cik": "0001281761",
    "fillingDate": "2013-08-08",
    "acceptedDate": "2013-08-08 17:30:54",
    "calendarYear": "2013",
    "period": "Q2",
    "revenue": 1404000000,
    "costOfRevenue": 130000000,
    "grossProfit": 1274000000,
    "grossProfitRatio": 0.9074074074,
    "researchAndDevelopmentExpenses": 0,
    "generalAndAdministrativeExpenses": 452000000,
    "sellingAndMarketingExpenses": 0,
    "sellingGeneralAndAdministrativeExpenses": 452000000,
    "otherExpenses": 432000000,
    "operatingExpenses": 884000000,
    "costAndExpenses": 1014000000,
    "interestIncome": 907000000,
    "interestExpense": 99000000,
    "depreciationAndAmortization": 171000000,
    "ebitda": 561000000,
    "ebitdaratio": 0.3995726496,
    "operatingIncome": 390000000,
    "operatingIncomeRatio": 0.2777777778,
    "totalOtherIncomeExpensesNet": 0,
    "incomeBeforeTax": 390000000,
    "incomeBeforeTaxRatio": 0.2777777778,
    "incomeTaxExpense": 122000000,
    "netIncome": 267000000,
    "netIncomeRatio": 0.1901709402,
    "eps": 0.18,
    "epsdiluted": 0.18,
    "weightedAverageShsOut": 1401000000,
    "weightedAverageShsOutDil": 1418000000,
    "link": "https://www.sec.gov/Archives/edgar/data/1281761/000128176113000008/0001281761-13-000008-index.htm",
    "finalLink": "https://www.sec.gov/Archives/edgar/data/1281761/000128176113000008/rf-2013630x10q.htm"
  },
  {
    "date": "2013-03-31",
    "symbol": "RF",
    "reportedCurrency": "USD",
    "cik": "0001281761",
    "fillingDate": "2013-05-08",
    "acceptedDate": "2013-05-08 17:04:52",
    "calendarYear": "2013",
    "period": "Q1",
    "revenue": 1412000000,
    "costOfRevenue": 123000000,
    "grossProfit": 1289000000,
    "grossProfitRatio": 0.9128895184,
    "researchAndDevelopmentExpenses": 0,
    "generalAndAdministrativeExpenses": 447000000,
    "sellingAndMarketingExpenses": 0,
    "sellingGeneralAndAdministrativeExpenses": 447000000,
    "otherExpenses": 395000000,
    "operatingExpenses": 842000000,
    "costAndExpenses": 965000000,
    "interestIncome": 911000000,
    "interestExpense": 113000000,
    "depreciationAndAmortization": 171000000,
    "ebitda": 618000000,
    "ebitdaratio": 0.4376770538,
    "operatingIncome": 447000000,
    "operatingIncomeRatio": 0.316572238,
    "totalOtherIncomeExpensesNet": 0,
    "incomeBeforeTax": 447000000,
    "incomeBeforeTaxRatio": 0.316572238,
    "incomeTaxExpense": 114000000,
    "netIncome": 335000000,
    "netIncomeRatio": 0.2372521246,
    "eps": 0.23,
    "epsdiluted": 0.23,
    "weightedAverageShsOut": 1413000000,
    "weightedAverageShsOutDil": 1423000000,
    "link": "https://www.sec.gov/Archives/edgar/data/1281761/000128176113000004/0001281761-13-000004-index.htm",
    "finalLink": "https://www.sec.gov/Archives/edgar/data/1281761/000128176113000004/rf-2013331x10q.htm"
  },
  {
    "date": "2012-12-31",
    "symbol": "RF",
    "reportedCurrency": "USD",
    "cik": "0001281761",
    "fillingDate": "2013-02-21",
    "acceptedDate": "2013-02-21 15:39:37",
    "calendarYear": "2012",
    "period": "Q4",
    "revenue": 1383000000,
    "costOfRevenue": 167000000,
    "grossProfit": 1216000000,
    "grossProfitRatio": 0.8792480116,
    "researchAndDevelopmentExpenses": 0,
    "generalAndAdministrativeExpenses": 438000000,
    "sellingAndMarketingExpenses": 87000000,
    "sellingGeneralAndAdministrativeExpenses": 525000000,
    "otherExpenses": 276000000,
    "operatingExpenses": 801000000,
    "costAndExpenses": 968000000,
    "interestIncome": 948000000,
    "interestExpense": 130000000,
    "depreciationAndAmortization": 187000000,
    "ebitda": 602000000,
    "ebitdaratio": 0.435285611,
    "operatingIncome": 415000000,
    "operatingIncomeRatio": 0.3000723066,
    "totalOtherIncomeExpensesNet": 0,
    "incomeBeforeTax": 415000000,
    "incomeBeforeTaxRatio": 0.3000723066,
    "incomeTaxExpense": 138000000,
    "netIncome": 265000000,
    "netIncomeRatio": 0.1916124367,
    "eps": 0.18,
    "epsdiluted": 0.18,
    "weightedAverageShsOut": 1413000000,
    "weightedAverageShsOutDil": 1423000000,
    "link": "https://www.sec.gov/Archives/edgar/data/1281761/000119312513069212/0001193125-13-069212-index.htm",
    "finalLink": "https://www.sec.gov/Archives/edgar/data/1281761/000119312513069212/d418921d10k.htm"
  },
  {
    "date": "2012-09-30",
    "symbol": "RF",
    "reportedCurrency": "USD",
    "cik": "0001281761",
    "fillingDate": "2012-11-05",
    "acceptedDate": "2012-11-05 17:06:37",
    "calendarYear": "2012",
    "period": "Q3",
    "revenue": 1497000000,
    "costOfRevenue": 180000000,
    "grossProfit": 1317000000,
    "grossProfitRatio": 0.879759519,
    "researchAndDevelopmentExpenses": 0,
    "generalAndAdministrativeExpenses": 449000000,
    "sellingAndMarketingExpenses": 0,
    "sellingGeneralAndAdministrativeExpenses": 449000000,
    "otherExpenses": 420000000,
    "operatingExpenses": 869000000,
    "costAndExpenses": 1049000000,
    "interestIncome": 964000000,
    "interestExpense": 147000000,
    "depreciationAndAmortization": 182000000,
    "ebitda": 630000000,
    "ebitdaratio": 0.4208416834,
    "operatingIncome": 448000000,
    "operatingIncomeRatio": 0.2992651971,
    "totalOtherIncomeExpensesNet": 0,
    "incomeBeforeTax": 448000000,
    "incomeBeforeTaxRatio": 0.2992651971,
    "incomeTaxExpense": 136000000,
    "netIncome": 301000000,
    "netIncomeRatio": 0.2010688043,
    "eps": 0.21,
    "epsdiluted": 0.21,
    "weightedAverageShsOut": 1414000000,
    "weightedAverageShsOutDil": 1423000000,
    "link": "https://www.sec.gov/Archives/edgar/data/1281761/000119312512452076/0001193125-12-452076-index.htm",
    "finalLink": "https://www.sec.gov/Archives/edgar/data/1281761/000119312512452076/d406487d10q.htm"
  },
  {
    "date": "2012-06-30",
    "symbol": "RF",
    "reportedCurrency": "USD",
    "cik": "0001281761",
    "fillingDate": "2012-08-06",
    "acceptedDate": "2012-08-06 11:18:11",
    "calendarYear": "2012",
    "period": "Q2",
    "revenue": 1501000000,
    "costOfRevenue": 182000000,
    "grossProfit": 1319000000,
    "grossProfitRatio": 0.8787475017,
    "researchAndDevelopmentExpenses": 0,
    "generalAndAdministrativeExpenses": 434000000,
    "sellingAndMarketingExpenses": 0,
    "sellingGeneralAndAdministrativeExpenses": 434000000,
    "otherExpenses": 408000000,
    "operatingExpenses": 842000000,
    "costAndExpenses": 1024000000,
    "interestIncome": 994000000,
    "interestExpense": 156000000,
    "depreciationAndAmortization": 177000000,
    "ebitda": 654000000,
    "ebitdaratio": 0.435709527,
    "operatingIncome": 477000000,
    "operatingIncomeRatio": 0.3177881412,
    "totalOtherIncomeExpensesNet": 0,
    "incomeBeforeTax": 477000000,
    "incomeBeforeTaxRatio": 0.3177881412,
    "incomeTaxExpense": 126000000,
    "netIncome": 355000000,
    "netIncomeRatio": 0.236508994,
    "eps": 0.2,
    "epsdiluted": 0.2,
    "weightedAverageShsOut": 1414000000,
    "weightedAverageShsOutDil": 1418000000,
    "link": "https://www.sec.gov/Archives/edgar/data/1281761/000119312512336748/0001193125-12-336748-index.htm",
    "finalLink": "https://www.sec.gov/Archives/edgar/data/1281761/000119312512336748/d361719d10q.htm"
  },
  {
    "date": "2012-03-31",
    "symbol": "RF",
    "reportedCurrency": "USD",
    "cik": "0001281761",
    "fillingDate": "2012-05-03",
    "acceptedDate": "2012-05-03 15:54:38",
    "calendarYear": "2012",
    "period": "Q1",
    "revenue": 1521000000,
    "costOfRevenue": 287000000,
    "grossProfit": 1234000000,
    "grossProfitRatio": 0.8113083498,
    "researchAndDevelopmentExpenses": 0,
    "generalAndAdministrativeExpenses": 442000000,
    "sellingAndMarketingExpenses": 0,
    "sellingGeneralAndAdministrativeExpenses": 442000000,
    "otherExpenses": 471000000,
    "operatingExpenses": 913000000,
    "costAndExpenses": 1200000000,
    "interestIncome": 997000000,
    "interestExpense": 170000000,
    "depreciationAndAmortization": 171000000,
    "ebitda": 492000000,
    "ebitdaratio": 0.3234714004,
    "operatingIncome": 321000000,
    "operatingIncomeRatio": 0.2110453649,
    "totalOtherIncomeExpensesNet": 0,
    "incomeBeforeTax": 321000000,
    "incomeBeforeTaxRatio": 0.2110453649,
    "incomeTaxExpense": 82000000,
    "netIncome": 199000000,
    "netIncomeRatio": 0.130834977,
    "eps": 0.11,
    "epsdiluted": 0.11,
    "weightedAverageShsOut": 1282000000,
    "weightedAverageShsOutDil": 1283000000,
    "link": "https://www.sec.gov/Archives/edgar/data/1281761/000119312512208340/0001193125-12-208340-index.htm",
    "finalLink": "https://www.sec.gov/Archives/edgar/data/1281761/000119312512208340/d313781d10q.htm"
  },
  {
    "date": "2011-12-31",
    "symbol": "RF",
    "reportedCurrency": "USD",
    "cik": "0001281761",
    "fillingDate": "2012-02-24",
    "acceptedDate": "2012-02-24 16:26:17",
    "calendarYear": "2011",
    "period": "Q4",
    "revenue": 775000000,
    "costOfRevenue": 473000000,
    "grossProfit": 302000000,
    "grossProfitRatio": 0.3896774194,
    "researchAndDevelopmentExpenses": 0,
    "generalAndAdministrativeExpenses": 137000000,
    "sellingAndMarketingExpenses": 0,
    "sellingGeneralAndAdministrativeExpenses": 137000000,
    "otherExpenses": 292000000,
    "operatingExpenses": 429000000,
    "costAndExpenses": 902000000,
    "interestIncome": 1003000000,
    "interestExpense": 178000000,
    "depreciationAndAmortization": 64000000,
    "ebitda": -63000000,
    "ebitdaratio": -0.0812903226,
    "operatingIncome": -127000000,
    "operatingIncomeRatio": -0.1638709677,
    "totalOtherIncomeExpensesNet": 0,
    "incomeBeforeTax": -127000000,
    "incomeBeforeTaxRatio": -0.1638709677,
    "incomeTaxExpense": 17000000,
    "netIncome": -548000000,
    "netIncomeRatio": -0.7070967742,
    "eps": 0.38,
    "epsdiluted": 0.38,
    "weightedAverageShsOut": 963000000,
    "weightedAverageShsOutDil": 968000000,
    "link": "https://www.sec.gov/Archives/edgar/data/1281761/000119312512078199/0001193125-12-078199-index.htm",
    "finalLink": "https://www.sec.gov/Archives/edgar/data/1281761/000119312512078199/d249628d10k.htm"
  },
  {
    "date": "2011-09-30",
    "symbol": "RF",
    "reportedCurrency": "USD",
    "cik": "0001281761",
    "fillingDate": "2011-11-03",
    "acceptedDate": "2011-11-02 19:04:56",
    "calendarYear": "2011",
    "period": "Q3",
    "revenue": 1568000000,
    "costOfRevenue": 560000000,
    "grossProfit": 1008000000,
    "grossProfitRatio": 0.6428571429,
    "researchAndDevelopmentExpenses": 0,
    "generalAndAdministrativeExpenses": 383000000,
    "sellingAndMarketingExpenses": 0,
    "sellingGeneralAndAdministrativeExpenses": 383000000,
    "otherExpenses": 467000000,
    "operatingExpenses": 850000000,
    "costAndExpenses": 1410000000,
    "interestIncome": 1055000000,
    "interestExpense": 205000000,
    "depreciationAndAmortization": 366000000,
    "ebitda": 524000000,
    "ebitdaratio": 0.3341836735,
    "operatingIncome": 158000000,
    "operatingIncomeRatio": 0.1007653061,
    "totalOtherIncomeExpensesNet": 0,
    "incomeBeforeTax": 158000000,
    "incomeBeforeTaxRatio": 0.1007653061,
    "incomeTaxExpense": 17000000,
    "netIncome": 155000000,
    "netIncomeRatio": 0.0988520408,
    "eps": 0.08,
    "epsdiluted": 0.08,
    "weightedAverageShsOut": 1259000000,
    "weightedAverageShsOutDil": 1261000000,
    "link": "https://www.sec.gov/Archives/edgar/data/1281761/000119312511293225/0001193125-11-293225-index.htm",
    "finalLink": "https://www.sec.gov/Archives/edgar/data/1281761/000119312511293225/d230290d10q.htm"
  },
  {
    "date": "2011-06-30",
    "symbol": "RF",
    "reportedCurrency": "USD",
    "cik": "0001281761",
    "fillingDate": "2011-08-04",
    "acceptedDate": "2011-08-04 13:46:55",
    "calendarYear": "2011",
    "period": "Q2",
    "revenue": 1619000000,
    "costOfRevenue": 618000000,
    "grossProfit": 1001000000,
    "grossProfitRatio": 0.6182828907,
    "researchAndDevelopmentExpenses": 0,
    "generalAndAdministrativeExpenses": 401000000,
    "sellingAndMarketingExpenses": 0,
    "sellingGeneralAndAdministrativeExpenses": 401000000,
    "otherExpenses": 555000000,
    "operatingExpenses": 956000000,
    "costAndExpenses": 1574000000,
    "interestIncome": 1076000000,
    "interestExpense": 220000000,
    "depreciationAndAmortization": 70000000,
    "ebitda": 115000000,
    "ebitdaratio": 0.0710315009,
    "operatingIncome": 45000000,
    "operatingIncomeRatio": 0.0277949351,
    "totalOtherIncomeExpensesNet": 0,
    "incomeBeforeTax": 45000000,
    "incomeBeforeTaxRatio": 0.0277949351,
    "incomeTaxExpense": -34000000,
    "netIncome": 109000000,
    "netIncomeRatio": 0.0673255096,
    "eps": 0.04,
    "epsdiluted": 0.04,
    "weightedAverageShsOut": 1258000000,
    "weightedAverageShsOutDil": 1260000000,
    "link": "https://www.sec.gov/Archives/edgar/data/1281761/000119312511209965/0001193125-11-209965-index.htm",
    "finalLink": "https://www.sec.gov/Archives/edgar/data/1281761/000119312511209965/d10q.htm"
  },
  {
    "date": "2011-03-31",
    "symbol": "RF",
    "reportedCurrency": "USD",
    "cik": "0001281761",
    "fillingDate": "2011-05-05",
    "acceptedDate": "2011-05-05 12:56:29",
    "calendarYear": "2011",
    "period": "Q1",
    "revenue": 1670000000,
    "costOfRevenue": 717000000,
    "grossProfit": 953000000,
    "grossProfitRatio": 0.5706586826,
    "researchAndDevelopmentExpenses": 0,
    "generalAndAdministrativeExpenses": 428000000,
    "sellingAndMarketingExpenses": 0,
    "sellingGeneralAndAdministrativeExpenses": 428000000,
    "otherExpenses": 504000000,
    "operatingExpenses": 932000000,
    "costAndExpenses": 1649000000,
    "interestIncome": 1090000000,
    "interestExpense": 235000000,
    "depreciationAndAmortization": 68000000,
    "ebitda": 89000000,
    "ebitdaratio": 0.0532934132,
    "operatingIncome": 21000000,
    "operatingIncomeRatio": 0.0125748503,
    "totalOtherIncomeExpensesNet": 0,
    "incomeBeforeTax": 21000000,
    "incomeBeforeTaxRatio": 0.0125748503,
    "incomeTaxExpense": -29000000,
    "netIncome": 69000000,
    "netIncomeRatio": 0.0413173653,
    "eps": 0.01,
    "epsdiluted": 0.01,
    "weightedAverageShsOut": 1257000000,
    "weightedAverageShsOutDil": 1259000000,
    "link": "https://www.sec.gov/Archives/edgar/data/1281761/000119312511127981/0001193125-11-127981-index.htm",
    "finalLink": "https://www.sec.gov/Archives/edgar/data/1281761/000119312511127981/d10q.htm"
  },
  {
    "date": "2010-12-31",
    "symbol": "RF",
    "reportedCurrency": "USD",
    "cik": "0001281761",
    "fillingDate": "2011-02-24",
    "acceptedDate": "2011-02-24 16:32:07",
    "calendarYear": "2010",
    "period": "Q4",
    "revenue": 2347000000,
    "costOfRevenue": 941000000,
    "grossProfit": 1406000000,
    "grossProfitRatio": 0.5990626331,
    "researchAndDevelopmentExpenses": 0,
    "generalAndAdministrativeExpenses": 621000000,
    "sellingAndMarketingExpenses": 68000000,
    "sellingGeneralAndAdministrativeExpenses": 689000000,
    "otherExpenses": 575000000,
    "operatingExpenses": 1264000000,
    "costAndExpenses": 2205000000,
    "interestIncome": 1136000000,
    "interestExpense": 259000000,
    "depreciationAndAmortization": 68000000,
    "ebitda": 210000000,
    "ebitdaratio": 0.0894759267,
    "operatingIncome": 142000000,
    "operatingIncomeRatio": 0.0605027695,
    "totalOtherIncomeExpensesNet": 0,
    "incomeBeforeTax": 142000000,
    "incomeBeforeTaxRatio": 0.0605027695,
    "incomeTaxExpense": 53000000,
    "netIncome": 89000000,
    "netIncomeRatio": 0.0379207499,
    "eps": 0.03,
    "epsdiluted": 0.03,
    "weightedAverageShsOut": 1257000000,
    "weightedAverageShsOutDil": 1259000000,
    "link": "https://www.sec.gov/Archives/edgar/data/1281761/000119312511045404/0001193125-11-045404-index.htm",
    "finalLink": "https://www.sec.gov/Archives/edgar/data/1281761/000119312511045404/d10k.htm"
  },
  {
    "date": "2010-09-30",
    "symbol": "RF",
    "reportedCurrency": "USD",
    "cik": "0001281761",
    "fillingDate": "2010-11-03",
    "acceptedDate": "2010-11-03 16:41:15",
    "calendarYear": "2010",
    "period": "Q3",
    "revenue": 1908000000,
    "costOfRevenue": 1050000000,
    "grossProfit": 858000000,
    "grossProfitRatio": 0.4496855346,
    "researchAndDevelopmentExpenses": 0,
    "generalAndAdministrativeExpenses": 582000000,
    "sellingAndMarketingExpenses": 0,
    "sellingGeneralAndAdministrativeExpenses": 582000000,
    "otherExpenses": 581000000,
    "operatingExpenses": 1163000000,
    "costAndExpenses": 2213000000,
    "interestIncome": 1158000000,
    "interestExpense": 290000000,
    "depreciationAndAmortization": 71000000,
    "ebitda": -234000000,
    "ebitdaratio": -0.1226415094,
    "operatingIncome": -305000000,
    "operatingIncomeRatio": -0.1598532495,
    "totalOtherIncomeExpensesNet": 0,
    "incomeBeforeTax": -305000000,
    "incomeBeforeTaxRatio": -0.1598532495,
    "incomeTaxExpense": -150000000,
    "netIncome": -155000000,
    "netIncomeRatio": -0.0812368973,
    "eps": -0.17,
    "epsdiluted": -0.17,
    "weightedAverageShsOut": 1257000000,
    "weightedAverageShsOutDil": 1257000000,
    "link": "https://www.sec.gov/Archives/edgar/data/1281761/000119312510246226/0001193125-10-246226-index.htm",
    "finalLink": "https://www.sec.gov/Archives/edgar/data/1281761/000119312510246226/d10q.htm"
  },
  {
    "date": "2010-06-30",
    "symbol": "RF",
    "reportedCurrency": "USD",
    "cik": "0001281761",
    "fillingDate": "2010-08-04",
    "acceptedDate": "2010-08-04 16:34:54",
    "calendarYear": "2010",
    "period": "Q2",
    "revenue": 1936000000,
    "costOfRevenue": 975000000,
    "grossProfit": 961000000,
    "grossProfitRatio": 0.4963842975,
    "researchAndDevelopmentExpenses": 0,
    "generalAndAdministrativeExpenses": 760000000,
    "sellingAndMarketingExpenses": 0,
    "sellingGeneralAndAdministrativeExpenses": 760000000,
    "otherExpenses": 566000000,
    "operatingExpenses": 1326000000,
    "costAndExpenses": 2301000000,
    "interestIncome": 1180000000,
    "interestExpense": 324000000,
    "depreciationAndAmortization": 72000000,
    "ebitda": -293000000,
    "ebitdaratio": -0.1513429752,
    "operatingIncome": -365000000,
    "operatingIncomeRatio": -0.1885330579,
    "totalOtherIncomeExpensesNet": 0,
    "incomeBeforeTax": -365000000,
    "incomeBeforeTaxRatio": -0.1885330579,
    "incomeTaxExpense": -88000000,
    "netIncome": -277000000,
    "netIncomeRatio": -0.1430785124,
    "eps": -0.28,
    "epsdiluted": -0.28,
    "weightedAverageShsOut": 1200000000,
    "weightedAverageShsOutDil": 1200000000,
    "link": "https://www.sec.gov/Archives/edgar/data/1281761/000119312510177285/0001193125-10-177285-index.htm",
    "finalLink": "https://www.sec.gov/Archives/edgar/data/1281761/000119312510177285/d10q.htm"
  },
  {
    "date": "2010-03-31",
    "symbol": "RF",
    "reportedCurrency": "USD",
    "cik": "0001281761",
    "fillingDate": "2010-05-05",
    "acceptedDate": "2010-05-05 17:16:41",
    "calendarYear": "2010",
    "period": "Q1",
    "revenue": 2027000000,
    "costOfRevenue": 1154000000,
    "grossProfit": 873000000,
    "grossProfitRatio": 0.4306857425,
    "researchAndDevelopmentExpenses": 0,
    "generalAndAdministrativeExpenses": 575000000,
    "sellingAndMarketingExpenses": 0,
    "sellingGeneralAndAdministrativeExpenses": 575000000,
    "otherExpenses": 655000000,
    "operatingExpenses": 1230000000,
    "costAndExpenses": 2384000000,
    "interestIncome": 1215000000,
    "interestExpense": 384000000,
    "depreciationAndAmortization": 73000000,
    "ebitda": -284000000,
    "ebitdaratio": -0.1401085348,
    "operatingIncome": -357000000,
    "operatingIncomeRatio": -0.1761223483,
    "totalOtherIncomeExpensesNet": 0,
    "incomeBeforeTax": -357000000,
    "incomeBeforeTaxRatio": -0.1761223483,
    "incomeTaxExpense": -161000000,
    "netIncome": -196000000,
    "netIncomeRatio": -0.0966946226,
    "eps": -0.21,
    "epsdiluted": -0.21,
    "weightedAverageShsOut": 1194000000,
    "weightedAverageShsOutDil": 1194000000,
    "link": "https://www.sec.gov/Archives/edgar/data/1281761/000119312510109112/0001193125-10-109112-index.htm",
    "finalLink": "https://www.sec.gov/Archives/edgar/data/1281761/000119312510109112/d10q.htm"
  },
  {
    "date": "2009-12-31",
    "symbol": "RF",
    "reportedCurrency": "USD",
    "cik": "0001281761",
    "fillingDate": "2010-02-22",
    "acceptedDate": "2010-02-22 16:51:17",
    "calendarYear": "2009",
    "period": "Q4",
    "revenue": 1870000000,
    "costOfRevenue": 1617000000,
    "grossProfit": 253000000,
    "grossProfitRatio": 0.1352941176,
    "researchAndDevelopmentExpenses": 0,
    "generalAndAdministrativeExpenses": 793000000,
    "sellingAndMarketingExpenses": 75000000,
    "sellingGeneralAndAdministrativeExpenses": 868000000,
    "otherExpenses": 215000000,
    "operatingExpenses": 1083000000,
    "costAndExpenses": 2700000000,
    "interestIncome": 1288000000,
    "interestExpense": 438000000,
    "depreciationAndAmortization": 72000000,
    "ebitda": -758000000,
    "ebitdaratio": -0.4053475936,
    "operatingIncome": -830000000,
    "operatingIncomeRatio": -0.4438502674,
    "totalOtherIncomeExpensesNet": 0,
    "incomeBeforeTax": -830000000,
    "incomeBeforeTaxRatio": -0.4438502674,
    "incomeTaxExpense": -287000000,
    "netIncome": -543000000,
    "netIncomeRatio": -0.2903743316,
    "eps": -0.51,
    "epsdiluted": -0.51,
    "weightedAverageShsOut": 1191000000,
    "weightedAverageShsOutDil": 1191000000,
    "link": "https://www.sec.gov/Archives/edgar/data/1281761/000119312510036446/0001193125-10-036446-index.htm",
    "finalLink": "https://www.sec.gov/Archives/edgar/data/1281761/000119312510036446/d10k.htm"
  },
  {
    "date": "2009-09-30",
    "symbol": "RF",
    "reportedCurrency": "USD",
    "cik": "0001281761",
    "fillingDate": "2009-11-04",
    "acceptedDate": "2009-11-04 10:00:36",
    "calendarYear": "2009",
    "period": "Q3",
    "revenue": 2086000000,
    "costOfRevenue": 1494000000,
    "grossProfit": 592000000,
    "grossProfitRatio": 0.2837967402,
    "researchAndDevelopmentExpenses": 0,
    "generalAndAdministrativeExpenses": 578000000,
    "sellingAndMarketingExpenses": 0,
    "sellingGeneralAndAdministrativeExpenses": 578000000,
    "otherExpenses": 665000000,
    "operatingExpenses": 1243000000,
    "costAndExpenses": 2737000000,
    "interestIncome": 1314000000,
    "interestExpense": 469000000,
    "depreciationAndAmortization": 72000000,
    "ebitda": -579000000,
    "ebitdaratio": -0.2775647172,
    "operatingIncome": -651000000,
    "operatingIncomeRatio": -0.3120805369,
    "totalOtherIncomeExpensesNet": 0,
    "incomeBeforeTax": -651000000,
    "incomeBeforeTaxRatio": -0.3120805369,
    "incomeTaxExpense": -274000000,
    "netIncome": -377000000,
    "netIncomeRatio": -0.1807286673,
    "eps": -0.37,
    "epsdiluted": -0.37,
    "weightedAverageShsOut": 1189000000,
    "weightedAverageShsOutDil": 1189000000,
    "link": "https://www.sec.gov/Archives/edgar/data/1281761/000119312509223165/0001193125-09-223165-index.htm",
    "finalLink": "https://www.sec.gov/Archives/edgar/data/1281761/000119312509223165/d10q.htm"
  },
  {
    "date": "2009-06-30",
    "symbol": "RF",
    "reportedCurrency": "USD",
    "cik": "0001281761",
    "fillingDate": "2009-08-05",
    "acceptedDate": "2009-08-05 16:44:09",
    "calendarYear": "2009",
    "period": "Q2",
    "revenue": 2550000000,
    "costOfRevenue": 1432000000,
    "grossProfit": 1118000000,
    "grossProfitRatio": 0.4384313725,
    "researchAndDevelopmentExpenses": 0,
    "generalAndAdministrativeExpenses": 586000000,
    "sellingAndMarketingExpenses": 0,
    "sellingGeneralAndAdministrativeExpenses": 586000000,
    "otherExpenses": 645000000,
    "operatingExpenses": 1231000000,
    "costAndExpenses": 2663000000,
    "interestIncome": 1351000000,
    "interestExpense": 520000000,
    "depreciationAndAmortization": 72000000,
    "ebitda": -41000000,
    "ebitdaratio": -0.0160784314,
    "operatingIncome": -113000000,
    "operatingIncomeRatio": -0.0443137255,
    "totalOtherIncomeExpensesNet": 0,
    "incomeBeforeTax": -113000000,
    "incomeBeforeTaxRatio": -0.0443137255,
    "incomeTaxExpense": 75000000,
    "netIncome": -188000000,
    "netIncomeRatio": -0.0737254902,
    "eps": -0.28,
    "epsdiluted": -0.28,
    "weightedAverageShsOut": 876000000,
    "weightedAverageShsOutDil": 876000000,
    "link": "https://www.sec.gov/Archives/edgar/data/1281761/000119312509165503/0001193125-09-165503-index.htm",
    "finalLink": "https://www.sec.gov/Archives/edgar/data/1281761/000119312509165503/d10q.htm"
  },
  {
    "date": "2009-03-31",
    "symbol": "RF",
    "reportedCurrency": "USD",
    "cik": "0001281761",
    "fillingDate": "2009-05-11",
    "acceptedDate": "2009-05-11 12:12:00",
    "calendarYear": "2009",
    "period": "Q1",
    "revenue": 2445000000,
    "costOfRevenue": 995000000,
    "grossProfit": 1450000000,
    "grossProfitRatio": 0.5930470348,
    "researchAndDevelopmentExpenses": 0,
    "generalAndAdministrativeExpenses": 539000000,
    "sellingAndMarketingExpenses": 0,
    "sellingGeneralAndAdministrativeExpenses": 539000000,
    "otherExpenses": 519000000,
    "operatingExpenses": 1058000000,
    "costAndExpenses": 2053000000,
    "interestIncome": 1379000000,
    "interestExpense": 570000000,
    "depreciationAndAmortization": 68000000,
    "ebitda": 460000000,
    "ebitdaratio": 0.1881390593,
    "operatingIncome": 392000000,
    "operatingIncomeRatio": 0.1603271984,
    "totalOtherIncomeExpensesNet": 0,
    "incomeBeforeTax": 392000000,
    "incomeBeforeTaxRatio": 0.1603271984,
    "incomeTaxExpense": 315000000,
    "netIncome": 77000000,
    "netIncomeRatio": 0.0314928425,
    "eps": 0.04,
    "epsdiluted": 0.04,
    "weightedAverageShsOut": 693000000,
    "weightedAverageShsOutDil": 694000000,
    "link": "https://www.sec.gov/Archives/edgar/data/1281761/000119312509106629/0001193125-09-106629-index.htm",
    "finalLink": "https://www.sec.gov/Archives/edgar/data/1281761/000119312509106629/d10q.htm"
  },
  {
    "date": "2008-12-31",
    "symbol": "RF",
    "reportedCurrency": "USD",
    "cik": "0001281761",
    "fillingDate": "2009-02-25",
    "acceptedDate": "2009-02-24 19:56:48",
    "calendarYear": "2008",
    "period": "Q4",
    "revenue": 2283973000,
    "costOfRevenue": 1807356000,
    "grossProfit": 476617000,
    "grossProfitRatio": 0.2086789117,
    "researchAndDevelopmentExpenses": 0,
    "generalAndAdministrativeExpenses": 561737000,
    "sellingAndMarketingExpenses": 96916000,
    "sellingGeneralAndAdministrativeExpenses": 658653000,
    "otherExpenses": 6614697000,
    "operatingExpenses": 7273350000,
    "costAndExpenses": 9080706000,
    "interestIncome": 1581529000,
    "interestExpense": 657356000,
    "depreciationAndAmortization": 54044000,
    "ebitda": -6742689000,
    "ebitdaratio": -2.9521754417,
    "operatingIncome": -6796733000,
    "operatingIncomeRatio": -2.9758377179,
    "totalOtherIncomeExpensesNet": 0,
    "incomeBeforeTax": -6796733000,
    "incomeBeforeTaxRatio": -2.9758377179,
    "incomeTaxExpense": -578706000,
    "netIncome": -6218296000,
    "netIncomeRatio": -2.7225785944,
    "eps": -9.01,
    "epsdiluted": -9.01,
    "weightedAverageShsOut": 693000000,
    "weightedAverageShsOutDil": 693000000,
    "link": "https://www.sec.gov/Archives/edgar/data/1281761/000119312509036452/0001193125-09-036452-index.htm",
    "finalLink": "https://www.sec.gov/Archives/edgar/data/1281761/000119312509036452/d10k.htm"
  },
  {
    "date": "2008-09-30",
    "symbol": "RF",
    "reportedCurrency": "USD",
    "cik": "0001281761",
    "fillingDate": "2008-10-30",
    "acceptedDate": "2008-10-30 17:11:22",
    "calendarYear": "2008",
    "period": "Q3",
    "revenue": 2288000000,
    "costOfRevenue": 1064000000,
    "grossProfit": 1224000000,
    "grossProfitRatio": 0.534965035,
    "researchAndDevelopmentExpenses": 0,
    "generalAndAdministrativeExpenses": 552000000,
    "sellingAndMarketingExpenses": 0,
    "sellingGeneralAndAdministrativeExpenses": 552000000,
    "otherExpenses": 576000000,
    "operatingExpenses": 1128000000,
    "costAndExpenses": 2192000000,
    "interestIncome": 1569000000,
    "interestExpense": 647000000,
    "depreciationAndAmortization": -4839000,
    "ebitda": 91161000,
    "ebitdaratio": 0.0398430944,
    "operatingIncome": 96000000,
    "operatingIncomeRatio": 0.041958042,
    "totalOtherIncomeExpensesNet": 0,
    "incomeBeforeTax": 96000000,
    "incomeBeforeTaxRatio": 0.041958042,
    "incomeTaxExpense": 6000000,
    "netIncome": 79000000,
    "netIncomeRatio": 0.034527972,
    "eps": 0.11,
    "epsdiluted": 0.11,
    "weightedAverageShsOut": 695950000,
    "weightedAverageShsOutDil": 696205000,
    "link": "https://www.sec.gov/Archives/edgar/data/1281761/000119312508220423/0001193125-08-220423-index.htm",
    "finalLink": "https://www.sec.gov/Archives/edgar/data/1281761/000119312508220423/d10q.htm"
  },
  {
    "date": "2008-06-30",
    "symbol": "RF",
    "reportedCurrency": "USD",
    "cik": "0001281761",
    "fillingDate": "2008-08-07",
    "acceptedDate": "2008-08-06 18:43:47",
    "calendarYear": "2008",
    "period": "Q2",
    "revenue": 2373882000,
    "costOfRevenue": 959954000,
    "grossProfit": 1413928000,
    "grossProfitRatio": 0.5956184848,
    "researchAndDevelopmentExpenses": 0,
    "generalAndAdministrativeExpenses": 598844000,
    "sellingAndMarketingExpenses": 0,
    "sellingGeneralAndAdministrativeExpenses": 598844000,
    "otherExpenses": 541530000,
    "operatingExpenses": 1140374000,
    "costAndExpenses": 2100328000,
    "interestIncome": 1630662000,
    "interestExpense": 650954000,
    "depreciationAndAmortization": 103848000,
    "ebitda": 377402000,
    "ebitdaratio": 0.1589809435,
    "operatingIncome": 273554000,
    "operatingIncomeRatio": 0.1152348769,
    "totalOtherIncomeExpensesNet": 0,
    "incomeBeforeTax": 273554000,
    "incomeBeforeTaxRatio": 0.1152348769,
    "incomeTaxExpense": 66908000,
    "netIncome": 206393000,
    "netIncomeRatio": 0.0869432432,
    "eps": 0.3,
    "epsdiluted": 0.3,
    "weightedAverageShsOut": 695978000,
    "weightedAverageShsOutDil": 696346000,
    "link": "https://www.sec.gov/Archives/edgar/data/1281761/000119312508168572/0001193125-08-168572-index.htm",
    "finalLink": "https://www.sec.gov/Archives/edgar/data/1281761/000119312508168572/d10q.htm"
  },
  {
    "date": "2008-03-31",
    "symbol": "RF",
    "reportedCurrency": "USD",
    "cik": "0001281761",
    "fillingDate": "2008-05-07",
    "acceptedDate": "2008-05-07 13:25:17",
    "calendarYear": "2008",
    "period": "Q1",
    "revenue": 2691107000,
    "costOfRevenue": 946324000,
    "grossProfit": 1744783000,
    "grossProfitRatio": 0.6483514033,
    "researchAndDevelopmentExpenses": 0,
    "generalAndAdministrativeExpenses": 643487000,
    "sellingAndMarketingExpenses": 0,
    "sellingGeneralAndAdministrativeExpenses": 643487000,
    "otherExpenses": 606772000,
    "operatingExpenses": 1250259000,
    "costAndExpenses": 2196583000,
    "interestIncome": 1782804000,
    "interestExpense": 765324000,
    "depreciationAndAmortization": 113991000,
    "ebitda": 608515000,
    "ebitdaratio": 0.2261207005,
    "operatingIncome": 494524000,
    "operatingIncomeRatio": 0.1837622956,
    "totalOtherIncomeExpensesNet": 0,
    "incomeBeforeTax": 494524000,
    "incomeBeforeTaxRatio": 0.1837622956,
    "incomeTaxExpense": 157814000,
    "netIncome": 336668000,
    "netIncomeRatio": 0.1251039071,
    "eps": 0.48,
    "epsdiluted": 0.48,
    "weightedAverageShsOut": 695098000,
    "weightedAverageShsOutDil": 695548000,
    "link": "https://www.sec.gov/Archives/edgar/data/1281761/000119312508105551/0001193125-08-105551-index.htm",
    "finalLink": "https://www.sec.gov/Archives/edgar/data/1281761/000119312508105551/d10q.htm"
  },
  {
    "date": "2007-12-31",
    "symbol": "RF",
    "reportedCurrency": "USD",
    "cik": "0001281761",
    "fillingDate": "2008-02-27",
    "acceptedDate": "2008-02-26 18:02:22",
    "calendarYear": "2007",
    "period": "Q4",
    "revenue": 2667146000,
    "costOfRevenue": 1247956000,
    "grossProfit": 1419190000,
    "grossProfitRatio": 0.5321006049,
    "researchAndDevelopmentExpenses": 0,
    "generalAndAdministrativeExpenses": 678859000,
    "sellingAndMarketingExpenses": 134050000,
    "sellingGeneralAndAdministrativeExpenses": 812909000,
    "otherExpenses": 535347000,
    "operatingExpenses": 1348256000,
    "costAndExpenses": 2596212000,
    "interestIncome": 1934168000,
    "interestExpense": 889956000,
    "depreciationAndAmortization": -47987000,
    "ebitda": 22947000,
    "ebitdaratio": 0.0086035785,
    "operatingIncome": 70934000,
    "operatingIncomeRatio": 0.0265954695,
    "totalOtherIncomeExpensesNet": 0,
    "incomeBeforeTax": 70934000,
    "incomeBeforeTaxRatio": 0.0265954695,
    "incomeTaxExpense": -181000,
    "netIncome": 70641000,
    "netIncomeRatio": 0.0264856142,
    "eps": 0.1,
    "epsdiluted": 0.1,
    "weightedAverageShsOut": 707981000,
    "weightedAverageShsOutDil": 712743000,
    "link": "https://www.sec.gov/Archives/edgar/data/1281761/000119312508038935/0001193125-08-038935-index.htm",
    "finalLink": "https://www.sec.gov/Archives/edgar/data/1281761/000119312508038935/d10k.htm"
  },
  {
    "date": "2007-09-30",
    "symbol": "RF",
    "reportedCurrency": "USD",
    "cik": "0001281761",
    "fillingDate": "2007-11-09",
    "acceptedDate": "2007-11-09 16:19:03",
    "calendarYear": "2007",
    "period": "Q3",
    "revenue": 2742264000,
    "costOfRevenue": 1023339000,
    "grossProfit": 1718925000,
    "grossProfitRatio": 0.6268269576,
    "researchAndDevelopmentExpenses": 0,
    "generalAndAdministrativeExpenses": 581425000,
    "sellingAndMarketingExpenses": 0,
    "sellingGeneralAndAdministrativeExpenses": 581425000,
    "otherExpenses": 563969000,
    "operatingExpenses": 1145394000,
    "costAndExpenses": 2168733000,
    "interestIncome": 2013120000,
    "interestExpense": 933339000,
    "depreciationAndAmortization": 116740000,
    "ebitda": 690271000,
    "ebitdaratio": 0.2517157356,
    "operatingIncome": 573531000,
    "operatingIncomeRatio": 0.2091450714,
    "totalOtherIncomeExpensesNet": 0,
    "incomeBeforeTax": 573531000,
    "incomeBeforeTaxRatio": 0.2091450714,
    "incomeTaxExpense": 179291000,
    "netIncome": 394164000,
    "netIncomeRatio": 0.1437367081,
    "eps": 0.56,
    "epsdiluted": 0.56,
    "weightedAverageShsOut": 700589000,
    "weightedAverageShsOutDil": 704485000,
    "link": "https://www.sec.gov/Archives/edgar/data/1281761/000119312507242477/0001193125-07-242477-index.htm",
    "finalLink": "https://www.sec.gov/Archives/edgar/data/1281761/000119312507242477/d10q.htm"
  },
  {
    "date": "2007-06-30",
    "symbol": "RF",
    "reportedCurrency": "USD",
    "cik": "0001281761",
    "fillingDate": "2007-08-03",
    "acceptedDate": "2007-08-03 16:22:03",
    "calendarYear": "2007",
    "period": "Q2",
    "revenue": 2724281000,
    "costOfRevenue": 982145000,
    "grossProfit": 1742136000,
    "grossProfitRatio": 0.6394846934,
    "researchAndDevelopmentExpenses": 0,
    "generalAndAdministrativeExpenses": 602646000,
    "sellingAndMarketingExpenses": 0,
    "sellingGeneralAndAdministrativeExpenses": 602646000,
    "otherExpenses": 455089000,
    "operatingExpenses": 1057735000,
    "costAndExpenses": 2039880000,
    "interestIncome": 2027480000,
    "interestExpense": 922145000,
    "depreciationAndAmortization": 115024000,
    "ebitda": 799425000,
    "ebitdaratio": 0.2934443987,
    "operatingIncome": 684401000,
    "operatingIncomeRatio": 0.2512226162,
    "totalOtherIncomeExpensesNet": 0,
    "incomeBeforeTax": 684401000,
    "incomeBeforeTaxRatio": 0.2512226162,
    "incomeTaxExpense": 230669000,
    "netIncome": 453309000,
    "netIncomeRatio": 0.1663958307,
    "eps": 0.64,
    "epsdiluted": 0.63,
    "weightedAverageShsOut": 709322000,
    "weightedAverageShsOutDil": 715564000,
    "link": "https://www.sec.gov/Archives/edgar/data/1281761/000119312507170697/0001193125-07-170697-index.htm",
    "finalLink": "https://www.sec.gov/Archives/edgar/data/1281761/000119312507170697/d10q.htm"
  },
  {
    "date": "2007-03-31",
    "symbol": "RF",
    "reportedCurrency": "USD",
    "cik": "0001281761",
    "fillingDate": "2007-05-07",
    "acceptedDate": "2007-05-07 17:23:33",
    "calendarYear": "2007",
    "period": "Q1",
    "revenue": 2796807000,
    "costOfRevenue": 977857000,
    "grossProfit": 1818950000,
    "grossProfitRatio": 0.6503666503,
    "researchAndDevelopmentExpenses": 0,
    "generalAndAdministrativeExpenses": 608939000,
    "sellingAndMarketingExpenses": 0,
    "sellingGeneralAndAdministrativeExpenses": 608939000,
    "otherExpenses": 500027000,
    "operatingExpenses": 1108966000,
    "costAndExpenses": 2086823000,
    "interestIncome": 2099895000,
    "interestExpense": 930857000,
    "depreciationAndAmortization": 149560000,
    "ebitda": 859544000,
    "ebitdaratio": 0.3073304665,
    "operatingIncome": 709984000,
    "operatingIncomeRatio": 0.2538551999,
    "totalOtherIncomeExpensesNet": 0,
    "incomeBeforeTax": 709984000,
    "incomeBeforeTaxRatio": 0.2538551999,
    "incomeTaxExpense": 235908000,
    "netIncome": 332981000,
    "netIncomeRatio": 0.1190575538,
    "eps": 0.46,
    "epsdiluted": 0.45,
    "weightedAverageShsOut": 726921000,
    "weightedAverageShsOutDil": 734534000,
    "link": "https://www.sec.gov/Archives/edgar/data/1281761/000119312507104491/0001193125-07-104491-index.htm",
    "finalLink": "https://www.sec.gov/Archives/edgar/data/1281761/000119312507104491/d10q.htm"
  },
  {
    "date": "2006-12-31",
    "symbol": "RF",
    "reportedCurrency": "USD",
    "cik": "0001281761",
    "fillingDate": "2007-03-01",
    "acceptedDate": "2007-03-01 11:44:09",
    "calendarYear": "2006",
    "period": "Q4",
    "revenue": 2529246000,
    "costOfRevenue": 883438000,
    "grossProfit": 1645808000,
    "grossProfitRatio": 0.6507109233,
    "researchAndDevelopmentExpenses": 0,
    "generalAndAdministrativeExpenses": 683001000,
    "sellingAndMarketingExpenses": 74453000,
    "sellingGeneralAndAdministrativeExpenses": 757454000,
    "otherExpenses": 359377000,
    "operatingExpenses": 1116831000,
    "costAndExpenses": 2000269000,
    "interestIncome": 1893919000,
    "interestExpense": 823438000,
    "depreciationAndAmortization": -55253000,
    "ebitda": 473724000,
    "ebitdaratio": 0.1872985071,
    "operatingIncome": 528977000,
    "operatingIncomeRatio": 0.2091441481,
    "totalOtherIncomeExpensesNet": 0,
    "incomeBeforeTax": 528977000,
    "incomeBeforeTaxRatio": 0.2091441481,
    "incomeTaxExpense": 167426000,
    "netIncome": 361551000,
    "netIncomeRatio": 0.1429481355,
    "eps": 0.5,
    "epsdiluted": 0.5,
    "weightedAverageShsOut": 726921000,
    "weightedAverageShsOutDil": 726921000,
    "link": "https://www.sec.gov/Archives/edgar/data/1281761/000119312507043798/0001193125-07-043798-index.htm",
    "finalLink": "https://www.sec.gov/Archives/edgar/data/1281761/000119312507043798/d10k.htm"
  },
  {
    "date": "2006-09-30",
    "symbol": "RF",
    "reportedCurrency": "USD",
    "cik": "0001281761",
    "fillingDate": "2006-11-03",
    "acceptedDate": "2006-11-03 14:58:40",
    "calendarYear": "2006",
    "period": "Q3",
    "revenue": 1789684000,
    "costOfRevenue": 586836000,
    "grossProfit": 1202848000,
    "grossProfitRatio": 0.6721007731,
    "researchAndDevelopmentExpenses": 0,
    "generalAndAdministrativeExpenses": 398848000,
    "sellingAndMarketingExpenses": 0,
    "sellingGeneralAndAdministrativeExpenses": 398848000,
    "otherExpenses": 289503000,
    "operatingExpenses": 688351000,
    "costAndExpenses": 1275187000,
    "interestIncome": 1328301000,
    "interestExpense": 561922000,
    "depreciationAndAmortization": 70195000,
    "ebitda": 584692000,
    "ebitdaratio": 0.3267012501,
    "operatingIncome": 514497000,
    "operatingIncomeRatio": 0.2874792421,
    "totalOtherIncomeExpensesNet": 0,
    "incomeBeforeTax": 514497000,
    "incomeBeforeTaxRatio": 0.2874792421,
    "incomeTaxExpense": 156575000,
    "netIncome": 351657000,
    "netIncomeRatio": 0.1964911124,
    "eps": 0.77,
    "epsdiluted": 0.77,
    "weightedAverageShsOut": 454441000,
    "weightedAverageShsOutDil": 458903000,
    "link": "https://www.sec.gov/Archives/edgar/data/1281761/000128176106000215/0001281761-06-000215-index.htm",
    "finalLink": "https://www.sec.gov/Archives/edgar/data/1281761/000128176106000215/rf10q306.htm"
  },
  {
    "date": "2006-06-30",
    "symbol": "RF",
    "reportedCurrency": "USD",
    "cik": "0001281761",
    "fillingDate": "2006-08-08",
    "acceptedDate": "2006-08-08 11:58:55",
    "calendarYear": "2006",
    "period": "Q2",
    "revenue": 1721670000,
    "costOfRevenue": 532465000,
    "grossProfit": 1189205000,
    "grossProfitRatio": 0.6907276075,
    "researchAndDevelopmentExpenses": 0,
    "generalAndAdministrativeExpenses": 424889000,
    "sellingAndMarketingExpenses": 0,
    "sellingGeneralAndAdministrativeExpenses": 424889000,
    "otherExpenses": 270574000,
    "operatingExpenses": 695463000,
    "costAndExpenses": 1227928000,
    "interestIncome": 1251293000,
    "interestExpense": 502451000,
    "depreciationAndAmortization": 71419000,
    "ebitda": 565161000,
    "ebitdaratio": 0.328263256,
    "operatingIncome": 493742000,
    "operatingIncomeRatio": 0.2867808581,
    "totalOtherIncomeExpensesNet": 0,
    "incomeBeforeTax": 493742000,
    "incomeBeforeTaxRatio": 0.2867808581,
    "incomeTaxExpense": 150280000,
    "netIncome": 345257000,
    "netIncomeRatio": 0.2005361074,
    "eps": 0.76,
    "epsdiluted": 0.75,
    "weightedAverageShsOut": 455528000,
    "weightedAverageShsOutDil": 460131000,
    "link": "https://www.sec.gov/Archives/edgar/data/1281761/000128176106000176/0001281761-06-000176-index.htm",
    "finalLink": "https://www.sec.gov/Archives/edgar/data/1281761/000128176106000176/rf10q206.htm"
  },
  {
    "date": "2006-03-31",
    "symbol": "RF",
    "reportedCurrency": "USD",
    "cik": "0001281761",
    "fillingDate": "2006-05-09",
    "acceptedDate": "2006-05-09 11:17:15",
    "calendarYear": "2006",
    "period": "Q1",
    "revenue": 1646324000,
    "costOfRevenue": 480625000,
    "grossProfit": 1165699000,
    "grossProfitRatio": 0.7080617181,
    "researchAndDevelopmentExpenses": 0,
    "generalAndAdministrativeExpenses": 429949000,
    "sellingAndMarketingExpenses": 0,
    "sellingGeneralAndAdministrativeExpenses": 429949000,
    "otherExpenses": 299063000,
    "operatingExpenses": 729012000,
    "costAndExpenses": 1209637000,
    "interestIncome": 1185933000,
    "interestExpense": 453005000,
    "depreciationAndAmortization": 73677000,
    "ebitda": 510364000,
    "ebitdaratio": 0.3100021624,
    "operatingIncome": 436687000,
    "operatingIncomeRatio": 0.2652497321,
    "totalOtherIncomeExpensesNet": 0,
    "incomeBeforeTax": 436687000,
    "incomeBeforeTaxRatio": 0.2652497321,
    "incomeTaxExpense": 137545000,
    "netIncome": 294680000,
    "netIncomeRatio": 0.1789927135,
    "eps": 0.65,
    "epsdiluted": 0.64,
    "weightedAverageShsOut": 456442000,
    "weightedAverageShsOutDil": 461043000,
    "link": "https://www.sec.gov/Archives/edgar/data/1281761/000128176106000117/0001281761-06-000117-index.htm",
    "finalLink": "https://www.sec.gov/Archives/edgar/data/1281761/000128176106000117/rf10q106.htm"
  },
  {
    "date": "2005-12-31",
    "symbol": "RF",
    "reportedCurrency": "USD",
    "cik": "0001281761",
    "fillingDate": "2006-03-09",
    "acceptedDate": "2006-03-09 15:41:26",
    "calendarYear": "2005",
    "period": "Q4",
    "revenue": 1571945000,
    "costOfRevenue": 463247000,
    "grossProfit": 1108698000,
    "grossProfitRatio": 0.7053033026,
    "researchAndDevelopmentExpenses": 0,
    "generalAndAdministrativeExpenses": 436965000,
    "sellingAndMarketingExpenses": 0,
    "sellingGeneralAndAdministrativeExpenses": 436965000,
    "otherExpenses": 317071000,
    "operatingExpenses": 754036000,
    "costAndExpenses": 1217283000,
    "interestIncome": 1149160000,
    "interestExpense": 423247000,
    "depreciationAndAmortization": 60631000,
    "ebitda": 415293000,
    "ebitdaratio": 0.264190541,
    "operatingIncome": 354662000,
    "operatingIncomeRatio": 0.2256198531,
    "totalOtherIncomeExpensesNet": 0,
    "incomeBeforeTax": 354662000,
    "incomeBeforeTaxRatio": 0.2256198531,
    "incomeTaxExpense": 100666000,
    "netIncome": 253996000,
    "netIncomeRatio": 0.1615807169,
    "eps": 0.56,
    "epsdiluted": 0.56,
    "weightedAverageShsOut": 456442000,
    "weightedAverageShsOutDil": 456442000,
    "link": "https://www.sec.gov/Archives/edgar/data/1281761/000095014406002032/0000950144-06-002032-index.htm",
    "finalLink": "https://www.sec.gov/Archives/edgar/data/1281761/000095014406002032/g99734e10vk.htm"
  },
  {
    "date": "2005-09-30",
    "symbol": "RF",
    "reportedCurrency": "USD",
    "cik": "0001281761",
    "fillingDate": "2005-11-08",
    "acceptedDate": "2005-11-08 14:56:31",
    "calendarYear": "2005",
    "period": "Q3",
    "revenue": 1564167000,
    "costOfRevenue": 458932000,
    "grossProfit": 1105235000,
    "grossProfitRatio": 0.7065965463,
    "researchAndDevelopmentExpenses": 0,
    "generalAndAdministrativeExpenses": 437951000,
    "sellingAndMarketingExpenses": 0,
    "sellingGeneralAndAdministrativeExpenses": 437951000,
    "otherExpenses": 303172000,
    "operatingExpenses": 741123000,
    "costAndExpenses": 1200055000,
    "interestIncome": 1113855000,
    "interestExpense": 396432000,
    "depreciationAndAmortization": 80417000,
    "ebitda": 444529000,
    "ebitdaratio": 0.2841953577,
    "operatingIncome": 364112000,
    "operatingIncomeRatio": 0.2327833281,
    "totalOtherIncomeExpensesNet": 0,
    "incomeBeforeTax": 364112000,
    "incomeBeforeTaxRatio": 0.2327833281,
    "incomeTaxExpense": 107556000,
    "netIncome": 256556000,
    "netIncomeRatio": 0.1640208494,
    "eps": 0.56,
    "epsdiluted": 0.55,
    "weightedAverageShsOut": 459563000,
    "weightedAverageShsOutDil": 464250000,
    "link": "https://www.sec.gov/Archives/edgar/data/1281761/000128176105000211/0001281761-05-000211-index.htm",
    "finalLink": "https://www.sec.gov/Archives/edgar/data/1281761/000128176105000211/rf10q305.htm"
  },
  {
    "date": "2005-06-30",
    "symbol": "RF",
    "reportedCurrency": "USD",
    "cik": "0001281761",
    "fillingDate": "2005-08-09",
    "acceptedDate": "2005-08-09 14:41:25",
    "calendarYear": "2005",
    "period": "Q2",
    "revenue": 1564809000,
    "costOfRevenue": 391172000,
    "grossProfit": 1173637000,
    "grossProfitRatio": 0.7500193314,
    "researchAndDevelopmentExpenses": 0,
    "generalAndAdministrativeExpenses": 426443000,
    "sellingAndMarketingExpenses": 0,
    "sellingGeneralAndAdministrativeExpenses": 426443000,
    "otherExpenses": 391408000,
    "operatingExpenses": 817851000,
    "costAndExpenses": 1209023000,
    "interestIncome": 1055384000,
    "interestExpense": 358672000,
    "depreciationAndAmortization": 78663000,
    "ebitda": 434449000,
    "ebitdaratio": 0.277637079,
    "operatingIncome": 355786000,
    "operatingIncomeRatio": 0.2273670461,
    "totalOtherIncomeExpensesNet": 0,
    "incomeBeforeTax": 355786000,
    "incomeBeforeTaxRatio": 0.2273670461,
    "incomeTaxExpense": 107435000,
    "netIncome": 248351000,
    "netIncomeRatio": 0.1587101046,
    "eps": 0.54,
    "epsdiluted": 0.53,
    "weightedAverageShsOut": 462913000,
    "weightedAverageShsOutDil": 468193000,
    "link": "https://www.sec.gov/Archives/edgar/data/1281761/000128176105000185/0001281761-05-000185-index.htm",
    "finalLink": "https://www.sec.gov/Archives/edgar/data/1281761/000128176105000185/rf10q205.htm"
  },
  {
    "date": "2005-03-31",
    "symbol": "RF",
    "reportedCurrency": "USD",
    "cik": "0001281761",
    "fillingDate": "2005-05-09",
    "acceptedDate": "2005-05-09 17:04:08",
    "calendarYear": "2005",
    "period": "Q1",
    "revenue": 1422886000,
    "costOfRevenue": 341405000,
    "grossProfit": 1081481000,
    "grossProfitRatio": 0.7600615931,
    "researchAndDevelopmentExpenses": 0,
    "generalAndAdministrativeExpenses": 437658000,
    "sellingAndMarketingExpenses": 0,
    "sellingGeneralAndAdministrativeExpenses": 437658000,
    "otherExpenses": 296288000,
    "operatingExpenses": 733946000,
    "costAndExpenses": 1075351000,
    "interestIncome": 991976000,
    "interestExpense": 311405000,
    "depreciationAndAmortization": 77868000,
    "ebitda": 425403000,
    "ebitdaratio": 0.2989719486,
    "operatingIncome": 347535000,
    "operatingIncomeRatio": 0.2442465524,
    "totalOtherIncomeExpensesNet": 0,
    "incomeBeforeTax": 347535000,
    "incomeBeforeTaxRatio": 0.2442465524,
    "incomeTaxExpense": 105894000,
    "netIncome": 241641000,
    "netIncomeRatio": 0.1698245678,
    "eps": 0.52,
    "epsdiluted": 0.51,
    "weightedAverageShsOut": 465122000,
    "weightedAverageShsOutDil": 470759000,
    "link": "https://www.sec.gov/Archives/edgar/data/1281761/000128176105000120/0001281761-05-000120-index.htm",
    "finalLink": "https://www.sec.gov/Archives/edgar/data/1281761/000128176105000120/rf10q105.htm"
  },
  {
    "date": "2004-12-31",
    "symbol": "RF",
    "reportedCurrency": "USD",
    "cik": "0001281761",
    "fillingDate": "2005-03-14",
    "acceptedDate": "2005-03-14 15:05:16",
    "calendarYear": "2004",
    "period": "Q4",
    "revenue": 1359857000,
    "costOfRevenue": 324175000,
    "grossProfit": 1035682000,
    "grossProfitRatio": 0.7616109635,
    "researchAndDevelopmentExpenses": 0,
    "generalAndAdministrativeExpenses": 404012000,
    "sellingAndMarketingExpenses": 0,
    "sellingGeneralAndAdministrativeExpenses": 404012000,
    "otherExpenses": 288697000,
    "operatingExpenses": 692709000,
    "costAndExpenses": 1016884000,
    "interestIncome": 956446000,
    "interestExpense": 279175000,
    "depreciationAndAmortization": 105937000,
    "ebitda": 448910000,
    "ebitdaratio": 0.330115593,
    "operatingIncome": 342973000,
    "operatingIncomeRatio": 0.2522125488,
    "totalOtherIncomeExpensesNet": 0,
    "incomeBeforeTax": 342973000,
    "incomeBeforeTaxRatio": 0.2522125488,
    "incomeTaxExpense": 106513000,
    "netIncome": 236460000,
    "netIncomeRatio": 0.1738859307,
    "eps": 0.51,
    "epsdiluted": 0.51,
    "weightedAverageShsOut": 465122000,
    "weightedAverageShsOutDil": 465122000,
    "link": "https://www.sec.gov/Archives/edgar/data/1281761/000095014405002476/0000950144-05-002476-index.htm",
    "finalLink": "https://www.sec.gov/Archives/edgar/data/1281761/000095014405002476/g93593e10vk.htm"
  },
  {
    "date": "2004-09-30",
    "symbol": "RF",
    "reportedCurrency": "USD",
    "cik": "0001281761",
    "fillingDate": "2004-11-08",
    "acceptedDate": "2004-11-08 15:57:13",
    "calendarYear": "2004",
    "period": "Q3",
    "revenue": 1432484000,
    "costOfRevenue": 293274000,
    "grossProfit": 1139210000,
    "grossProfitRatio": 0.7952689175,
    "researchAndDevelopmentExpenses": 0,
    "generalAndAdministrativeExpenses": 422858000,
    "sellingAndMarketingExpenses": 0,
    "sellingGeneralAndAdministrativeExpenses": 422858000,
    "otherExpenses": 350617000,
    "operatingExpenses": 773475000,
    "costAndExpenses": 1066749000,
    "interestIncome": 925677000,
    "interestExpense": 249774000,
    "depreciationAndAmortization": 44932000,
    "ebitda": 410667000,
    "ebitdaratio": 0.2866817361,
    "operatingIncome": 365735000,
    "operatingIncomeRatio": 0.2553152426,
    "totalOtherIncomeExpensesNet": 0,
    "incomeBeforeTax": 365735000,
    "incomeBeforeTaxRatio": 0.2553152426,
    "incomeTaxExpense": 108989000,
    "netIncome": 256746000,
    "netIncomeRatio": 0.1792313213,
    "eps": 0.55,
    "epsdiluted": 0.55,
    "weightedAverageShsOut": 462606000,
    "weightedAverageShsOutDil": 468125000,
    "link": "https://www.sec.gov/Archives/edgar/data/1281761/000128176104000105/0001281761-04-000105-index.htm",
    "finalLink": "https://www.sec.gov/Archives/edgar/data/1281761/000128176104000105/rf10q304.htm"
  },
  {
    "date": "2004-06-30",
    "symbol": "RF",
    "reportedCurrency": "USD",
    "cik": "0001281761",
    "fillingDate": "2004-08-06",
    "acceptedDate": "2004-08-06 17:03:00",
    "calendarYear": "2004",
    "period": "Q2",
    "revenue": 885239000,
    "costOfRevenue": 182017000,
    "grossProfit": 703222000,
    "grossProfitRatio": 0.7943866007,
    "researchAndDevelopmentExpenses": 0,
    "generalAndAdministrativeExpenses": 288194000,
    "sellingAndMarketingExpenses": 0,
    "sellingGeneralAndAdministrativeExpenses": 288194000,
    "otherExpenses": 186535000,
    "operatingExpenses": 474729000,
    "costAndExpenses": 656746000,
    "interestIncome": 537880000,
    "interestExpense": 157017000,
    "depreciationAndAmortization": 48971000,
    "ebitda": 277464000,
    "ebitdaratio": 0.3134339992,
    "operatingIncome": 228493000,
    "operatingIncomeRatio": 0.2581144753,
    "totalOtherIncomeExpensesNet": 0,
    "incomeBeforeTax": 228493000,
    "incomeBeforeTaxRatio": 0.2581144753,
    "incomeTaxExpense": 66469000,
    "netIncome": 162024000,
    "netIncomeRatio": 0.1830285381,
    "eps": 0.48,
    "epsdiluted": 0.47,
    "weightedAverageShsOut": 334606000,
    "weightedAverageShsOutDil": 338977000,
    "link": "https://www.sec.gov/Archives/edgar/data/1281761/000128176104000068/0001281761-04-000068-index.htm",
    "finalLink": "https://www.sec.gov/Archives/edgar/data/1281761/000128176104000068/rf10q204.htm"
  },
  {
    "date": "2004-03-31",
    "symbol": "RF",
    "reportedCurrency": "USD",
    "cik": "0001281761",
    "fillingDate": "2004-03-31",
    "acceptedDate": "2004-03-31 00:00:00",
    "calendarYear": "2004",
    "period": "Q1",
    "revenue": 893662000,
    "costOfRevenue": 171685000,
    "grossProfit": 721977000,
    "grossProfitRatio": 0.8078859793,
    "researchAndDevelopmentExpenses": 0,
    "generalAndAdministrativeExpenses": 286903000,
    "sellingAndMarketingExpenses": 0,
    "sellingGeneralAndAdministrativeExpenses": 286903000,
    "otherExpenses": 196693000,
    "operatingExpenses": 483596000,
    "costAndExpenses": 655281000,
    "interestIncome": 535682000,
    "interestExpense": 156685000,
    "depreciationAndAmortization": 46331000,
    "ebitda": 284712000,
    "ebitdaratio": 0.31859025,
    "operatingIncome": 238381000,
    "operatingIncomeRatio": 0.2667462642,
    "totalOtherIncomeExpensesNet": 0,
    "incomeBeforeTax": 238381000,
    "incomeBeforeTaxRatio": 0.2667462642,
    "incomeTaxExpense": 69846000,
    "netIncome": 168535000,
    "netIncomeRatio": 0.1885891982,
    "eps": 0.61,
    "epsdiluted": 0.6,
    "weightedAverageShsOut": 273270000,
    "weightedAverageShsOutDil": 277278000,
    "link": "",
    "finalLink": ""
  },
  {
    "date": "2003-12-31",
    "symbol": "RF",
    "reportedCurrency": "USD",
    "cik": "0001281761",
    "fillingDate": "2003-12-31",
    "acceptedDate": "2003-12-31 00:00:00",
    "calendarYear": "2003",
    "period": "Q4",
    "revenue": 871646000,
    "costOfRevenue": 190759000,
    "grossProfit": 680887000,
    "grossProfitRatio": 0.7811508342,
    "researchAndDevelopmentExpenses": 0,
    "generalAndAdministrativeExpenses": 278862000,
    "sellingAndMarketingExpenses": 0,
    "sellingGeneralAndAdministrativeExpenses": 278862000,
    "otherExpenses": 173085000,
    "operatingExpenses": 451947000,
    "costAndExpenses": 642706000,
    "interestIncome": 540277000,
    "interestExpense": 160759000,
    "depreciationAndAmortization": 130307000,
    "ebitda": 359247000,
    "ebitdaratio": 0.4121478215,
    "operatingIncome": 228940000,
    "operatingIncomeRatio": 0.2626524988,
    "totalOtherIncomeExpensesNet": 0,
    "incomeBeforeTax": 228940000,
    "incomeBeforeTaxRatio": 0.2626524988,
    "incomeTaxExpense": 65187000,
    "netIncome": 163753000,
    "netIncomeRatio": 0.1878664045,
    "eps": 0.74,
    "epsdiluted": 0.74,
    "weightedAverageShsOut": 222070000,
    "weightedAverageShsOutDil": 222528000,
    "link": "",
    "finalLink": ""
  },
  {
    "date": "2003-09-30",
    "symbol": "RF",
    "reportedCurrency": "USD",
    "cik": "0001281761",
    "fillingDate": "2003-09-30",
    "acceptedDate": "2003-09-30 00:00:00",
    "calendarYear": "2003",
    "period": "Q3",
    "revenue": 888596000,
    "costOfRevenue": 202045000,
    "grossProfit": 686551000,
    "grossProfitRatio": 0.7726244548,
    "researchAndDevelopmentExpenses": 0,
    "generalAndAdministrativeExpenses": 281666000,
    "sellingAndMarketingExpenses": 0,
    "sellingGeneralAndAdministrativeExpenses": 281666000,
    "otherExpenses": 174511000,
    "operatingExpenses": 456177000,
    "costAndExpenses": 658222000,
    "interestIncome": 540921000,
    "interestExpense": 172045000,
    "depreciationAndAmortization": -39073000,
    "ebitda": 191301000,
    "ebitdaratio": 0.2152845613,
    "operatingIncome": 230374000,
    "operatingIncomeRatio": 0.2592561749,
    "totalOtherIncomeExpensesNet": 0,
    "incomeBeforeTax": 230374000,
    "incomeBeforeTaxRatio": 0.2592561749,
    "incomeTaxExpense": 65652000,
    "netIncome": 164722000,
    "netIncomeRatio": 0.1853733305,
    "eps": 0.74,
    "epsdiluted": 0.73,
    "weightedAverageShsOut": 222528000,
    "weightedAverageShsOutDil": 225699000,
    "link": "",
    "finalLink": ""
  },
  {
    "date": "2003-06-30",
    "symbol": "RF",
    "reportedCurrency": "USD",
    "cik": "0001281761",
    "fillingDate": "2003-06-30",
    "acceptedDate": "2003-06-30 00:00:00",
    "calendarYear": "2003",
    "period": "Q2",
    "revenue": 940070000,
    "costOfRevenue": 225645000,
    "grossProfit": 714425000,
    "grossProfitRatio": 0.7599700022,
    "researchAndDevelopmentExpenses": 0,
    "generalAndAdministrativeExpenses": 288937000,
    "sellingAndMarketingExpenses": 0,
    "sellingGeneralAndAdministrativeExpenses": 288937000,
    "otherExpenses": 195048000,
    "operatingExpenses": 483985000,
    "costAndExpenses": 709630000,
    "interestIncome": 561946000,
    "interestExpense": 195645000,
    "depreciationAndAmortization": 47045000,
    "ebitda": 277485000,
    "ebitdaratio": 0.2951748274,
    "operatingIncome": 230440000,
    "operatingIncomeRatio": 0.2451306818,
    "totalOtherIncomeExpensesNet": 0,
    "incomeBeforeTax": 230440000,
    "incomeBeforeTaxRatio": 0.2451306818,
    "incomeTaxExpense": 65674000,
    "netIncome": 164766000,
    "netIncomeRatio": 0.1752699267,
    "eps": 0.74,
    "epsdiluted": 0.73,
    "weightedAverageShsOut": 222213000,
    "weightedAverageShsOutDil": 225064000,
    "link": "",
    "finalLink": ""
  },
  {
    "date": "2003-03-31",
    "symbol": "RF",
    "reportedCurrency": "USD",
    "cik": "0001281761",
    "fillingDate": "2003-03-31",
    "acceptedDate": "2003-03-31 00:00:00",
    "calendarYear": "2003",
    "period": "Q1",
    "revenue": 917575000,
    "costOfRevenue": 247583000,
    "grossProfit": 669992000,
    "grossProfitRatio": 0.7301768248,
    "researchAndDevelopmentExpenses": 0,
    "generalAndAdministrativeExpenses": 272619000,
    "sellingAndMarketingExpenses": 0,
    "sellingGeneralAndAdministrativeExpenses": 272619000,
    "otherExpenses": 175555000,
    "operatingExpenses": 448174000,
    "costAndExpenses": 695757000,
    "interestIncome": 575986000,
    "interestExpense": 216083000,
    "depreciationAndAmortization": 42096000,
    "ebitda": 263914000,
    "ebitdaratio": 0.2876211754,
    "operatingIncome": 221818000,
    "operatingIncomeRatio": 0.2417437267,
    "totalOtherIncomeExpensesNet": 0,
    "incomeBeforeTax": 221818000,
    "incomeBeforeTaxRatio": 0.2417437267,
    "incomeTaxExpense": 63218000,
    "netIncome": 158600000,
    "netIncomeRatio": 0.1728469062,
    "eps": 0.72,
    "epsdiluted": 0.71,
    "weightedAverageShsOut": 221604000,
    "weightedAverageShsOutDil": 224059000,
    "link": "",
    "finalLink": ""
  },
  {
    "date": "2002-12-31",
    "symbol": "RF",
    "reportedCurrency": "USD",
    "cik": "0001281761",
    "fillingDate": "2002-12-31",
    "acceptedDate": "2002-12-31 00:00:00",
    "calendarYear": "2002",
    "period": "Q4",
    "revenue": 978889000,
    "costOfRevenue": 275934000,
    "grossProfit": 702955000,
    "grossProfitRatio": 0.7181151285,
    "researchAndDevelopmentExpenses": 0,
    "generalAndAdministrativeExpenses": 280660000,
    "sellingAndMarketingExpenses": 0,
    "sellingGeneralAndAdministrativeExpenses": 280660000,
    "otherExpenses": 203182000,
    "operatingExpenses": 483842000,
    "costAndExpenses": 759776000,
    "interestIncome": 616000000,
    "interestExpense": 243434000,
    "depreciationAndAmortization": 32403000,
    "ebitda": 251516000,
    "ebitdaratio": 0.256940266,
    "operatingIncome": 219113000,
    "operatingIncomeRatio": 0.2238384536,
    "totalOtherIncomeExpensesNet": 0,
    "incomeBeforeTax": 219113000,
    "incomeBeforeTaxRatio": 0.2238384536,
    "incomeTaxExpense": 62879000,
    "netIncome": 156234000,
    "netIncomeRatio": 0.1596033871,
    "eps": 0.71,
    "epsdiluted": 0.71,
    "weightedAverageShsOut": 221225000,
    "weightedAverageShsOutDil": 221604000,
    "link": "",
    "finalLink": ""
  },
  {
    "date": "2002-09-30",
    "symbol": "RF",
    "reportedCurrency": "USD",
    "cik": "0001281761",
    "fillingDate": "2002-09-30",
    "acceptedDate": "2002-09-30 00:00:00",
    "calendarYear": "2002",
    "period": "Q3",
    "revenue": 967375000,
    "costOfRevenue": 295549000,
    "grossProfit": 671826000,
    "grossProfitRatio": 0.694483525,
    "researchAndDevelopmentExpenses": 0,
    "generalAndAdministrativeExpenses": 258264000,
    "sellingAndMarketingExpenses": 0,
    "sellingGeneralAndAdministrativeExpenses": 258264000,
    "otherExpenses": 194187000,
    "operatingExpenses": 452451000,
    "costAndExpenses": 748000000,
    "interestIncome": 640694000,
    "interestExpense": 260549000,
    "depreciationAndAmortization": 65411000,
    "ebitda": 284786000,
    "ebitdaratio": 0.2943904897,
    "operatingIncome": 219375000,
    "operatingIncomeRatio": 0.2267734849,
    "totalOtherIncomeExpensesNet": 0,
    "incomeBeforeTax": 219375000,
    "incomeBeforeTaxRatio": 0.2267734849,
    "incomeTaxExpense": 62896000,
    "netIncome": 156479000,
    "netIncomeRatio": 0.1617562993,
    "eps": 0.71,
    "epsdiluted": 0.7,
    "weightedAverageShsOut": 221282000,
    "weightedAverageShsOutDil": 224438000,
    "link": null,
    "finalLink": null
  },
  {
    "date": "2002-06-30",
    "symbol": "RF",
    "reportedCurrency": "USD",
    "cik": "0001281761",
    "fillingDate": "2002-06-30",
    "acceptedDate": "2002-06-30 00:00:00",
    "calendarYear": "2002",
    "period": "Q2",
    "revenue": 929419000,
    "costOfRevenue": 293628000,
    "grossProfit": 635791000,
    "grossProfitRatio": 0.6840735987,
    "researchAndDevelopmentExpenses": 0,
    "generalAndAdministrativeExpenses": 250283000,
    "sellingAndMarketingExpenses": 0,
    "sellingGeneralAndAdministrativeExpenses": 250283000,
    "otherExpenses": 170790000,
    "operatingExpenses": 421073000,
    "costAndExpenses": 714701000,
    "interestIncome": 638719000,
    "interestExpense": 263628000,
    "depreciationAndAmortization": 40545000,
    "ebitda": 255263000,
    "ebitdaratio": 0.2746479252,
    "operatingIncome": 214718000,
    "operatingIncomeRatio": 0.2310238977,
    "totalOtherIncomeExpensesNet": 0,
    "incomeBeforeTax": 214718000,
    "incomeBeforeTaxRatio": 0.2310238977,
    "incomeTaxExpense": 61592000,
    "netIncome": 153126000,
    "netIncomeRatio": 0.1647545402,
    "eps": 0.68,
    "epsdiluted": 0.67,
    "weightedAverageShsOut": 224878000,
    "weightedAverageShsOutDil": 229112000,
    "link": null,
    "finalLink": null
  },
  {
    "date": "2002-03-31",
    "symbol": "RF",
    "reportedCurrency": "USD",
    "cik": "0001281761",
    "fillingDate": "2002-03-31",
    "acceptedDate": "2002-03-31 00:00:00",
    "calendarYear": "2002",
    "period": "Q1",
    "revenue": 920184000,
    "costOfRevenue": 301790000,
    "grossProfit": 618394000,
    "grossProfitRatio": 0.6720329847,
    "researchAndDevelopmentExpenses": 0,
    "generalAndAdministrativeExpenses": 237362000,
    "sellingAndMarketingExpenses": 0,
    "sellingGeneralAndAdministrativeExpenses": 237362000,
    "otherExpenses": 164998000,
    "operatingExpenses": 402360000,
    "costAndExpenses": 704150000,
    "interestIncome": 641576000,
    "interestExpense": 271790000,
    "depreciationAndAmortization": 36873000,
    "ebitda": 252907000,
    "ebitdaratio": 0.2748439443,
    "operatingIncome": 216034000,
    "operatingIncomeRatio": 0.2347726107,
    "totalOtherIncomeExpensesNet": 0,
    "incomeBeforeTax": 216034000,
    "incomeBeforeTaxRatio": 0.2347726107,
    "incomeTaxExpense": 61971000,
    "netIncome": 154063000,
    "netIncomeRatio": 0.1674262973,
    "eps": 0.67,
    "epsdiluted": 0.66,
    "weightedAverageShsOut": 229958000,
    "weightedAverageShsOutDil": 233165000,
    "link": null,
    "finalLink": null
  },
  {
    "date": "2001-12-31",
    "symbol": "RF",
    "reportedCurrency": "USD",
    "cik": "0001281761",
    "fillingDate": "2001-12-31",
    "acceptedDate": "2001-12-31 00:00:00",
    "calendarYear": "2001",
    "period": "Q4",
    "revenue": 1004009000,
    "costOfRevenue": 404371000,
    "grossProfit": 599638000,
    "grossProfitRatio": 0.5972436502,
    "researchAndDevelopmentExpenses": 0,
    "generalAndAdministrativeExpenses": 238152000,
    "sellingAndMarketingExpenses": 0,
    "sellingGeneralAndAdministrativeExpenses": 238152000,
    "otherExpenses": 169416000,
    "operatingExpenses": 407568000,
    "costAndExpenses": 811939000,
    "interestIncome": 697854000,
    "interestExpense": 326459000,
    "depreciationAndAmortization": 46962000,
    "ebitda": 239032000,
    "ebitdaratio": 0.2380775471,
    "operatingIncome": 192070000,
    "operatingIncomeRatio": 0.191303066,
    "totalOtherIncomeExpensesNet": 0,
    "incomeBeforeTax": 192070000,
    "incomeBeforeTaxRatio": 0.191303066,
    "incomeTaxExpense": 53886000,
    "netIncome": 138184000,
    "netIncomeRatio": 0.1376322324,
    "eps": 0.61,
    "epsdiluted": 0.61,
    "weightedAverageShsOut": 227657000,
    "weightedAverageShsOutDil": 227657000,
    "link": null,
    "finalLink": null
  },
  {
    "date": "2001-09-30",
    "symbol": "RF",
    "reportedCurrency": "USD",
    "cik": "0001281761",
    "fillingDate": "2001-09-30",
    "acceptedDate": "2001-09-30 00:00:00",
    "calendarYear": "2001",
    "period": "Q3",
    "revenue": 1020320000,
    "costOfRevenue": 430283000,
    "grossProfit": 590037000,
    "grossProfitRatio": 0.5782862239,
    "researchAndDevelopmentExpenses": 0,
    "generalAndAdministrativeExpenses": 230922000,
    "sellingAndMarketingExpenses": 0,
    "sellingGeneralAndAdministrativeExpenses": 230922000,
    "otherExpenses": 167739000,
    "operatingExpenses": 398661000,
    "costAndExpenses": 828944000,
    "interestIncome": 756095000,
    "interestExpense": 400283000,
    "depreciationAndAmortization": 52996000,
    "ebitda": 244372000,
    "ebitdaratio": 0.2395052533,
    "operatingIncome": 191376000,
    "operatingIncomeRatio": 0.1875646856,
    "totalOtherIncomeExpensesNet": 0,
    "incomeBeforeTax": 191376000,
    "incomeBeforeTaxRatio": 0.1875646856,
    "incomeTaxExpense": 56177000,
    "netIncome": 135199000,
    "netIncomeRatio": 0.1325064686,
    "eps": 0.59,
    "epsdiluted": 0.59,
    "weightedAverageShsOut": 227657000,
    "weightedAverageShsOutDil": 230383000,
    "link": null,
    "finalLink": null
  },
  {
    "date": "2001-06-30",
    "symbol": "RF",
    "reportedCurrency": "USD",
    "cik": "0001281761",
    "fillingDate": "2001-06-30",
    "acceptedDate": "2001-06-30 00:00:00",
    "calendarYear": "2001",
    "period": "Q2",
    "revenue": 1070290000,
    "costOfRevenue": 472258000,
    "grossProfit": 598032000,
    "grossProfitRatio": 0.5587569724,
    "researchAndDevelopmentExpenses": 0,
    "generalAndAdministrativeExpenses": 251223000,
    "sellingAndMarketingExpenses": 0,
    "sellingGeneralAndAdministrativeExpenses": 251223000,
    "otherExpenses": 184987000,
    "operatingExpenses": 436210000,
    "costAndExpenses": 908468000,
    "interestIncome": 794420000,
    "interestExpense": 443268000,
    "depreciationAndAmortization": 41883000,
    "ebitda": 203705000,
    "ebitdaratio": 0.1903269207,
    "operatingIncome": 161822000,
    "operatingIncomeRatio": 0.1511945361,
    "totalOtherIncomeExpensesNet": 0,
    "incomeBeforeTax": 161822000,
    "incomeBeforeTaxRatio": 0.1511945361,
    "incomeTaxExpense": 49023000,
    "netIncome": 112799000,
    "netIncomeRatio": 0.1053910622,
    "eps": 0.5,
    "epsdiluted": 0.49,
    "weightedAverageShsOut": 227603000,
    "weightedAverageShsOutDil": 230422000,
    "link": null,
    "finalLink": null
  },
  {
    "date": "2001-03-31",
    "symbol": "RF",
    "reportedCurrency": "USD",
    "cik": "0001281761",
    "fillingDate": "2001-03-31",
    "acceptedDate": "2001-03-31 00:00:00",
    "calendarYear": "2001",
    "period": "Q1",
    "revenue": 954689000,
    "costOfRevenue": 488634000,
    "grossProfit": 466055000,
    "grossProfitRatio": 0.4881746831,
    "researchAndDevelopmentExpenses": 0,
    "generalAndAdministrativeExpenses": 159391000,
    "sellingAndMarketingExpenses": 0,
    "sellingGeneralAndAdministrativeExpenses": 159391000,
    "otherExpenses": 133981000,
    "operatingExpenses": 293372000,
    "costAndExpenses": 782006000,
    "interestIncome": 807268000,
    "interestExpense": 460134000,
    "depreciationAndAmortization": 36905000,
    "ebitda": 209588000,
    "ebitdaratio": 0.219535367,
    "operatingIncome": 172683000,
    "operatingIncomeRatio": 0.1808787993,
    "totalOtherIncomeExpensesNet": 0,
    "incomeBeforeTax": 172683000,
    "incomeBeforeTaxRatio": 0.1808787993,
    "incomeTaxExpense": 49931000,
    "netIncome": 122752000,
    "netIncomeRatio": 0.1285779977,
    "eps": 0.57,
    "epsdiluted": 0.57,
    "weightedAverageShsOut": 214872000,
    "weightedAverageShsOutDil": 216648000,
    "link": null,
    "finalLink": null
  },
  {
    "date": "2000-12-31",
    "symbol": "RF",
    "reportedCurrency": "USD",
    "cik": "0001281761",
    "fillingDate": "2000-12-31",
    "acceptedDate": "2000-12-31 00:00:00",
    "calendarYear": "2000",
    "period": "Q4",
    "revenue": 986754000,
    "costOfRevenue": 530234000,
    "grossProfit": 456520000,
    "grossProfitRatio": 0.4626482386,
    "researchAndDevelopmentExpenses": 0,
    "generalAndAdministrativeExpenses": 150492000,
    "sellingAndMarketingExpenses": 0,
    "sellingGeneralAndAdministrativeExpenses": 150492000,
    "otherExpenses": 153429000,
    "operatingExpenses": 303921000,
    "costAndExpenses": 834155000,
    "interestIncome": 836733000,
    "interestExpense": 492862000,
    "depreciationAndAmortization": 33363000,
    "ebitda": 185962000,
    "ebitdaratio": 0.1884583189,
    "operatingIncome": 152599000,
    "operatingIncomeRatio": 0.1546474603,
    "totalOtherIncomeExpensesNet": 0,
    "incomeBeforeTax": 152599000,
    "incomeBeforeTaxRatio": 0.1546474603,
    "incomeTaxExpense": 24233000,
    "netIncome": 128366000,
    "netIncomeRatio": 0.130089161,
    "eps": 0.58,
    "epsdiluted": 0.58,
    "weightedAverageShsOut": 219769000,
    "weightedAverageShsOutDil": 220424000,
    "link": null,
    "finalLink": null
  },
  {
    "date": "2000-09-30",
    "symbol": "RF",
    "reportedCurrency": "USD",
    "cik": "0001281761",
    "fillingDate": "2000-09-30",
    "acceptedDate": "2000-09-30 00:00:00",
    "calendarYear": "2000",
    "period": "Q3",
    "revenue": 971441000,
    "costOfRevenue": 515321000,
    "grossProfit": 456120000,
    "grossProfitRatio": 0.4695292869,
    "researchAndDevelopmentExpenses": 0,
    "generalAndAdministrativeExpenses": 144868000,
    "sellingAndMarketingExpenses": 0,
    "sellingGeneralAndAdministrativeExpenses": 144868000,
    "otherExpenses": 128471000,
    "operatingExpenses": 273339000,
    "costAndExpenses": 788660000,
    "interestIncome": 824694000,
    "interestExpense": 482575000,
    "depreciationAndAmortization": 35394000,
    "ebitda": 218175000,
    "ebitdaratio": 0.2245890383,
    "operatingIncome": 182781000,
    "operatingIncomeRatio": 0.1881545045,
    "totalOtherIncomeExpensesNet": 0,
    "incomeBeforeTax": 182781000,
    "incomeBeforeTaxRatio": 0.1881545045,
    "incomeTaxExpense": 54922000,
    "netIncome": 127859000,
    "netIncomeRatio": 0.1316178749,
    "eps": 0.58,
    "epsdiluted": 0.58,
    "weightedAverageShsOut": 220424000,
    "weightedAverageShsOutDil": 221615000,
    "link": null,
    "finalLink": null
  },
  {
    "date": "2000-06-30",
    "symbol": "RF",
    "reportedCurrency": "USD",
    "cik": "0001281761",
    "fillingDate": "2000-06-30",
    "acceptedDate": "2000-06-30 00:00:00",
    "calendarYear": "2000",
    "period": "Q2",
    "revenue": 930237000,
    "costOfRevenue": 471700000,
    "grossProfit": 458537000,
    "grossProfitRatio": 0.4929249213,
    "researchAndDevelopmentExpenses": 0,
    "generalAndAdministrativeExpenses": 146244000,
    "sellingAndMarketingExpenses": 0,
    "sellingGeneralAndAdministrativeExpenses": 146244000,
    "otherExpenses": 126543000,
    "operatingExpenses": 272787000,
    "costAndExpenses": 744487000,
    "interestIncome": 792587000,
    "interestExpense": 443896000,
    "depreciationAndAmortization": 34869000,
    "ebitda": 220619000,
    "ebitdaratio": 0.2371642925,
    "operatingIncome": 185750000,
    "operatingIncomeRatio": 0.1996802965,
    "totalOtherIncomeExpensesNet": 0,
    "incomeBeforeTax": 185750000,
    "incomeBeforeTaxRatio": 0.1996802965,
    "incomeTaxExpense": 60457000,
    "netIncome": 125293000,
    "netIncomeRatio": 0.1346893319,
    "eps": 0.57,
    "epsdiluted": 0.57,
    "weightedAverageShsOut": 220264000,
    "weightedAverageShsOutDil": 221426000,
    "link": null,
    "finalLink": null
  },
  {
    "date": "2000-03-31",
    "symbol": "RF",
    "reportedCurrency": "USD",
    "cik": "0001281761",
    "fillingDate": "2000-03-31",
    "acceptedDate": "2000-03-31 00:00:00",
    "calendarYear": "2000",
    "period": "Q1",
    "revenue": 947021000,
    "costOfRevenue": 455290000,
    "grossProfit": 491731000,
    "grossProfitRatio": 0.5192398057,
    "researchAndDevelopmentExpenses": 0,
    "generalAndAdministrativeExpenses": 147253000,
    "sellingAndMarketingExpenses": 0,
    "sellingGeneralAndAdministrativeExpenses": 147253000,
    "otherExpenses": 123882000,
    "operatingExpenses": 271135000,
    "costAndExpenses": 726425000,
    "interestIncome": 780229000,
    "interestExpense": 426113000,
    "depreciationAndAmortization": 34701000,
    "ebitda": 255297000,
    "ebitdaratio": 0.2695790273,
    "operatingIncome": 220596000,
    "operatingIncomeRatio": 0.2329367564,
    "totalOtherIncomeExpensesNet": 0,
    "incomeBeforeTax": 220596000,
    "incomeBeforeTaxRatio": 0.2329367564,
    "incomeTaxExpense": 74591000,
    "netIncome": 146005000,
    "netIncomeRatio": 0.1541729275,
    "eps": 0.66,
    "epsdiluted": 0.66,
    "weightedAverageShsOut": 221229000,
    "weightedAverageShsOutDil": 222549000,
    "link": null,
    "finalLink": null
  },
  {
    "date": "1999-12-31",
    "symbol": "RF",
    "reportedCurrency": "USD",
    "cik": "0001281761",
    "fillingDate": "1999-12-31",
    "acceptedDate": "1999-12-31 00:00:00",
    "calendarYear": "1999",
    "period": "Q4",
    "revenue": 897000000,
    "costOfRevenue": 435800000,
    "grossProfit": 461200000,
    "grossProfitRatio": 0.5141583055,
    "researchAndDevelopmentExpenses": 0,
    "generalAndAdministrativeExpenses": 135700000,
    "sellingAndMarketingExpenses": 0,
    "sellingGeneralAndAdministrativeExpenses": 135700000,
    "otherExpenses": 140600000,
    "operatingExpenses": 276300000,
    "costAndExpenses": 712100000,
    "interestIncome": 758100000,
    "interestExpense": 397500000,
    "depreciationAndAmortization": 35800000,
    "ebitda": 220700000,
    "ebitdaratio": 0.2460423634,
    "operatingIncome": 184900000,
    "operatingIncomeRatio": 0.2061315496,
    "totalOtherIncomeExpensesNet": 0,
    "incomeBeforeTax": 184900000,
    "incomeBeforeTaxRatio": 0.2061315496,
    "incomeTaxExpense": 55800000,
    "netIncome": 129100000,
    "netIncomeRatio": 0.1439241918,
    "eps": 0.58,
    "epsdiluted": 0.58,
    "weightedAverageShsOut": 220636000,
    "weightedAverageShsOutDil": 222034000,
    "link": null,
    "finalLink": null
  },
  {
    "date": "1999-09-30",
    "symbol": "RF",
    "reportedCurrency": "USD",
    "cik": "0001281761",
    "fillingDate": "1999-09-30",
    "acceptedDate": "1999-09-30 00:00:00",
    "calendarYear": "1999",
    "period": "Q3",
    "revenue": 865300000,
    "costOfRevenue": 402300000,
    "grossProfit": 463000000,
    "grossProfitRatio": 0.5350745406,
    "researchAndDevelopmentExpenses": 0,
    "generalAndAdministrativeExpenses": 140600000,
    "sellingAndMarketingExpenses": 0,
    "sellingGeneralAndAdministrativeExpenses": 140600000,
    "otherExpenses": 124600000,
    "operatingExpenses": 265200000,
    "costAndExpenses": 667500000,
    "interestIncome": 732000000,
    "interestExpense": 371600000,
    "depreciationAndAmortization": 32500000,
    "ebitda": 230300000,
    "ebitdaratio": 0.266150468,
    "operatingIncome": 197800000,
    "operatingIncomeRatio": 0.22859124,
    "totalOtherIncomeExpensesNet": 0,
    "incomeBeforeTax": 197800000,
    "incomeBeforeTaxRatio": 0.22859124,
    "incomeTaxExpense": 66800000,
    "netIncome": 131000000,
    "netIncomeRatio": 0.1513925806,
    "eps": 0.59,
    "epsdiluted": 0.59,
    "weightedAverageShsOut": 221696000,
    "weightedAverageShsOutDil": 222034000,
    "link": null,
    "finalLink": null
  },
  {
    "date": "1999-06-30",
    "symbol": "RF",
    "reportedCurrency": "USD",
    "cik": "0001281761",
    "fillingDate": "1999-06-30",
    "acceptedDate": "1999-06-30 00:00:00",
    "calendarYear": "1999",
    "period": "Q2",
    "revenue": 829591000,
    "costOfRevenue": 359800000,
    "grossProfit": 469791000,
    "grossProfitRatio": 0.5662923055,
    "researchAndDevelopmentExpenses": 0,
    "generalAndAdministrativeExpenses": 138700000,
    "sellingAndMarketingExpenses": 0,
    "sellingGeneralAndAdministrativeExpenses": 138700000,
    "otherExpenses": 121591000,
    "operatingExpenses": 260291000,
    "costAndExpenses": 620091000,
    "interestIncome": 707800000,
    "interestExpense": 335900000,
    "depreciationAndAmortization": 31010000,
    "ebitda": 240510000,
    "ebitdaratio": 0.2899139455,
    "operatingIncome": 209500000,
    "operatingIncomeRatio": 0.25253408,
    "totalOtherIncomeExpensesNet": 0,
    "incomeBeforeTax": 209500000,
    "incomeBeforeTaxRatio": 0.25253408,
    "incomeTaxExpense": 67500000,
    "netIncome": 142000000,
    "netIncomeRatio": 0.1711686843,
    "eps": 0.63,
    "epsdiluted": 0.63,
    "weightedAverageShsOut": 225397000,
    "weightedAverageShsOutDil": 225397000,
    "link": null,
    "finalLink": null
  },
  {
    "date": "1999-03-31",
    "symbol": "RF",
    "reportedCurrency": "USD",
    "cik": "0001281761",
    "fillingDate": "1999-03-31",
    "acceptedDate": "1999-03-31 00:00:00",
    "calendarYear": "1999",
    "period": "Q1",
    "revenue": 809556000,
    "costOfRevenue": 344582000,
    "grossProfit": 464974000,
    "grossProfitRatio": 0.5743568079,
    "researchAndDevelopmentExpenses": 0,
    "generalAndAdministrativeExpenses": 136649000,
    "sellingAndMarketingExpenses": 0,
    "sellingGeneralAndAdministrativeExpenses": 136649000,
    "otherExpenses": 125926000,
    "operatingExpenses": 262575000,
    "costAndExpenses": 607157000,
    "interestIncome": 666441000,
    "interestExpense": 323844000,
    "depreciationAndAmortization": 31390000,
    "ebitda": 233789000,
    "ebitdaratio": 0.288786693,
    "operatingIncome": 202399000,
    "operatingIncomeRatio": 0.2500123524,
    "totalOtherIncomeExpensesNet": 0,
    "incomeBeforeTax": 202399000,
    "incomeBeforeTaxRatio": 0.2500123524,
    "incomeTaxExpense": 73019000,
    "netIncome": 129380000,
    "netIncomeRatio": 0.1598159979,
    "eps": 0.58,
    "epsdiluted": 0.57,
    "weightedAverageShsOut": 222408000,
    "weightedAverageShsOutDil": 223770000,
    "link": null,
    "finalLink": null
  },
  {
    "date": "1998-12-31",
    "symbol": "RF",
    "reportedCurrency": "USD",
    "cik": "0001281761",
    "fillingDate": "1998-12-31",
    "acceptedDate": "1998-12-31 00:00:00",
    "calendarYear": "1998",
    "period": "Q4",
    "revenue": 796000000,
    "costOfRevenue": 343800000,
    "grossProfit": 452200000,
    "grossProfitRatio": 0.5680904523,
    "researchAndDevelopmentExpenses": 0,
    "generalAndAdministrativeExpenses": 137300000,
    "sellingAndMarketingExpenses": 0,
    "sellingGeneralAndAdministrativeExpenses": 137300000,
    "otherExpenses": 126400000,
    "operatingExpenses": 263700000,
    "costAndExpenses": 607500000,
    "interestIncome": 665300000,
    "interestExpense": 324800000,
    "depreciationAndAmortization": 31600000,
    "ebitda": 220100000,
    "ebitdaratio": 0.2765075377,
    "operatingIncome": 188500000,
    "operatingIncomeRatio": 0.2368090452,
    "totalOtherIncomeExpensesNet": 0,
    "incomeBeforeTax": 188500000,
    "incomeBeforeTaxRatio": 0.2368090452,
    "incomeTaxExpense": 61500000,
    "netIncome": 127000000,
    "netIncomeRatio": 0.1595477387,
    "eps": 0.57,
    "epsdiluted": 0.57,
    "weightedAverageShsOut": 218766000,
    "weightedAverageShsOutDil": 223043000,
    "link": null,
    "finalLink": null
  },
  {
    "date": "1998-09-30",
    "symbol": "RF",
    "reportedCurrency": "USD",
    "cik": "0001281761",
    "fillingDate": "1998-09-30",
    "acceptedDate": "1998-09-30 00:00:00",
    "calendarYear": "1998",
    "period": "Q3",
    "revenue": 771600000,
    "costOfRevenue": 344000000,
    "grossProfit": 427600000,
    "grossProfitRatio": 0.5541731467,
    "researchAndDevelopmentExpenses": 0,
    "generalAndAdministrativeExpenses": 125400000,
    "sellingAndMarketingExpenses": 0,
    "sellingGeneralAndAdministrativeExpenses": 125400000,
    "otherExpenses": 224100000,
    "operatingExpenses": 349500000,
    "costAndExpenses": 693500000,
    "interestIncome": 657300000,
    "interestExpense": 331500000,
    "depreciationAndAmortization": 52900000,
    "ebitda": 131000000,
    "ebitdaratio": 0.1697770866,
    "operatingIncome": 78100000,
    "operatingIncomeRatio": 0.1012182478,
    "totalOtherIncomeExpensesNet": 0,
    "incomeBeforeTax": 78100000,
    "incomeBeforeTaxRatio": 0.1012182478,
    "incomeTaxExpense": 26800000,
    "netIncome": 51300000,
    "netIncomeRatio": 0.0664852255,
    "eps": 0.23,
    "epsdiluted": 0.23,
    "weightedAverageShsOut": 223043000,
    "weightedAverageShsOutDil": 223043000,
    "link": null,
    "finalLink": null
  },
  {
    "date": "1998-06-30",
    "symbol": "RF",
    "reportedCurrency": "USD",
    "cik": "0001281761",
    "fillingDate": "1998-06-30",
    "acceptedDate": "1998-06-30 00:00:00",
    "calendarYear": "1998",
    "period": "Q2",
    "revenue": 768500000,
    "costOfRevenue": 329500000,
    "grossProfit": 439000000,
    "grossProfitRatio": 0.5712426805,
    "researchAndDevelopmentExpenses": 0,
    "generalAndAdministrativeExpenses": 134400000,
    "sellingAndMarketingExpenses": 0,
    "sellingGeneralAndAdministrativeExpenses": 134400000,
    "otherExpenses": 114100000,
    "operatingExpenses": 248500000,
    "costAndExpenses": 578000000,
    "interestIncome": 647200000,
    "interestExpense": 315000000,
    "depreciationAndAmortization": 27800000,
    "ebitda": 218300000,
    "ebitdaratio": 0.2840598569,
    "operatingIncome": 190500000,
    "operatingIncomeRatio": 0.2478854912,
    "totalOtherIncomeExpensesNet": 0,
    "incomeBeforeTax": 190500000,
    "incomeBeforeTaxRatio": 0.2478854912,
    "incomeTaxExpense": 64100000,
    "netIncome": 126400000,
    "netIncomeRatio": 0.1644762524,
    "eps": 0.57,
    "epsdiluted": 0.56,
    "weightedAverageShsOut": 149333000,
    "weightedAverageShsOutDil": 151864000,
    "link": null,
    "finalLink": null
  },
  {
    "date": "1998-03-31",
    "symbol": "RF",
    "reportedCurrency": "USD",
    "cik": "0001281761",
    "fillingDate": "1998-03-31",
    "acceptedDate": "1998-03-31 00:00:00",
    "calendarYear": "1998",
    "period": "Q1",
    "revenue": 736500000,
    "costOfRevenue": 316200000,
    "grossProfit": 420300000,
    "grossProfitRatio": 0.5706720978,
    "researchAndDevelopmentExpenses": 0,
    "generalAndAdministrativeExpenses": 131300000,
    "sellingAndMarketingExpenses": 0,
    "sellingGeneralAndAdministrativeExpenses": 131300000,
    "otherExpenses": 110700000,
    "operatingExpenses": 242000000,
    "costAndExpenses": 558200000,
    "interestIncome": 628100000,
    "interestExpense": 301800000,
    "depreciationAndAmortization": 26100000,
    "ebitda": 204400000,
    "ebitdaratio": 0.2775288527,
    "operatingIncome": 178300000,
    "operatingIncomeRatio": 0.2420909708,
    "totalOtherIncomeExpensesNet": 0,
    "incomeBeforeTax": 178300000,
    "incomeBeforeTaxRatio": 0.2420909708,
    "incomeTaxExpense": 61200000,
    "netIncome": 117100000,
    "netIncomeRatio": 0.1589952478,
    "eps": 0.53,
    "epsdiluted": 0.52,
    "weightedAverageShsOut": 148621000,
    "weightedAverageShsOutDil": 151228000,
    "link": null,
    "finalLink": null
  },
  {
    "date": "1997-12-31",
    "symbol": "RF",
    "reportedCurrency": "USD",
    "cik": "0001281761",
    "fillingDate": "1997-12-31",
    "acceptedDate": "1997-12-31 00:00:00",
    "calendarYear": "1997",
    "period": "Q4",
    "revenue": 504200000,
    "costOfRevenue": 231500000,
    "grossProfit": 272700000,
    "grossProfitRatio": 0.5408568029,
    "researchAndDevelopmentExpenses": 0,
    "generalAndAdministrativeExpenses": 83900000,
    "sellingAndMarketingExpenses": 0,
    "sellingGeneralAndAdministrativeExpenses": 83900000,
    "otherExpenses": 74800000,
    "operatingExpenses": 158700000,
    "costAndExpenses": 390200000,
    "interestIncome": 436000000,
    "interestExpense": 221100000,
    "depreciationAndAmortization": 20000000,
    "ebitda": 134000000,
    "ebitdaratio": 0.2657675526,
    "operatingIncome": 114000000,
    "operatingIncomeRatio": 0.2261007537,
    "totalOtherIncomeExpensesNet": 0,
    "incomeBeforeTax": 114000000,
    "incomeBeforeTaxRatio": 0.2261007537,
    "incomeTaxExpense": 35000000,
    "netIncome": 79000000,
    "netIncomeRatio": 0.1566838556,
    "eps": 0.57,
    "epsdiluted": 0.57,
    "weightedAverageShsOut": 137500000,
    "weightedAverageShsOutDil": 137500000,
    "link": null,
    "finalLink": null
  },
  {
    "date": "1997-09-30",
    "symbol": "RF",
    "reportedCurrency": "USD",
    "cik": "0001281761",
    "fillingDate": "1997-09-30",
    "acceptedDate": "1997-09-30 00:00:00",
    "calendarYear": "1997",
    "period": "Q3",
    "revenue": 678300000,
    "costOfRevenue": 310400000,
    "grossProfit": 367900000,
    "grossProfitRatio": 0.5423853752,
    "researchAndDevelopmentExpenses": 0,
    "generalAndAdministrativeExpenses": 121800000,
    "sellingAndMarketingExpenses": 0,
    "sellingGeneralAndAdministrativeExpenses": 121800000,
    "otherExpenses": 108200000,
    "operatingExpenses": 230000000,
    "costAndExpenses": 540400000,
    "interestIncome": 580100000,
    "interestExpense": 279600000,
    "depreciationAndAmortization": 40800000,
    "ebitda": 178700000,
    "ebitdaratio": 0.2634527495,
    "operatingIncome": 137900000,
    "operatingIncomeRatio": 0.2033023736,
    "totalOtherIncomeExpensesNet": 0,
    "incomeBeforeTax": 137900000,
    "incomeBeforeTaxRatio": 0.2033023736,
    "incomeTaxExpense": 45700000,
    "netIncome": 76800000,
    "netIncomeRatio": 0.1132242371,
    "eps": 0.48,
    "epsdiluted": 0.48,
    "weightedAverageShsOut": 160000000,
    "weightedAverageShsOutDil": 160000000,
    "link": null,
    "finalLink": null
  },
  {
    "date": "1997-06-30",
    "symbol": "RF",
    "reportedCurrency": "USD",
    "cik": "0001281761",
    "fillingDate": "1997-06-30",
    "acceptedDate": "1997-06-30 00:00:00",
    "calendarYear": "1997",
    "period": "Q2",
    "revenue": 502400000,
    "costOfRevenue": 226200000,
    "grossProfit": 276200000,
    "grossProfitRatio": 0.5497611465,
    "researchAndDevelopmentExpenses": 0,
    "generalAndAdministrativeExpenses": 88800000,
    "sellingAndMarketingExpenses": 0,
    "sellingGeneralAndAdministrativeExpenses": 88800000,
    "otherExpenses": 72100000,
    "operatingExpenses": 160900000,
    "costAndExpenses": 387100000,
    "interestIncome": 436900000,
    "interestExpense": 215100000,
    "depreciationAndAmortization": 18800000,
    "ebitda": 134100000,
    "ebitdaratio": 0.2669187898,
    "operatingIncome": 115300000,
    "operatingIncomeRatio": 0.2294984076,
    "totalOtherIncomeExpensesNet": 0,
    "incomeBeforeTax": 115300000,
    "incomeBeforeTaxRatio": 0.2294984076,
    "incomeTaxExpense": 37800000,
    "netIncome": 77500000,
    "netIncomeRatio": 0.1542595541,
    "eps": 0.53,
    "epsdiluted": 0.52,
    "weightedAverageShsOut": 146226000,
    "weightedAverageShsOutDil": 149038000,
    "link": null,
    "finalLink": null
  },
  {
    "date": "1997-03-31",
    "symbol": "RF",
    "reportedCurrency": "USD",
    "cik": "0001281761",
    "fillingDate": "1997-03-31",
    "acceptedDate": "1997-03-31 00:00:00",
    "calendarYear": "1997",
    "period": "Q1",
    "revenue": 436400000,
    "costOfRevenue": 195800000,
    "grossProfit": 240600000,
    "grossProfitRatio": 0.5513290559,
    "researchAndDevelopmentExpenses": 0,
    "generalAndAdministrativeExpenses": 78900000,
    "sellingAndMarketingExpenses": 0,
    "sellingGeneralAndAdministrativeExpenses": 78900000,
    "otherExpenses": 58000000,
    "operatingExpenses": 136900000,
    "costAndExpenses": 332700000,
    "interestIncome": 376600000,
    "interestExpense": 185600000,
    "depreciationAndAmortization": 14600000,
    "ebitda": 118300000,
    "ebitdaratio": 0.2710815765,
    "operatingIncome": 103700000,
    "operatingIncomeRatio": 0.2376260312,
    "totalOtherIncomeExpensesNet": 0,
    "incomeBeforeTax": 103700000,
    "incomeBeforeTaxRatio": 0.2376260312,
    "incomeTaxExpense": 35000000,
    "netIncome": 68700000,
    "netIncomeRatio": 0.1574243813,
    "eps": 0.52,
    "epsdiluted": 0.51,
    "weightedAverageShsOut": 132115000,
    "weightedAverageShsOutDil": 134706000,
    "link": null,
    "finalLink": null
  },
  {
    "date": "1996-12-31",
    "symbol": "RF",
    "reportedCurrency": "USD",
    "cik": "0001281761",
    "fillingDate": "1996-12-31",
    "acceptedDate": "1996-12-31 00:00:00",
    "calendarYear": "1996",
    "period": "Q4",
    "revenue": 414700000,
    "costOfRevenue": 184400000,
    "grossProfit": 230300000,
    "grossProfitRatio": 0.5553412105,
    "researchAndDevelopmentExpenses": 0,
    "generalAndAdministrativeExpenses": 73500000,
    "sellingAndMarketingExpenses": 0,
    "sellingGeneralAndAdministrativeExpenses": 73500000,
    "otherExpenses": 64300000,
    "operatingExpenses": 137800000,
    "costAndExpenses": 322200000,
    "interestIncome": 357000000,
    "interestExpense": 177100000,
    "depreciationAndAmortization": 16100000,
    "ebitda": 108600000,
    "ebitdaratio": 0.261876055,
    "operatingIncome": 92500000,
    "operatingIncomeRatio": 0.2230528093,
    "totalOtherIncomeExpensesNet": 0,
    "incomeBeforeTax": 92500000,
    "incomeBeforeTaxRatio": 0.2230528093,
    "incomeTaxExpense": 27700000,
    "netIncome": 64800000,
    "netIncomeRatio": 0.1562575356,
    "eps": 0.53,
    "epsdiluted": 0.53,
    "weightedAverageShsOut": 123060000,
    "weightedAverageShsOutDil": 123415000,
    "link": null,
    "finalLink": null
  },
  {
    "date": "1996-09-30",
    "symbol": "RF",
    "reportedCurrency": "USD",
    "cik": "0001281761",
    "fillingDate": "1996-09-30",
    "acceptedDate": "1996-09-30 00:00:00",
    "calendarYear": "1996",
    "period": "Q3",
    "revenue": 406300000,
    "costOfRevenue": 181700000,
    "grossProfit": 224600000,
    "grossProfitRatio": 0.5527935023,
    "researchAndDevelopmentExpenses": 0,
    "generalAndAdministrativeExpenses": 69000000,
    "sellingAndMarketingExpenses": 0,
    "sellingGeneralAndAdministrativeExpenses": 69000000,
    "otherExpenses": 81300000,
    "operatingExpenses": 150300000,
    "costAndExpenses": 332000000,
    "interestIncome": 351200000,
    "interestExpense": 174300000,
    "depreciationAndAmortization": 13300000,
    "ebitda": 87600000,
    "ebitdaratio": 0.2156042333,
    "operatingIncome": 74300000,
    "operatingIncomeRatio": 0.1828698006,
    "totalOtherIncomeExpensesNet": 0,
    "incomeBeforeTax": 74300000,
    "incomeBeforeTaxRatio": 0.1828698006,
    "incomeTaxExpense": 23700000,
    "netIncome": 50600000,
    "netIncomeRatio": 0.1245385183,
    "eps": 0.41,
    "epsdiluted": 0.4,
    "weightedAverageShsOut": 123415000,
    "weightedAverageShsOutDil": 126500000,
    "link": null,
    "finalLink": null
  },
  {
    "date": "1996-06-30",
    "symbol": "RF",
    "reportedCurrency": "USD",
    "cik": "0001281761",
    "fillingDate": "1996-06-30",
    "acceptedDate": "1996-06-30 00:00:00",
    "calendarYear": "1996",
    "period": "Q2",
    "revenue": 401100000,
    "costOfRevenue": 176500000,
    "grossProfit": 224600000,
    "grossProfitRatio": 0.5599601097,
    "researchAndDevelopmentExpenses": 0,
    "generalAndAdministrativeExpenses": 69500000,
    "sellingAndMarketingExpenses": 0,
    "sellingGeneralAndAdministrativeExpenses": 69500000,
    "otherExpenses": 61100000,
    "operatingExpenses": 130600000,
    "costAndExpenses": 307100000,
    "interestIncome": 348900000,
    "interestExpense": 169100000,
    "depreciationAndAmortization": 12000000,
    "ebitda": 106000000,
    "ebitdaratio": 0.2642732486,
    "operatingIncome": 94000000,
    "operatingIncomeRatio": 0.2343555223,
    "totalOtherIncomeExpensesNet": 0,
    "incomeBeforeTax": 94000000,
    "incomeBeforeTaxRatio": 0.2343555223,
    "incomeTaxExpense": 32500000,
    "netIncome": 61500000,
    "netIncomeRatio": 0.153328347,
    "eps": 0.5,
    "epsdiluted": 0.5,
    "weightedAverageShsOut": 123000000,
    "weightedAverageShsOutDil": 123000000,
    "link": null,
    "finalLink": null
  },
  {
    "date": "1996-03-31",
    "symbol": "RF",
    "reportedCurrency": "USD",
    "cik": "0001281761",
    "fillingDate": "1996-03-31",
    "acceptedDate": "1996-03-31 00:00:00",
    "calendarYear": "1996",
    "period": "Q1",
    "revenue": 384700000,
    "costOfRevenue": 172000000,
    "grossProfit": 212700000,
    "grossProfitRatio": 0.5528983624,
    "researchAndDevelopmentExpenses": 0,
    "generalAndAdministrativeExpenses": 69800000,
    "sellingAndMarketingExpenses": 0,
    "sellingGeneralAndAdministrativeExpenses": 69800000,
    "otherExpenses": 65200000,
    "operatingExpenses": 135000000,
    "costAndExpenses": 307000000,
    "interestIncome": 329000000,
    "interestExpense": 165100000,
    "depreciationAndAmortization": 11100000,
    "ebitda": 88800000,
    "ebitdaratio": 0.2308292176,
    "operatingIncome": 77700000,
    "operatingIncomeRatio": 0.2019755654,
    "totalOtherIncomeExpensesNet": 0,
    "incomeBeforeTax": 77700000,
    "incomeBeforeTaxRatio": 0.2019755654,
    "incomeTaxExpense": 24900000,
    "netIncome": 52800000,
    "netIncomeRatio": 0.137249805,
    "eps": 0.43,
    "epsdiluted": 0.42,
    "weightedAverageShsOut": 122791000,
    "weightedAverageShsOutDil": 125714000,
    "link": null,
    "finalLink": null
  },
  {
    "date": "1995-12-31",
    "symbol": "RF",
    "reportedCurrency": "USD",
    "cik": "0001281761",
    "fillingDate": "1995-12-31",
    "acceptedDate": "1995-12-31 00:00:00",
    "calendarYear": "1995",
    "period": "Q4",
    "revenue": 302200000,
    "costOfRevenue": 138200000,
    "grossProfit": 164000000,
    "grossProfitRatio": 0.5426869623,
    "researchAndDevelopmentExpenses": 0,
    "generalAndAdministrativeExpenses": 52900000,
    "sellingAndMarketingExpenses": 0,
    "sellingGeneralAndAdministrativeExpenses": 52900000,
    "otherExpenses": 46700000,
    "operatingExpenses": 99600000,
    "costAndExpenses": 237800000,
    "interestIncome": 259800000,
    "interestExpense": 132800000,
    "depreciationAndAmortization": 26000000,
    "ebitda": 90400000,
    "ebitdaratio": 0.2991396426,
    "operatingIncome": 64400000,
    "operatingIncomeRatio": 0.2131039047,
    "totalOtherIncomeExpensesNet": 0,
    "incomeBeforeTax": 64400000,
    "incomeBeforeTaxRatio": 0.2131039047,
    "incomeTaxExpense": 19700000,
    "netIncome": 44700000,
    "netIncomeRatio": 0.1479152879,
    "eps": 0.49,
    "epsdiluted": 0.49,
    "weightedAverageShsOut": 91667000,
    "weightedAverageShsOutDil": 91667000,
    "link": null,
    "finalLink": null
  },
  {
    "date": "1995-09-30",
    "symbol": "RF",
    "reportedCurrency": "USD",
    "cik": "0001281761",
    "fillingDate": "1995-09-30",
    "acceptedDate": "1995-09-30 00:00:00",
    "calendarYear": "1995",
    "period": "Q3",
    "revenue": 302800000,
    "costOfRevenue": 140900000,
    "grossProfit": 161900000,
    "grossProfitRatio": 0.534676354,
    "researchAndDevelopmentExpenses": 0,
    "generalAndAdministrativeExpenses": 52800000,
    "sellingAndMarketingExpenses": 0,
    "sellingGeneralAndAdministrativeExpenses": 52800000,
    "otherExpenses": 42100000,
    "operatingExpenses": 94900000,
    "costAndExpenses": 235800000,
    "interestIncome": 261000000,
    "interestExpense": 135400000,
    "depreciationAndAmortization": -1700000,
    "ebitda": 65300000,
    "ebitdaratio": 0.215653897,
    "operatingIncome": 67000000,
    "operatingIncomeRatio": 0.2212681638,
    "totalOtherIncomeExpensesNet": 0,
    "incomeBeforeTax": 67000000,
    "incomeBeforeTaxRatio": 0.2212681638,
    "incomeTaxExpense": 23000000,
    "netIncome": 44000000,
    "netIncomeRatio": 0.1453104359,
    "eps": 0.48,
    "epsdiluted": 0.48,
    "weightedAverageShsOut": 91667000,
    "weightedAverageShsOutDil": 91667000,
    "link": null,
    "finalLink": null
  }
]