[
  {
    "date": "2024-12-31",
    "symbol": "RF",
    "reportedCurrency": "USD",
    "cik": "0001281761",
    "fillingDate": "2025-02-21",
    "acceptedDate": "2025-02-21 13:39:09",
    "calendarYear": "2024",
    "period": "FY",
    "revenue": 9373000000,
    "costOfRevenue": 2777000000,
    "grossProfit": 6596000000,
    "grossProfitRatio": 0.703723461,
    "researchAndDevelopmentExpenses": 0,
    "generalAndAdministrativeExpenses": 2529000000,
    "sellingAndMarketingExpenses": 110000000,
    "sellingGeneralAndAdministrativeExpenses": 2639000000,
    "otherExpenses": 1603000000,
    "operatingExpenses": 4242000000,
    "costAndExpenses": 7019000000,
    "interestIncome": 7108000000,
    "interestExpense": 2290000000,
    "depreciationAndAmortization": 144000000,
    "ebitda": 2498000000,
    "ebitdaratio": 0.2665101888,
    "operatingIncome": 2354000000,
    "operatingIncomeRatio": 0.2511469113,
    "totalOtherIncomeExpensesNet": 0,
    "incomeBeforeTax": 2354000000,
    "incomeBeforeTaxRatio": 0.2511469113,
    "incomeTaxExpense": 461000000,
    "netIncome": 1893000000,
    "netIncomeRatio": 0.2019630855,
    "eps": 1.94,
    "epsdiluted": 1.93,
    "weightedAverageShsOut": 916000000,
    "weightedAverageShsOutDil": 918000000,
    "link": "https://www.sec.gov/Archives/edgar/data/1281761/000128176125000010/0001281761-25-000010-index.htm",
    "finalLink": "https://www.sec.gov/Archives/edgar/data/1281761/000128176125000010/rf-20241231.htm"
  },
  {
    "date": "2023-12-31",
    "symbol": "RF",
    "reportedCurrency": "USD",
    "cik": "0001281761",
    "fillingDate": "2024-02-23",
    "acceptedDate": "2024-02-23 16:55:16",
    "calendarYear": "2023",
    "period": "FY",
    "revenue": 9153000000,
    "costOfRevenue": 2130000000,
    "grossProfit": 7023000000,
    "grossProfitRatio": 0.7672894133,
    "researchAndDevelopmentExpenses": 0,
    "generalAndAdministrativeExpenses": 2416000000,
    "sellingAndMarketingExpenses": 110000000,
    "sellingGeneralAndAdministrativeExpenses": 2526000000,
    "otherExpenses": 1890000000,
    "operatingExpenses": 4416000000,
    "costAndExpenses": 6546000000,
    "interestIncome": 6897000000,
    "interestExpense": 1577000000,
    "depreciationAndAmortization": 236000000,
    "ebitda": 2843000000,
    "ebitdaratio": 0.3106085436,
    "operatingIncome": 2607000000,
    "operatingIncomeRatio": 0.2848246477,
    "totalOtherIncomeExpensesNet": 0,
    "incomeBeforeTax": 2607000000,
    "incomeBeforeTaxRatio": 0.2848246477,
    "incomeTaxExpense": 533000000,
    "netIncome": 2074000000,
    "netIncomeRatio": 0.2265923741,
    "eps": 2.11,
    "epsdiluted": 2.11,
    "weightedAverageShsOut": 936000000,
    "weightedAverageShsOutDil": 938000000,
    "link": "https://www.sec.gov/Archives/edgar/data/1281761/000128176124000010/0001281761-24-000010-index.htm",
    "finalLink": "https://www.sec.gov/Archives/edgar/data/1281761/000128176124000010/rf-20231231.htm"
  },
  {
    "date": "2022-12-31",
    "symbol": "RF",
    "reportedCurrency": "USD",
    "cik": "0001281761",
    "fillingDate": "2023-02-24",
    "acceptedDate": "2023-02-24 12:39:55",
    "calendarYear": "2022",
    "period": "FY",
    "revenue": 7481000000,
    "costOfRevenue": 587000000,
    "grossProfit": 6894000000,
    "grossProfitRatio": 0.9215345542,
    "researchAndDevelopmentExpenses": 0,
    "generalAndAdministrativeExpenses": 2318000000,
    "sellingAndMarketingExpenses": 102000000,
    "sellingGeneralAndAdministrativeExpenses": 2420000000,
    "otherExpenses": 1598000000,
    "operatingExpenses": 4018000000,
    "costAndExpenses": 4605000000,
    "interestIncome": 5102000000,
    "interestExpense": 316000000,
    "depreciationAndAmortization": 353000000,
    "ebitda": 3229000000,
    "ebitdaratio": 0.4316267879,
    "operatingIncome": 2876000000,
    "operatingIncomeRatio": 0.3844405828,
    "totalOtherIncomeExpensesNet": 0,
    "incomeBeforeTax": 2876000000,
    "incomeBeforeTaxRatio": 0.3844405828,
    "incomeTaxExpense": 631000000,
    "netIncome": 2245000000,
    "netIncomeRatio": 0.3000935704,
    "eps": 2.3,
    "epsdiluted": 2.28,
    "weightedAverageShsOut": 935000000,
    "weightedAverageShsOutDil": 942000000,
    "link": "https://www.sec.gov/Archives/edgar/data/1281761/000128176123000012/0001281761-23-000012-index.htm",
    "finalLink": "https://www.sec.gov/Archives/edgar/data/1281761/000128176123000012/rf-20221231.htm"
  },
  {
    "date": "2021-12-31",
    "symbol": "RF",
    "reportedCurrency": "USD",
    "cik": "0001281761",
    "fillingDate": "2022-02-24",
    "acceptedDate": "2022-02-24 11:41:34",
    "calendarYear": "2021",
    "period": "FY",
    "revenue": 6603000000,
    "costOfRevenue": -357000000,
    "grossProfit": 6960000000,
    "grossProfitRatio": 1.0540663335,
    "researchAndDevelopmentExpenses": 0,
    "generalAndAdministrativeExpenses": 2244000000,
    "sellingAndMarketingExpenses": 106000000,
    "sellingGeneralAndAdministrativeExpenses": 2350000000,
    "otherExpenses": 1395000000,
    "operatingExpenses": 3745000000,
    "costAndExpenses": 3388000000,
    "interestIncome": 4081000000,
    "interestExpense": 167000000,
    "depreciationAndAmortization": 371000000,
    "ebitda": 3586000000,
    "ebitdaratio": 0.5430864758,
    "operatingIncome": 3215000000,
    "operatingIncomeRatio": 0.486899894,
    "totalOtherIncomeExpensesNet": 0,
    "incomeBeforeTax": 3215000000,
    "incomeBeforeTaxRatio": 0.486899894,
    "incomeTaxExpense": 694000000,
    "netIncome": 2521000000,
    "netIncomeRatio": 0.3817961533,
    "eps": 2.51,
    "epsdiluted": 2.49,
    "weightedAverageShsOut": 956000000,
    "weightedAverageShsOutDil": 963000000,
    "link": "https://www.sec.gov/Archives/edgar/data/1281761/000128176122000016/0001281761-22-000016-index.htm",
    "finalLink": "https://www.sec.gov/Archives/edgar/data/1281761/000128176122000016/rf-20211231.htm"
  },
  {
    "date": "2020-12-31",
    "symbol": "RF",
    "reportedCurrency": "USD",
    "cik": "0001281761",
    "fillingDate": "2021-02-24",
    "acceptedDate": "2021-02-23 21:16:10",
    "calendarYear": "2020",
    "period": "FY",
    "revenue": 6643000000,
    "costOfRevenue": 1698000000,
    "grossProfit": 4945000000,
    "grossProfitRatio": 0.7443925937,
    "researchAndDevelopmentExpenses": 0,
    "generalAndAdministrativeExpenses": 2136000000,
    "sellingAndMarketingExpenses": 94000000,
    "sellingGeneralAndAdministrativeExpenses": 2230000000,
    "otherExpenses": 1401000000,
    "operatingExpenses": 3631000000,
    "costAndExpenses": 5329000000,
    "interestIncome": 4262000000,
    "interestExpense": 368000000,
    "depreciationAndAmortization": 421000000,
    "ebitda": 1735000000,
    "ebitdaratio": 0.261177179,
    "operatingIncome": 1314000000,
    "operatingIncomeRatio": 0.1978021978,
    "totalOtherIncomeExpensesNet": 0,
    "incomeBeforeTax": 1314000000,
    "incomeBeforeTaxRatio": 0.1978021978,
    "incomeTaxExpense": 220000000,
    "netIncome": 1094000000,
    "netIncomeRatio": 0.1646846304,
    "eps": 1.03,
    "epsdiluted": 1.03,
    "weightedAverageShsOut": 959000000,
    "weightedAverageShsOutDil": 962000000,
    "link": "https://www.sec.gov/Archives/edgar/data/1281761/000128176121000012/0001281761-21-000012-index.htm",
    "finalLink": "https://www.sec.gov/Archives/edgar/data/1281761/000128176121000012/rf-20201231.htm"
  },
  {
    "date": "2019-12-31",
    "symbol": "RF",
    "reportedCurrency": "USD",
    "cik": "0001281761",
    "fillingDate": "2020-02-21",
    "acceptedDate": "2020-02-21 10:49:22",
    "calendarYear": "2019",
    "period": "FY",
    "revenue": 6696000000,
    "costOfRevenue": 1232000000,
    "grossProfit": 5464000000,
    "grossProfitRatio": 0.8160095579,
    "researchAndDevelopmentExpenses": 0,
    "generalAndAdministrativeExpenses": 1948000000,
    "sellingAndMarketingExpenses": 97000000,
    "sellingGeneralAndAdministrativeExpenses": 2045000000,
    "otherExpenses": 1434000000,
    "operatingExpenses": 3479000000,
    "costAndExpenses": 4711000000,
    "interestIncome": 4596000000,
    "interestExpense": 851000000,
    "depreciationAndAmortization": 426000000,
    "ebitda": 2411000000,
    "ebitdaratio": 0.3600657109,
    "operatingIncome": 1985000000,
    "operatingIncomeRatio": 0.2964456392,
    "totalOtherIncomeExpensesNet": 0,
    "incomeBeforeTax": 1985000000,
    "incomeBeforeTaxRatio": 0.2964456392,
    "incomeTaxExpense": 403000000,
    "netIncome": 1582000000,
    "netIncomeRatio": 0.236260454,
    "eps": 1.51,
    "epsdiluted": 1.5,
    "weightedAverageShsOut": 995000000,
    "weightedAverageShsOutDil": 999000000,
    "link": "https://www.sec.gov/Archives/edgar/data/1281761/000128176120000010/0001281761-20-000010-index.htm",
    "finalLink": "https://www.sec.gov/Archives/edgar/data/1281761/000128176120000010/rf-20191231x10k.htm"
  },
  {
    "date": "2018-12-31",
    "symbol": "RF",
    "reportedCurrency": "USD",
    "cik": "0001281761",
    "fillingDate": "2019-02-22",
    "acceptedDate": "2019-02-21 19:56:24",
    "calendarYear": "2018",
    "period": "FY",
    "revenue": 6361000000,
    "costOfRevenue": 829000000,
    "grossProfit": 5532000000,
    "grossProfitRatio": 0.8696745795,
    "researchAndDevelopmentExpenses": 0,
    "generalAndAdministrativeExpenses": 2037000000,
    "sellingAndMarketingExpenses": 92000000,
    "sellingGeneralAndAdministrativeExpenses": 2129000000,
    "otherExpenses": 1448000000,
    "operatingExpenses": 3577000000,
    "costAndExpenses": 4406000000,
    "interestIncome": 4337000000,
    "interestExpense": 602000000,
    "depreciationAndAmortization": 462000000,
    "ebitda": 2417000000,
    "ebitdaratio": 0.3799717026,
    "operatingIncome": 1955000000,
    "operatingIncomeRatio": 0.307341613,
    "totalOtherIncomeExpensesNet": 0,
    "incomeBeforeTax": 1955000000,
    "incomeBeforeTaxRatio": 0.307341613,
    "incomeTaxExpense": 387000000,
    "netIncome": 1759000000,
    "netIncomeRatio": 0.2765288477,
    "eps": 1.55,
    "epsdiluted": 1.54,
    "weightedAverageShsOut": 1092000000,
    "weightedAverageShsOutDil": 1102000000,
    "link": "https://www.sec.gov/Archives/edgar/data/1281761/000128176119000019/0001281761-19-000019-index.htm",
    "finalLink": "https://www.sec.gov/Archives/edgar/data/1281761/000128176119000019/rf-20181231x10k.htm"
  },
  {
    "date": "2017-12-31",
    "symbol": "RF",
    "reportedCurrency": "USD",
    "cik": "0001281761",
    "fillingDate": "2018-02-26",
    "acceptedDate": "2018-02-26 14:54:06",
    "calendarYear": "2017",
    "period": "FY",
    "revenue": 5933000000,
    "costOfRevenue": 507000000,
    "grossProfit": 5426000000,
    "grossProfitRatio": 0.914545761,
    "researchAndDevelopmentExpenses": 0,
    "generalAndAdministrativeExpenses": 1966000000,
    "sellingAndMarketingExpenses": 93000000,
    "sellingGeneralAndAdministrativeExpenses": 2059000000,
    "otherExpenses": 1507000000,
    "operatingExpenses": 3566000000,
    "costAndExpenses": 4073000000,
    "interestIncome": 3987000000,
    "interestExpense": 373000000,
    "depreciationAndAmortization": 537000000,
    "ebitda": 2397000000,
    "ebitdaratio": 0.4040114613,
    "operatingIncome": 1860000000,
    "operatingIncomeRatio": 0.3135007585,
    "totalOtherIncomeExpensesNet": 0,
    "incomeBeforeTax": 1860000000,
    "incomeBeforeTaxRatio": 0.3135007585,
    "incomeTaxExpense": 619000000,
    "netIncome": 1263000000,
    "netIncomeRatio": 0.2128771279,
    "eps": 1.01,
    "epsdiluted": 1,
    "weightedAverageShsOut": 1186000000,
    "weightedAverageShsOutDil": 1198000000,
    "link": "https://www.sec.gov/Archives/edgar/data/1281761/000128176118000016/0001281761-18-000016-index.htm",
    "finalLink": "https://www.sec.gov/Archives/edgar/data/1281761/000128176118000016/rf-20171231x10k.htm"
  },
  {
    "date": "2016-12-31",
    "symbol": "RF",
    "reportedCurrency": "USD",
    "cik": "0001281761",
    "fillingDate": "2017-02-24",
    "acceptedDate": "2017-02-24 14:01:09",
    "calendarYear": "2016",
    "period": "FY",
    "revenue": 5822000000,
    "costOfRevenue": 592000000,
    "grossProfit": 5230000000,
    "grossProfitRatio": 0.8983167296,
    "researchAndDevelopmentExpenses": 0,
    "generalAndAdministrativeExpenses": 1938000000,
    "sellingAndMarketingExpenses": 101000000,
    "sellingGeneralAndAdministrativeExpenses": 2039000000,
    "otherExpenses": 1527000000,
    "operatingExpenses": 3566000000,
    "costAndExpenses": 4158000000,
    "interestIncome": 3814000000,
    "interestExpense": 313000000,
    "depreciationAndAmortization": 574000000,
    "ebitda": 2238000000,
    "ebitdaratio": 0.3844039849,
    "operatingIncome": 1664000000,
    "operatingIncomeRatio": 0.2858124356,
    "totalOtherIncomeExpensesNet": 0,
    "incomeBeforeTax": 1664000000,
    "incomeBeforeTaxRatio": 0.2858124356,
    "incomeTaxExpense": 510000000,
    "netIncome": 1163000000,
    "netIncomeRatio": 0.1997595328,
    "eps": 0.87,
    "epsdiluted": 0.87,
    "weightedAverageShsOut": 1255000000,
    "weightedAverageShsOutDil": 1261000000,
    "link": "https://www.sec.gov/Archives/edgar/data/1281761/000128176117000026/0001281761-17-000026-index.htm",
    "finalLink": "https://www.sec.gov/Archives/edgar/data/1281761/000128176117000026/rf-20161231x10k.htm"
  },
  {
    "date": "2015-12-31",
    "symbol": "RF",
    "reportedCurrency": "USD",
    "cik": "0001281761",
    "fillingDate": "2016-02-16",
    "acceptedDate": "2016-02-16 15:46:29",
    "calendarYear": "2015",
    "period": "FY",
    "revenue": 5674000000,
    "costOfRevenue": 496000000,
    "grossProfit": 5178000000,
    "grossProfitRatio": 0.9125837152,
    "researchAndDevelopmentExpenses": 0,
    "generalAndAdministrativeExpenses": 1988000000,
    "sellingAndMarketingExpenses": 98000000,
    "sellingGeneralAndAdministrativeExpenses": 2086000000,
    "otherExpenses": 1562000000,
    "operatingExpenses": 3648000000,
    "costAndExpenses": 4144000000,
    "interestIncome": 3603000000,
    "interestExpense": 268000000,
    "depreciationAndAmortization": 523000000,
    "ebitda": 2053000000,
    "ebitdaratio": 0.3618258724,
    "operatingIncome": 1530000000,
    "operatingIncomeRatio": 0.2696510398,
    "totalOtherIncomeExpensesNet": 0,
    "incomeBeforeTax": 1530000000,
    "incomeBeforeTaxRatio": 0.2696510398,
    "incomeTaxExpense": 455000000,
    "netIncome": 1062000000,
    "netIncomeRatio": 0.1871695453,
    "eps": 0.75,
    "epsdiluted": 0.75,
    "weightedAverageShsOut": 1325000000,
    "weightedAverageShsOutDil": 1334000000,
    "link": "https://www.sec.gov/Archives/edgar/data/1281761/000128176116000108/0001281761-16-000108-index.htm",
    "finalLink": "https://www.sec.gov/Archives/edgar/data/1281761/000128176116000108/rf-20151231x10k.htm"
  },
  {
    "date": "2014-12-31",
    "symbol": "RF",
    "reportedCurrency": "USD",
    "cik": "0001281761",
    "fillingDate": "2015-02-17",
    "acceptedDate": "2015-02-17 08:41:19",
    "calendarYear": "2014",
    "period": "FY",
    "revenue": 5527000000,
    "costOfRevenue": 365000000,
    "grossProfit": 5162000000,
    "grossProfitRatio": 0.9339605573,
    "researchAndDevelopmentExpenses": 0,
    "generalAndAdministrativeExpenses": 1885000000,
    "sellingAndMarketingExpenses": 95000000,
    "sellingGeneralAndAdministrativeExpenses": 1980000000,
    "otherExpenses": 1500000000,
    "operatingExpenses": 3480000000,
    "costAndExpenses": 3845000000,
    "interestIncome": 3589000000,
    "interestExpense": 309000000,
    "depreciationAndAmortization": 523000000,
    "ebitda": 2205000000,
    "ebitdaratio": 0.3989506061,
    "operatingIncome": 1682000000,
    "operatingIncomeRatio": 0.3043242265,
    "totalOtherIncomeExpensesNet": 0,
    "incomeBeforeTax": 1682000000,
    "incomeBeforeTaxRatio": 0.3043242265,
    "incomeTaxExpense": 548000000,
    "netIncome": 1147000000,
    "netIncomeRatio": 0.2075266872,
    "eps": 0.8,
    "epsdiluted": 0.8,
    "weightedAverageShsOut": 1375000000,
    "weightedAverageShsOutDil": 1387000000,
    "link": "https://www.sec.gov/Archives/edgar/data/1281761/000128176115000022/0001281761-15-000022-index.htm",
    "finalLink": "https://www.sec.gov/Archives/edgar/data/1281761/000128176115000022/rf-20141231x10k.htm"
  },
  {
    "date": "2013-12-31",
    "symbol": "RF",
    "reportedCurrency": "USD",
    "cik": "0001281761",
    "fillingDate": "2014-02-21",
    "acceptedDate": "2014-02-21 10:41:27",
    "calendarYear": "2013",
    "period": "FY",
    "revenue": 5743000000,
    "costOfRevenue": 517000000,
    "grossProfit": 5226000000,
    "grossProfitRatio": 0.9099773637,
    "researchAndDevelopmentExpenses": 0,
    "generalAndAdministrativeExpenses": 1943000000,
    "sellingAndMarketingExpenses": 98000000,
    "sellingGeneralAndAdministrativeExpenses": 2041000000,
    "otherExpenses": 1520000000,
    "operatingExpenses": 3561000000,
    "costAndExpenses": 4078000000,
    "interestIncome": 3647000000,
    "interestExpense": 384000000,
    "depreciationAndAmortization": 645000000,
    "ebitda": 2310000000,
    "ebitdaratio": 0.4022288003,
    "operatingIncome": 1665000000,
    "operatingIncomeRatio": 0.2899181612,
    "totalOtherIncomeExpensesNet": 0,
    "incomeBeforeTax": 1665000000,
    "incomeBeforeTaxRatio": 0.2899181612,
    "incomeTaxExpense": 561000000,
    "netIncome": 1091000000,
    "netIncomeRatio": 0.1899703987,
    "eps": 0.78,
    "epsdiluted": 0.77,
    "weightedAverageShsOut": 1395000000,
    "weightedAverageShsOutDil": 1410000000,
    "link": "https://www.sec.gov/Archives/edgar/data/1281761/000128176114000009/0001281761-14-000009-index.htm",
    "finalLink": "https://www.sec.gov/Archives/edgar/data/1281761/000128176114000009/rf-20131231x10k.htm"
  },
  {
    "date": "2012-12-31",
    "symbol": "RF",
    "reportedCurrency": "USD",
    "cik": "0001281761",
    "fillingDate": "2013-02-21",
    "acceptedDate": "2013-02-21 15:39:37",
    "calendarYear": "2012",
    "period": "FY",
    "revenue": 5860000000,
    "costOfRevenue": 821000000,
    "grossProfit": 5039000000,
    "grossProfitRatio": 0.8598976109,
    "researchAndDevelopmentExpenses": 0,
    "generalAndAdministrativeExpenses": 1763000000,
    "sellingAndMarketingExpenses": 87000000,
    "sellingGeneralAndAdministrativeExpenses": 1850000000,
    "otherExpenses": 1528000000,
    "operatingExpenses": 3378000000,
    "costAndExpenses": 4199000000,
    "interestIncome": 3903000000,
    "interestExpense": 603000000,
    "depreciationAndAmortization": 717000000,
    "ebitda": 2378000000,
    "ebitdaratio": 0.4058020478,
    "operatingIncome": 1661000000,
    "operatingIncomeRatio": 0.283447099,
    "totalOtherIncomeExpensesNet": 0,
    "incomeBeforeTax": 1661000000,
    "incomeBeforeTaxRatio": 0.283447099,
    "incomeTaxExpense": 482000000,
    "netIncome": 1120000000,
    "netIncomeRatio": 0.1911262799,
    "eps": 0.72,
    "epsdiluted": 0.71,
    "weightedAverageShsOut": 1381000000,
    "weightedAverageShsOutDil": 1387000000,
    "link": "https://www.sec.gov/Archives/edgar/data/1281761/000119312513069212/0001193125-13-069212-index.htm",
    "finalLink": "https://www.sec.gov/Archives/edgar/data/1281761/000119312513069212/d418921d10k.htm"
  },
  {
    "date": "2011-12-31",
    "symbol": "RF",
    "reportedCurrency": "USD",
    "cik": "0001281761",
    "fillingDate": "2012-02-24",
    "acceptedDate": "2012-02-24 16:26:17",
    "calendarYear": "2011",
    "period": "FY",
    "revenue": 6177000000,
    "costOfRevenue": 2372000000,
    "grossProfit": 3805000000,
    "grossProfitRatio": 0.6159948195,
    "researchAndDevelopmentExpenses": 0,
    "generalAndAdministrativeExpenses": 1604000000,
    "sellingAndMarketingExpenses": 62000000,
    "sellingGeneralAndAdministrativeExpenses": 1666000000,
    "otherExpenses": 1978000000,
    "operatingExpenses": 3644000000,
    "costAndExpenses": 6016000000,
    "interestIncome": 4252000000,
    "interestExpense": 842000000,
    "depreciationAndAmortization": 683000000,
    "ebitda": 844000000,
    "ebitdaratio": 0.1366359074,
    "operatingIncome": 161000000,
    "operatingIncomeRatio": 0.0260644326,
    "totalOtherIncomeExpensesNet": 0,
    "incomeBeforeTax": 161000000,
    "incomeBeforeTaxRatio": 0.0260644326,
    "incomeTaxExpense": -28000000,
    "netIncome": -215000000,
    "netIncomeRatio": -0.0348065404,
    "eps": 1.51,
    "epsdiluted": 1.5,
    "weightedAverageShsOut": 995000000,
    "weightedAverageShsOutDil": 999000000,
    "link": "https://www.sec.gov/Archives/edgar/data/1281761/000119312512078199/0001193125-12-078199-index.htm",
    "finalLink": "https://www.sec.gov/Archives/edgar/data/1281761/000119312512078199/d249628d10k.htm"
  },
  {
    "date": "2010-12-31",
    "symbol": "RF",
    "reportedCurrency": "USD",
    "cik": "0001281761",
    "fillingDate": "2011-02-24",
    "acceptedDate": "2011-02-24 16:32:07",
    "calendarYear": "2010",
    "period": "FY",
    "revenue": 6874000000,
    "costOfRevenue": 4111000000,
    "grossProfit": 2763000000,
    "grossProfitRatio": 0.4019493745,
    "researchAndDevelopmentExpenses": 0,
    "generalAndAdministrativeExpenses": 1640000000,
    "sellingAndMarketingExpenses": 66000000,
    "sellingGeneralAndAdministrativeExpenses": 1706000000,
    "otherExpenses": 1901000000,
    "operatingExpenses": 3607000000,
    "costAndExpenses": 7718000000,
    "interestIncome": 4637000000,
    "interestExpense": 1248000000,
    "depreciationAndAmortization": 732000000,
    "ebitda": -112000000,
    "ebitdaratio": -0.016293279,
    "operatingIncome": -844000000,
    "operatingIncomeRatio": -0.1227814955,
    "totalOtherIncomeExpensesNet": 0,
    "incomeBeforeTax": -844000000,
    "incomeBeforeTaxRatio": -0.1227814955,
    "incomeTaxExpense": -376000000,
    "netIncome": -539000000,
    "netIncomeRatio": -0.0784114053,
    "eps": -0.62,
    "epsdiluted": -0.62,
    "weightedAverageShsOut": 1227000000,
    "weightedAverageShsOutDil": 1227000000,
    "link": "https://www.sec.gov/Archives/edgar/data/1281761/000119312511045404/0001193125-11-045404-index.htm",
    "finalLink": "https://www.sec.gov/Archives/edgar/data/1281761/000119312511045404/d10k.htm"
  },
  {
    "date": "2009-12-31",
    "symbol": "RF",
    "reportedCurrency": "USD",
    "cik": "0001281761",
    "fillingDate": "2010-02-22",
    "acceptedDate": "2010-02-22 16:51:17",
    "calendarYear": "2009",
    "period": "FY",
    "revenue": 7967000000,
    "costOfRevenue": 5525000000,
    "grossProfit": 2442000000,
    "grossProfitRatio": 0.3065143718,
    "researchAndDevelopmentExpenses": 0,
    "generalAndAdministrativeExpenses": 1862000000,
    "sellingAndMarketingExpenses": 0,
    "sellingGeneralAndAdministrativeExpenses": 1862000000,
    "otherExpenses": 1848000000,
    "operatingExpenses": 3710000000,
    "costAndExpenses": 9235000000,
    "interestIncome": 5277000000,
    "interestExpense": 1984000000,
    "depreciationAndAmortization": 284000000,
    "ebitda": -984000000,
    "ebitdaratio": -0.1235094766,
    "operatingIncome": -1268000000,
    "operatingIncomeRatio": -0.1591565206,
    "totalOtherIncomeExpensesNet": 0,
    "incomeBeforeTax": -1268000000,
    "incomeBeforeTaxRatio": -0.1591565206,
    "incomeTaxExpense": -194000000,
    "netIncome": -1031000000,
    "netIncomeRatio": -0.1294088113,
    "eps": -1.27,
    "epsdiluted": -1.27,
    "weightedAverageShsOut": 989000000,
    "weightedAverageShsOutDil": 989000000,
    "link": "https://www.sec.gov/Archives/edgar/data/1281761/000119312510036446/0001193125-10-036446-index.htm",
    "finalLink": "https://www.sec.gov/Archives/edgar/data/1281761/000119312510036446/d10k.htm"
  },
  {
    "date": "2008-12-31",
    "symbol": "RF",
    "reportedCurrency": "USD",
    "cik": "0001281761",
    "fillingDate": "2009-02-25",
    "acceptedDate": "2009-02-24 19:56:48",
    "calendarYear": "2008",
    "period": "FY",
    "revenue": 9613000000,
    "costOfRevenue": 4777000000,
    "grossProfit": 4836000000,
    "grossProfitRatio": 0.5030687611,
    "researchAndDevelopmentExpenses": 0,
    "generalAndAdministrativeExpenses": 2371000000,
    "sellingAndMarketingExpenses": 97000000,
    "sellingGeneralAndAdministrativeExpenses": 2468000000,
    "otherExpenses": 8301000000,
    "operatingExpenses": 10769000000,
    "costAndExpenses": 15546000000,
    "interestIncome": 6563000000,
    "interestExpense": 2720000000,
    "depreciationAndAmortization": 371000000,
    "ebitda": -5562000000,
    "ebitdaratio": -0.5785914907,
    "operatingIncome": -5933000000,
    "operatingIncomeRatio": -0.6171850619,
    "totalOtherIncomeExpensesNet": 0,
    "incomeBeforeTax": -5933000000,
    "incomeBeforeTaxRatio": -0.6171850619,
    "incomeTaxExpense": -348000000,
    "netIncome": -5596000000,
    "netIncomeRatio": -0.5821283678,
    "eps": -8.09,
    "epsdiluted": -8.09,
    "weightedAverageShsOut": 695003000,
    "weightedAverageShsOutDil": 695003000,
    "link": "https://www.sec.gov/Archives/edgar/data/1281761/000119312509036452/0001193125-09-036452-index.htm",
    "finalLink": "https://www.sec.gov/Archives/edgar/data/1281761/000119312509036452/d10k.htm"
  },
  {
    "date": "2007-12-31",
    "symbol": "RF",
    "reportedCurrency": "USD",
    "cik": "0001281761",
    "fillingDate": "2008-02-27",
    "acceptedDate": "2008-02-26 18:02:22",
    "calendarYear": "2007",
    "period": "FY",
    "revenue": 10923000000,
    "costOfRevenue": 4231000000,
    "grossProfit": 6692000000,
    "grossProfitRatio": 0.6126522018,
    "researchAndDevelopmentExpenses": 0,
    "generalAndAdministrativeExpenses": 2483000000,
    "sellingAndMarketingExpenses": 134000000,
    "sellingGeneralAndAdministrativeExpenses": 2617000000,
    "otherExpenses": 2036000000,
    "operatingExpenses": 4653000000,
    "costAndExpenses": 8884000000,
    "interestIncome": 8074000000,
    "interestExpense": 3676000000,
    "depreciationAndAmortization": 270000000,
    "ebitda": 2309000000,
    "ebitdaratio": 0.2113888126,
    "operatingIncome": 2039000000,
    "operatingIncomeRatio": 0.1866703287,
    "totalOtherIncomeExpensesNet": 0,
    "incomeBeforeTax": 2039000000,
    "incomeBeforeTaxRatio": 0.1866703287,
    "incomeTaxExpense": 646000000,
    "netIncome": 1251000000,
    "netIncomeRatio": 0.1145289756,
    "eps": 1.77,
    "epsdiluted": 1.76,
    "weightedAverageShsOut": 707981000,
    "weightedAverageShsOutDil": 712743000,
    "link": "https://www.sec.gov/Archives/edgar/data/1281761/000119312508038935/0001193125-08-038935-index.htm",
    "finalLink": "https://www.sec.gov/Archives/edgar/data/1281761/000119312508038935/d10k.htm"
  },
  {
    "date": "2006-12-31",
    "symbol": "RF",
    "reportedCurrency": "USD",
    "cik": "0001281761",
    "fillingDate": "2007-03-01",
    "acceptedDate": "2007-03-01 11:44:09",
    "calendarYear": "2006",
    "period": "FY",
    "revenue": 7678838000,
    "costOfRevenue": 2483189000,
    "grossProfit": 5195649000,
    "grossProfitRatio": 0.6766191708,
    "researchAndDevelopmentExpenses": 0,
    "generalAndAdministrativeExpenses": 1859851000,
    "sellingAndMarketingExpenses": 70198000,
    "sellingGeneralAndAdministrativeExpenses": 1930049000,
    "otherExpenses": 1273979000,
    "operatingExpenses": 3204028000,
    "costAndExpenses": 5687217000,
    "interestIncome": 5649118000,
    "interestExpense": 2340816000,
    "depreciationAndAmortization": 160038000,
    "ebitda": 2151659000,
    "ebitdaratio": 0.2802063281,
    "operatingIncome": 1991621000,
    "operatingIncomeRatio": 0.2593648935,
    "totalOtherIncomeExpensesNet": 0,
    "incomeBeforeTax": 1991621000,
    "incomeBeforeTaxRatio": 0.2593648935,
    "incomeTaxExpense": 619100000,
    "netIncome": 1353145000,
    "netIncomeRatio": 0.1762174173,
    "eps": 2.7,
    "epsdiluted": 2.67,
    "weightedAverageShsOut": 501681000,
    "weightedAverageShsOutDil": 506989000,
    "link": "https://www.sec.gov/Archives/edgar/data/1281761/000119312507043798/0001193125-07-043798-index.htm",
    "finalLink": "https://www.sec.gov/Archives/edgar/data/1281761/000119312507043798/d10k.htm"
  },
  {
    "date": "2005-12-31",
    "symbol": "RF",
    "reportedCurrency": "USD",
    "cik": "0001281761",
    "fillingDate": "2006-03-09",
    "acceptedDate": "2006-03-09 15:41:26",
    "calendarYear": "2005",
    "period": "FY",
    "revenue": 5957965000,
    "costOfRevenue": 1656502000,
    "grossProfit": 4301463000,
    "grossProfitRatio": 0.7219684909,
    "researchAndDevelopmentExpenses": 0,
    "generalAndAdministrativeExpenses": 1679249000,
    "sellingAndMarketingExpenses": 72760000,
    "sellingGeneralAndAdministrativeExpenses": 1752009000,
    "otherExpenses": 1190886000,
    "operatingExpenses": 2942895000,
    "costAndExpenses": 4599397000,
    "interestIncome": 4271145000,
    "interestExpense": 1489756000,
    "depreciationAndAmortization": 79506000,
    "ebitda": 1438074000,
    "ebitdaratio": 0.241369998,
    "operatingIncome": 1358568000,
    "operatingIncomeRatio": 0.2280255087,
    "totalOtherIncomeExpensesNet": 0,
    "incomeBeforeTax": 1358568000,
    "incomeBeforeTaxRatio": 0.2280255087,
    "incomeTaxExpense": 395861000,
    "netIncome": 1000544000,
    "netIncomeRatio": 0.1679338499,
    "eps": 2.17,
    "epsdiluted": 2.15,
    "weightedAverageShsOut": 461171000,
    "weightedAverageShsOutDil": 466183000,
    "link": "https://www.sec.gov/Archives/edgar/data/1281761/000095014406002032/0000950144-06-002032-index.htm",
    "finalLink": "https://www.sec.gov/Archives/edgar/data/1281761/000095014406002032/g99734e10vk.htm"
  },
  {
    "date": "2004-12-31",
    "symbol": "RF",
    "reportedCurrency": "USD",
    "cik": "0001281761",
    "fillingDate": "2005-03-14",
    "acceptedDate": "2005-03-14 15:05:16",
    "calendarYear": "2004",
    "period": "FY",
    "revenue": 4618116000,
    "costOfRevenue": 971151000,
    "grossProfit": 3646965000,
    "grossProfitRatio": 0.7897084006,
    "researchAndDevelopmentExpenses": 0,
    "generalAndAdministrativeExpenses": 1470827000,
    "sellingAndMarketingExpenses": 38007000,
    "sellingGeneralAndAdministrativeExpenses": 1508834000,
    "otherExpenses": 962549000,
    "operatingExpenses": 2471383000,
    "costAndExpenses": 3442534000,
    "interestIncome": 2955685000,
    "interestExpense": 842651000,
    "depreciationAndAmortization": 104414000,
    "ebitda": 1279996000,
    "ebitdaratio": 0.2771684384,
    "operatingIncome": 1175582000,
    "operatingIncomeRatio": 0.2545587854,
    "totalOtherIncomeExpensesNet": 0,
    "incomeBeforeTax": 1175582000,
    "incomeBeforeTaxRatio": 0.2545587854,
    "incomeTaxExpense": 351817000,
    "netIncome": 823765000,
    "netIncomeRatio": 0.1783768532,
    "eps": 2.22,
    "epsdiluted": 2.19,
    "weightedAverageShsOut": 368656000,
    "weightedAverageShsOutDil": 373732000,
    "link": "https://www.sec.gov/Archives/edgar/data/1281761/000095014405002476/0000950144-05-002476-index.htm",
    "finalLink": "https://www.sec.gov/Archives/edgar/data/1281761/000095014405002476/g93593e10vk.htm"
  },
  {
    "date": "2003-12-31",
    "symbol": "RF",
    "reportedCurrency": "USD",
    "cik": "0001281761",
    "fillingDate": "2003-12-31",
    "acceptedDate": "2003-12-30 19:00:00",
    "calendarYear": "2003",
    "period": "FY",
    "revenue": 3617887000,
    "costOfRevenue": 866032000,
    "grossProfit": 2751855000,
    "grossProfitRatio": 0.7606249173,
    "researchAndDevelopmentExpenses": 0,
    "generalAndAdministrativeExpenses": 1122084000,
    "sellingAndMarketingExpenses": 0,
    "sellingGeneralAndAdministrativeExpenses": 1122084000,
    "otherExpenses": 718199000,
    "operatingExpenses": 1840283000,
    "costAndExpenses": 2706315000,
    "interestIncome": 2219130000,
    "interestExpense": 744532000,
    "depreciationAndAmortization": 180375000,
    "ebitda": 1091947000,
    "ebitdaratio": 0.3018189899,
    "operatingIncome": 911572000,
    "operatingIncomeRatio": 0.2519625406,
    "totalOtherIncomeExpensesNet": 0,
    "incomeBeforeTax": 911572000,
    "incomeBeforeTaxRatio": 0.2519625406,
    "incomeTaxExpense": 259731000,
    "netIncome": 651841000,
    "netIncomeRatio": 0.1801717411,
    "eps": 2.93,
    "epsdiluted": 2.9,
    "weightedAverageShsOut": 222106000,
    "weightedAverageShsOutDil": 225118000,
    "link": "",
    "finalLink": ""
  },
  {
    "date": "2002-12-31",
    "symbol": "RF",
    "reportedCurrency": "USD",
    "cik": "0001281761",
    "fillingDate": "2002-12-31",
    "acceptedDate": "2002-12-30 19:00:00",
    "calendarYear": "2002",
    "period": "FY",
    "revenue": 3795867000,
    "costOfRevenue": 1166901000,
    "grossProfit": 2628966000,
    "grossProfitRatio": 0.6925864368,
    "researchAndDevelopmentExpenses": 0,
    "generalAndAdministrativeExpenses": 1026569000,
    "sellingAndMarketingExpenses": 0,
    "sellingGeneralAndAdministrativeExpenses": 1026569000,
    "otherExpenses": 733157000,
    "operatingExpenses": 1759726000,
    "costAndExpenses": 2926627000,
    "interestIncome": 2536989000,
    "interestExpense": 1039401000,
    "depreciationAndAmortization": 175232000,
    "ebitda": 1044472000,
    "ebitdaratio": 0.2751603257,
    "operatingIncome": 869240000,
    "operatingIncomeRatio": 0.2289964322,
    "totalOtherIncomeExpensesNet": 0,
    "incomeBeforeTax": 869240000,
    "incomeBeforeTaxRatio": 0.2289964322,
    "incomeTaxExpense": 249338000,
    "netIncome": 619902000,
    "netIncomeRatio": 0.1633097261,
    "eps": 2.76,
    "epsdiluted": 2.72,
    "weightedAverageShsOut": 224312000,
    "weightedAverageShsOutDil": 227639000,
    "link": "",
    "finalLink": ""
  },
  {
    "date": "2001-12-31",
    "symbol": "RF",
    "reportedCurrency": "USD",
    "cik": "0001281761",
    "fillingDate": "2001-12-31",
    "acceptedDate": "2001-12-31 00:00:00",
    "calendarYear": "2001",
    "period": "FY",
    "revenue": 4060418000,
    "costOfRevenue": 1795546000,
    "grossProfit": 2264872000,
    "grossProfitRatio": 0.5577928184,
    "researchAndDevelopmentExpenses": 0,
    "generalAndAdministrativeExpenses": 879688000,
    "sellingAndMarketingExpenses": 0,
    "sellingGeneralAndAdministrativeExpenses": 879688000,
    "otherExpenses": 667233000,
    "operatingExpenses": 1546921000,
    "costAndExpenses": 3342467000,
    "interestIncome": 3055637000,
    "interestExpense": 1630144000,
    "depreciationAndAmortization": 178746000,
    "ebitda": 896697000,
    "ebitdaratio": 0.2208385935,
    "operatingIncome": 717951000,
    "operatingIncomeRatio": 0.1768170174,
    "totalOtherIncomeExpensesNet": 0,
    "incomeBeforeTax": 717951000,
    "incomeBeforeTaxRatio": 0.1768170174,
    "incomeTaxExpense": 209017000,
    "netIncome": 508934000,
    "netIncomeRatio": 0.1253402975,
    "eps": 1.83,
    "epsdiluted": 1.82,
    "weightedAverageShsOut": 277455000,
    "weightedAverageShsOutDil": 280332000,
    "link": null,
    "finalLink": null
  },
  {
    "date": "2000-12-31",
    "symbol": "RF",
    "reportedCurrency": "USD",
    "cik": "0001281761",
    "fillingDate": "2000-12-31",
    "acceptedDate": "2000-12-31 00:00:00",
    "calendarYear": "2000",
    "period": "FY",
    "revenue": 3831462000,
    "costOfRevenue": 1972545000,
    "grossProfit": 1858917000,
    "grossProfitRatio": 0.4851717177,
    "researchAndDevelopmentExpenses": 0,
    "generalAndAdministrativeExpenses": 588857000,
    "sellingAndMarketingExpenses": 0,
    "sellingGeneralAndAdministrativeExpenses": 588857000,
    "otherExpenses": 528334000,
    "operatingExpenses": 1117191000,
    "costAndExpenses": 3089736000,
    "interestIncome": 3234243000,
    "interestExpense": 1845446000,
    "depreciationAndAmortization": 138327000,
    "ebitda": 880053000,
    "ebitdaratio": 0.2296911727,
    "operatingIncome": 741726000,
    "operatingIncomeRatio": 0.1935882439,
    "totalOtherIncomeExpensesNet": 0,
    "incomeBeforeTax": 741726000,
    "incomeBeforeTaxRatio": 0.1935882439,
    "incomeTaxExpense": 214203000,
    "netIncome": 527523000,
    "netIncomeRatio": 0.1376819084,
    "eps": 1.94,
    "epsdiluted": 1.92,
    "weightedAverageShsOut": 272553000,
    "weightedAverageShsOutDil": 274068000,
    "link": null,
    "finalLink": null
  },
  {
    "date": "1999-12-31",
    "symbol": "RF",
    "reportedCurrency": "USD",
    "cik": "0001281761",
    "fillingDate": "1999-12-31",
    "acceptedDate": "1999-12-31 00:00:00",
    "calendarYear": "1999",
    "period": "FY",
    "revenue": 3391800000,
    "costOfRevenue": 1542500000,
    "grossProfit": 1849300000,
    "grossProfitRatio": 0.5452267233,
    "researchAndDevelopmentExpenses": 0,
    "generalAndAdministrativeExpenses": 551600000,
    "sellingAndMarketingExpenses": 0,
    "sellingGeneralAndAdministrativeExpenses": 551600000,
    "otherExpenses": 512700000,
    "operatingExpenses": 1064300000,
    "costAndExpenses": 2606800000,
    "interestIncome": 2854700000,
    "interestExpense": 1428800000,
    "depreciationAndAmortization": 130800000,
    "ebitda": 915800000,
    "ebitdaratio": 0.2700041276,
    "operatingIncome": 785000000,
    "operatingIncomeRatio": 0.2314405331,
    "totalOtherIncomeExpensesNet": 0,
    "incomeBeforeTax": 785000000,
    "incomeBeforeTaxRatio": 0.2314405331,
    "incomeTaxExpense": 259600000,
    "netIncome": 525400000,
    "netIncomeRatio": 0.1549030014,
    "eps": 1.92,
    "epsdiluted": 1.9,
    "weightedAverageShsOut": 273608000,
    "weightedAverageShsOutDil": 276510000,
    "link": null,
    "finalLink": null
  },
  {
    "date": "1998-12-31",
    "symbol": "RF",
    "reportedCurrency": "USD",
    "cik": "0001281761",
    "fillingDate": "1998-12-31",
    "acceptedDate": "1998-12-31 00:00:00",
    "calendarYear": "1998",
    "period": "FY",
    "revenue": 3072500000,
    "costOfRevenue": 1333500000,
    "grossProfit": 1739000000,
    "grossProfitRatio": 0.5659886086,
    "researchAndDevelopmentExpenses": 0,
    "generalAndAdministrativeExpenses": 528400000,
    "sellingAndMarketingExpenses": 0,
    "sellingGeneralAndAdministrativeExpenses": 528400000,
    "otherExpenses": 575300000,
    "operatingExpenses": 1103700000,
    "costAndExpenses": 2437200000,
    "interestIncome": 2597800000,
    "interestExpense": 1273000000,
    "depreciationAndAmortization": 138000000,
    "ebitda": 773300000,
    "ebitdaratio": 0.2516842962,
    "operatingIncome": 635300000,
    "operatingIncomeRatio": 0.2067697315,
    "totalOtherIncomeExpensesNet": 0,
    "incomeBeforeTax": 635300000,
    "incomeBeforeTaxRatio": 0.2067697315,
    "incomeTaxExpense": 213600000,
    "netIncome": 421700000,
    "netIncomeRatio": 0.1372497966,
    "eps": 1.92,
    "epsdiluted": 1.88,
    "weightedAverageShsOut": 219635000,
    "weightedAverageShsOutDil": 224309000,
    "link": null,
    "finalLink": null
  },
  {
    "date": "1997-12-31",
    "symbol": "RF",
    "reportedCurrency": "USD",
    "cik": "0001281761",
    "fillingDate": "1997-12-31",
    "acceptedDate": "1997-12-31 00:00:00",
    "calendarYear": "1997",
    "period": "FY",
    "revenue": 2683600000,
    "costOfRevenue": 1187100000,
    "grossProfit": 1496500000,
    "grossProfitRatio": 0.5576464451,
    "researchAndDevelopmentExpenses": 0,
    "generalAndAdministrativeExpenses": 480800000,
    "sellingAndMarketingExpenses": 0,
    "sellingGeneralAndAdministrativeExpenses": 480800000,
    "otherExpenses": 421000000,
    "operatingExpenses": 901800000,
    "costAndExpenses": 2088900000,
    "interestIncome": 2276600000,
    "interestExpense": 1097400000,
    "depreciationAndAmortization": 67900000,
    "ebitda": 662600000,
    "ebitdaratio": 0.2469071397,
    "operatingIncome": 594700000,
    "operatingIncomeRatio": 0.2216053063,
    "totalOtherIncomeExpensesNet": 0,
    "incomeBeforeTax": 594700000,
    "incomeBeforeTaxRatio": 0.2216053063,
    "incomeTaxExpense": 197200000,
    "netIncome": 397500000,
    "netIncomeRatio": 0.1481219258,
    "eps": 1.89,
    "epsdiluted": 1.86,
    "weightedAverageShsOut": 136227000,
    "weightedAverageShsOutDil": 139395000,
    "link": null,
    "finalLink": null
  },
  {
    "date": "1996-12-31",
    "symbol": "RF",
    "reportedCurrency": "USD",
    "cik": "0001281761",
    "fillingDate": "1996-12-31",
    "acceptedDate": "1996-12-31 00:00:00",
    "calendarYear": "1996",
    "period": "FY",
    "revenue": 2299400000,
    "costOfRevenue": 988500000,
    "grossProfit": 1310900000,
    "grossProfitRatio": 0.5701052448,
    "researchAndDevelopmentExpenses": 0,
    "generalAndAdministrativeExpenses": 413800000,
    "sellingAndMarketingExpenses": 0,
    "sellingGeneralAndAdministrativeExpenses": 413800000,
    "otherExpenses": 423200000,
    "operatingExpenses": 837000000,
    "costAndExpenses": 1825500000,
    "interestIncome": 1954300000,
    "interestExpense": 942500000,
    "depreciationAndAmortization": 52500000,
    "ebitda": 526400000,
    "ebitdaratio": 0.2289292859,
    "operatingIncome": 473900000,
    "operatingIncomeRatio": 0.2060972428,
    "totalOtherIncomeExpensesNet": 0,
    "incomeBeforeTax": 473900000,
    "incomeBeforeTaxRatio": 0.2060972428,
    "incomeTaxExpense": 156000000,
    "netIncome": 317900000,
    "netIncomeRatio": 0.1382534574,
    "eps": 1.64,
    "epsdiluted": 1.61,
    "weightedAverageShsOut": 124162000,
    "weightedAverageShsOutDil": 126906000,
    "link": null,
    "finalLink": null
  },
  {
    "date": "1995-12-31",
    "symbol": "RF",
    "reportedCurrency": "USD",
    "cik": "0001281761",
    "fillingDate": "1995-12-31",
    "acceptedDate": "1995-12-31 00:00:00",
    "calendarYear": "1995",
    "period": "FY",
    "revenue": 1447000000,
    "costOfRevenue": 665600000,
    "grossProfit": 781400000,
    "grossProfitRatio": 0.5400138217,
    "researchAndDevelopmentExpenses": 0,
    "generalAndAdministrativeExpenses": 261100000,
    "sellingAndMarketingExpenses": 0,
    "sellingGeneralAndAdministrativeExpenses": 261100000,
    "otherExpenses": 226400000,
    "operatingExpenses": 487500000,
    "costAndExpenses": 1153100000,
    "interestIncome": 1259600000,
    "interestExpense": 635300000,
    "depreciationAndAmortization": 35100000,
    "ebitda": 329000000,
    "ebitdaratio": 0.2273669661,
    "operatingIncome": 293900000,
    "operatingIncomeRatio": 0.2031098825,
    "totalOtherIncomeExpensesNet": 0,
    "incomeBeforeTax": 293900000,
    "incomeBeforeTaxRatio": 0.2031098825,
    "incomeTaxExpense": 96100000,
    "netIncome": 197800000,
    "netIncomeRatio": 0.1366966137,
    "eps": 1.6,
    "epsdiluted": 1.58,
    "weightedAverageShsOut": 92158000,
    "weightedAverageShsOutDil": 92158000,
    "link": null,
    "finalLink": null
  },
  {
    "date": "1994-12-31",
    "symbol": "RF",
    "reportedCurrency": "USD",
    "cik": "0001281761",
    "fillingDate": "1994-12-31",
    "acceptedDate": "1994-12-31 00:00:00",
    "calendarYear": "1994",
    "period": "FY",
    "revenue": 929200000,
    "costOfRevenue": 369200000,
    "grossProfit": 560000000,
    "grossProfitRatio": 0.6026689625,
    "researchAndDevelopmentExpenses": 0,
    "generalAndAdministrativeExpenses": 179200000,
    "sellingAndMarketingExpenses": 0,
    "sellingGeneralAndAdministrativeExpenses": 179200000,
    "otherExpenses": 163800000,
    "operatingExpenses": 343000000,
    "costAndExpenses": 712200000,
    "interestIncome": 785800000,
    "interestExpense": 350200000,
    "depreciationAndAmortization": 40700000,
    "ebitda": 257700000,
    "ebitdaratio": 0.2773353422,
    "operatingIncome": 217000000,
    "operatingIncomeRatio": 0.233534223,
    "totalOtherIncomeExpensesNet": 0,
    "incomeBeforeTax": 217000000,
    "incomeBeforeTaxRatio": 0.233534223,
    "incomeTaxExpense": 71100000,
    "netIncome": 145900000,
    "netIncomeRatio": 0.1570167886,
    "eps": 1.55,
    "epsdiluted": 1.53,
    "weightedAverageShsOut": 94129000,
    "weightedAverageShsOutDil": 95359000,
    "link": null,
    "finalLink": null
  },
  {
    "date": "1993-12-31",
    "symbol": "RF",
    "reportedCurrency": "USD",
    "cik": "0001281761",
    "fillingDate": "1993-12-31",
    "acceptedDate": "1993-12-31 00:00:00",
    "calendarYear": "1993",
    "period": "FY",
    "revenue": 687700000,
    "costOfRevenue": 235100000,
    "grossProfit": 452600000,
    "grossProfitRatio": 0.658135815,
    "researchAndDevelopmentExpenses": 0,
    "generalAndAdministrativeExpenses": 154600000,
    "sellingAndMarketingExpenses": 0,
    "sellingGeneralAndAdministrativeExpenses": 154600000,
    "otherExpenses": 132500000,
    "operatingExpenses": 287100000,
    "costAndExpenses": 522200000,
    "interestIncome": 555700000,
    "interestExpense": 213600000,
    "depreciationAndAmortization": 33000000,
    "ebitda": 198500000,
    "ebitdaratio": 0.2886433038,
    "operatingIncome": 165500000,
    "operatingIncomeRatio": 0.2406572633,
    "totalOtherIncomeExpensesNet": 0,
    "incomeBeforeTax": 165500000,
    "incomeBeforeTaxRatio": 0.2406572633,
    "incomeTaxExpense": 53500000,
    "netIncome": 112000000,
    "netIncomeRatio": 0.162861713,
    "eps": 1.41,
    "epsdiluted": 1.38,
    "weightedAverageShsOut": 79433000,
    "weightedAverageShsOutDil": 81159000,
    "link": null,
    "finalLink": null
  },
  {
    "date": "1992-12-31",
    "symbol": "RF",
    "reportedCurrency": "USD",
    "cik": "0001281761",
    "fillingDate": "1992-12-31",
    "acceptedDate": "1992-12-31 00:00:00",
    "calendarYear": "1992",
    "period": "FY",
    "revenue": 655900000,
    "costOfRevenue": 251200000,
    "grossProfit": 404700000,
    "grossProfitRatio": 0.6170147888,
    "researchAndDevelopmentExpenses": 0,
    "generalAndAdministrativeExpenses": 138400000,
    "sellingAndMarketingExpenses": 0,
    "sellingGeneralAndAdministrativeExpenses": 138400000,
    "otherExpenses": 126300000,
    "operatingExpenses": 264700000,
    "costAndExpenses": 515900000,
    "interestIncome": 536800000,
    "interestExpense": 224100000,
    "depreciationAndAmortization": 27700000,
    "ebitda": 167700000,
    "ebitdaratio": 0.2556792194,
    "operatingIncome": 140000000,
    "operatingIncomeRatio": 0.2134471718,
    "totalOtherIncomeExpensesNet": 0,
    "incomeBeforeTax": 140000000,
    "incomeBeforeTaxRatio": 0.2134471718,
    "incomeTaxExpense": 45000000,
    "netIncome": 95000000,
    "netIncomeRatio": 0.1448391523,
    "eps": 1.21,
    "epsdiluted": 1.19,
    "weightedAverageShsOut": 78512000,
    "weightedAverageShsOutDil": 79832000,
    "link": null,
    "finalLink": null
  },
  {
    "date": "1991-12-31",
    "symbol": "RF",
    "reportedCurrency": "USD",
    "cik": "0001281761",
    "fillingDate": "1991-12-31",
    "acceptedDate": "1991-12-31 00:00:00",
    "calendarYear": "1991",
    "period": "FY",
    "revenue": 658500000,
    "costOfRevenue": 316000000,
    "grossProfit": 342500000,
    "grossProfitRatio": 0.5201214882,
    "researchAndDevelopmentExpenses": 0,
    "generalAndAdministrativeExpenses": 119100000,
    "sellingAndMarketingExpenses": 0,
    "sellingGeneralAndAdministrativeExpenses": 119100000,
    "otherExpenses": 111400000,
    "operatingExpenses": 230500000,
    "costAndExpenses": 546500000,
    "interestIncome": 556800000,
    "interestExpense": 292000000,
    "depreciationAndAmortization": 13900000,
    "ebitda": 125900000,
    "ebitdaratio": 0.1911921033,
    "operatingIncome": 112000000,
    "operatingIncomeRatio": 0.1700835232,
    "totalOtherIncomeExpensesNet": 0,
    "incomeBeforeTax": 112000000,
    "incomeBeforeTaxRatio": 0.1700835232,
    "incomeTaxExpense": 33700000,
    "netIncome": 78300000,
    "netIncomeRatio": 0.1189066059,
    "eps": 1.08,
    "epsdiluted": 1.08,
    "weightedAverageShsOut": 72500000,
    "weightedAverageShsOutDil": 72500000,
    "link": null,
    "finalLink": null
  },
  {
    "date": "1990-12-31",
    "symbol": "RF",
    "reportedCurrency": "USD",
    "cik": "0001281761",
    "fillingDate": "1990-12-31",
    "acceptedDate": "1990-12-31 00:00:00",
    "calendarYear": "1990",
    "period": "FY",
    "revenue": 612500000,
    "costOfRevenue": 321900000,
    "grossProfit": 290600000,
    "grossProfitRatio": 0.4744489796,
    "researchAndDevelopmentExpenses": 0,
    "generalAndAdministrativeExpenses": 102400000,
    "sellingAndMarketingExpenses": 0,
    "sellingGeneralAndAdministrativeExpenses": 102400000,
    "otherExpenses": 92100000,
    "operatingExpenses": 194500000,
    "costAndExpenses": 516400000,
    "interestIncome": 519800000,
    "interestExpense": 297700000,
    "depreciationAndAmortization": 12600000,
    "ebitda": 108700000,
    "ebitdaratio": 0.1774693878,
    "operatingIncome": 96100000,
    "operatingIncomeRatio": 0.1568979592,
    "totalOtherIncomeExpensesNet": 0,
    "incomeBeforeTax": 96100000,
    "incomeBeforeTaxRatio": 0.1568979592,
    "incomeTaxExpense": 27200000,
    "netIncome": 68900000,
    "netIncomeRatio": 0.1124897959,
    "eps": 0.96,
    "epsdiluted": 0.96,
    "weightedAverageShsOut": 71771000,
    "weightedAverageShsOutDil": 71771000,
    "link": null,
    "finalLink": null
  },
  {
    "date": "1989-12-31",
    "symbol": "RF",
    "reportedCurrency": "USD",
    "cik": "0001281761",
    "fillingDate": "1989-12-31",
    "acceptedDate": "1989-12-31 00:00:00",
    "calendarYear": "1989",
    "period": "FY",
    "revenue": 567600000,
    "costOfRevenue": 308500000,
    "grossProfit": 259100000,
    "grossProfitRatio": 0.456483439,
    "researchAndDevelopmentExpenses": 0,
    "generalAndAdministrativeExpenses": 93300000,
    "sellingAndMarketingExpenses": 0,
    "sellingGeneralAndAdministrativeExpenses": 93300000,
    "otherExpenses": 82200000,
    "operatingExpenses": 175500000,
    "costAndExpenses": 484000000,
    "interestIncome": 496400000,
    "interestExpense": 292700000,
    "depreciationAndAmortization": 12400000,
    "ebitda": 96000000,
    "ebitdaratio": 0.1691331924,
    "operatingIncome": 83600000,
    "operatingIncomeRatio": 0.1472868217,
    "totalOtherIncomeExpensesNet": 0,
    "incomeBeforeTax": 83600000,
    "incomeBeforeTaxRatio": 0.1472868217,
    "incomeTaxExpense": 21000000,
    "netIncome": 62600000,
    "netIncomeRatio": 0.1102889359,
    "eps": 0.87,
    "epsdiluted": 0.87,
    "weightedAverageShsOut": 71954000,
    "weightedAverageShsOutDil": 71954000,
    "link": null,
    "finalLink": null
  },
  {
    "date": "1988-12-31",
    "symbol": "RF",
    "reportedCurrency": "USD",
    "cik": "0001281761",
    "fillingDate": "1988-12-31",
    "acceptedDate": "1988-12-30 19:00:00",
    "calendarYear": "1988",
    "period": "FY",
    "revenue": 0,
    "costOfRevenue": 0,
    "grossProfit": 0,
    "grossProfitRatio": 0,
    "researchAndDevelopmentExpenses": 0,
    "generalAndAdministrativeExpenses": 0,
    "sellingAndMarketingExpenses": 0,
    "sellingGeneralAndAdministrativeExpenses": 0,
    "otherExpenses": 58200000,
    "operatingExpenses": 58200000,
    "costAndExpenses": 58200000,
    "interestIncome": 0,
    "interestExpense": 0,
    "depreciationAndAmortization": 0,
    "ebitda": 58200000,
    "ebitdaratio": 0,
    "operatingIncome": 58200000,
    "operatingIncomeRatio": 0,
    "totalOtherIncomeExpensesNet": 0,
    "incomeBeforeTax": 0,
    "incomeBeforeTaxRatio": 0,
    "incomeTaxExpense": -58200000,
    "netIncome": 58200000,
    "netIncomeRatio": 0,
    "eps": 0.81,
    "epsdiluted": 0.81,
    "weightedAverageShsOut": 71852000,
    "weightedAverageShsOutDil": 71852000,
    "link": "",
    "finalLink": ""
  },
  {
    "date": "1987-12-31",
    "symbol": "RF",
    "reportedCurrency": "USD",
    "cik": "0001281761",
    "fillingDate": "1987-12-31",
    "acceptedDate": "1987-12-30 19:00:00",
    "calendarYear": "1987",
    "period": "FY",
    "revenue": 0,
    "costOfRevenue": 0,
    "grossProfit": 0,
    "grossProfitRatio": 0,
    "researchAndDevelopmentExpenses": 0,
    "generalAndAdministrativeExpenses": 0,
    "sellingAndMarketingExpenses": 0,
    "sellingGeneralAndAdministrativeExpenses": 0,
    "otherExpenses": 56200000,
    "operatingExpenses": 56200000,
    "costAndExpenses": 56200000,
    "interestIncome": 0,
    "interestExpense": 0,
    "depreciationAndAmortization": 0,
    "ebitda": 56200000,
    "ebitdaratio": 0,
    "operatingIncome": 56200000,
    "operatingIncomeRatio": 0,
    "totalOtherIncomeExpensesNet": 0,
    "incomeBeforeTax": 0,
    "incomeBeforeTaxRatio": 0,
    "incomeTaxExpense": -56200000,
    "netIncome": 56200000,
    "netIncomeRatio": 0,
    "eps": 0.78,
    "epsdiluted": 0.78,
    "weightedAverageShsOut": 72051000,
    "weightedAverageShsOutDil": 72051000,
    "link": "",
    "finalLink": ""
  },
  {
    "date": "1986-12-31",
    "symbol": "RF",
    "reportedCurrency": "USD",
    "cik": "0001281761",
    "fillingDate": "1986-12-31",
    "acceptedDate": "1986-12-30 19:00:00",
    "calendarYear": "1986",
    "period": "FY",
    "revenue": 0,
    "costOfRevenue": 0,
    "grossProfit": 0,
    "grossProfitRatio": 0,
    "researchAndDevelopmentExpenses": 0,
    "generalAndAdministrativeExpenses": 0,
    "sellingAndMarketingExpenses": 0,
    "sellingGeneralAndAdministrativeExpenses": 0,
    "otherExpenses": 54100000,
    "operatingExpenses": 54100000,
    "costAndExpenses": 54100000,
    "interestIncome": 0,
    "interestExpense": 0,
    "depreciationAndAmortization": 0,
    "ebitda": 54100000,
    "ebitdaratio": 0,
    "operatingIncome": 54100000,
    "operatingIncomeRatio": 0,
    "totalOtherIncomeExpensesNet": 0,
    "incomeBeforeTax": 0,
    "incomeBeforeTaxRatio": 0,
    "incomeTaxExpense": -54100000,
    "netIncome": 54100000,
    "netIncomeRatio": 0,
    "eps": 0.76,
    "epsdiluted": 0.76,
    "weightedAverageShsOut": 71184000,
    "weightedAverageShsOutDil": 71184000,
    "link": "",
    "finalLink": ""
  },
  {
    "date": "1985-12-31",
    "symbol": "RF",
    "reportedCurrency": "USD",
    "cik": "0001281761",
    "fillingDate": "1985-12-31",
    "acceptedDate": "1985-12-30 19:00:00",
    "calendarYear": "1985",
    "period": "FY",
    "revenue": 0,
    "costOfRevenue": 0,
    "grossProfit": 0,
    "grossProfitRatio": 0,
    "researchAndDevelopmentExpenses": 0,
    "generalAndAdministrativeExpenses": 0,
    "sellingAndMarketingExpenses": 0,
    "sellingGeneralAndAdministrativeExpenses": 0,
    "otherExpenses": 51100000,
    "operatingExpenses": 51100000,
    "costAndExpenses": 51100000,
    "interestIncome": 0,
    "interestExpense": 0,
    "depreciationAndAmortization": 0,
    "ebitda": 51100000,
    "ebitdaratio": 0,
    "operatingIncome": 51100000,
    "operatingIncomeRatio": 0,
    "totalOtherIncomeExpensesNet": 0,
    "incomeBeforeTax": 0,
    "incomeBeforeTaxRatio": 0,
    "incomeTaxExpense": -51100000,
    "netIncome": 51100000,
    "netIncomeRatio": 0,
    "eps": 0.76,
    "epsdiluted": 0.76,
    "weightedAverageShsOut": 67237000,
    "weightedAverageShsOutDil": 67237000,
    "link": "",
    "finalLink": ""
  }
]