[
  {
    "date": "2025-06-30",
    "symbol": "RJF",
    "reportedCurrency": "USD",
    "cik": "0000720005",
    "fillingDate": "2025-08-06",
    "acceptedDate": "2025-08-06 16:24:19",
    "calendarYear": "2025",
    "period": "Q3",
    "revenue": 3842000000,
    "costOfRevenue": 56000000,
    "grossProfit": 3786000000,
    "grossProfitRatio": 0.9854242582,
    "researchAndDevelopmentExpenses": 0,
    "generalAndAdministrativeExpenses": 1775000000,
    "sellingAndMarketingExpenses": 0,
    "sellingGeneralAndAdministrativeExpenses": 1775000000,
    "otherExpenses": 989000000,
    "operatingExpenses": 2764000000,
    "costAndExpenses": 2835000000,
    "interestIncome": 990000000,
    "interestExpense": 444000000,
    "depreciationAndAmortization": 49000000,
    "ebitda": 1007000000,
    "ebitdaratio": 0.2621030713,
    "operatingIncome": 1007000000,
    "operatingIncomeRatio": 0.2621030713,
    "totalOtherIncomeExpensesNet": -444000000,
    "incomeBeforeTax": 563000000,
    "incomeBeforeTaxRatio": 0.1465382613,
    "incomeTaxExpense": 127000000,
    "netIncome": 436000000,
    "netIncomeRatio": 0.1134825612,
    "eps": 2.16,
    "epsdiluted": 2.12,
    "weightedAverageShsOut": 201200000,
    "weightedAverageShsOutDil": 205500000,
    "link": "https://www.sec.gov/Archives/edgar/data/720005/000072000525000072/0000720005-25-000072-index.htm",
    "finalLink": "https://www.sec.gov/Archives/edgar/data/720005/000072000525000072/rjf-20250630.htm"
  },
  {
    "date": "2025-03-31",
    "symbol": "RJF",
    "reportedCurrency": "USD",
    "cik": "0000720005",
    "fillingDate": "2025-05-07",
    "acceptedDate": "2025-05-07 17:06:53",
    "calendarYear": "2025",
    "period": "Q2",
    "revenue": 3791000000,
    "costOfRevenue": 458000000,
    "grossProfit": 3333000000,
    "grossProfitRatio": 0.8791875495,
    "researchAndDevelopmentExpenses": 0,
    "generalAndAdministrativeExpenses": 2204000000,
    "sellingAndMarketingExpenses": 0,
    "sellingGeneralAndAdministrativeExpenses": 2204000000,
    "otherExpenses": 458000000,
    "operatingExpenses": 2662000000,
    "costAndExpenses": 3120000000,
    "interestIncome": 963000000,
    "interestExpense": 442000000,
    "depreciationAndAmortization": 47000000,
    "ebitda": 748000000,
    "ebitdaratio": 0.197309417,
    "operatingIncome": 701000000,
    "operatingIncomeRatio": 0.1849116328,
    "totalOtherIncomeExpensesNet": -30000000,
    "incomeBeforeTax": 671000000,
    "incomeBeforeTaxRatio": 0.1769981535,
    "incomeTaxExpense": 176000000,
    "netIncome": 495000000,
    "netIncomeRatio": 0.1305724083,
    "eps": 2.41,
    "epsdiluted": 2.36,
    "weightedAverageShsOut": 204300000,
    "weightedAverageShsOutDil": 208700000,
    "link": "https://www.sec.gov/Archives/edgar/data/720005/000072000525000053/0000720005-25-000053-index.htm",
    "finalLink": "https://www.sec.gov/Archives/edgar/data/720005/000072000525000053/rjf-20250331.htm"
  },
  {
    "date": "2024-12-31",
    "symbol": "RJF",
    "reportedCurrency": "USD",
    "cik": "0000720005",
    "fillingDate": "2025-02-07",
    "acceptedDate": "2025-02-07 16:10:16",
    "calendarYear": "2025",
    "period": "Q1",
    "revenue": 3982000000,
    "costOfRevenue": 498000000,
    "grossProfit": 3484000000,
    "grossProfitRatio": 0.8749372175,
    "researchAndDevelopmentExpenses": 0,
    "generalAndAdministrativeExpenses": 2272000000,
    "sellingAndMarketingExpenses": 0,
    "sellingGeneralAndAdministrativeExpenses": 2272000000,
    "otherExpenses": 463000000,
    "operatingExpenses": 2735000000,
    "costAndExpenses": 3233000000,
    "interestIncome": 1027000000,
    "interestExpense": 498000000,
    "depreciationAndAmortization": 47000000,
    "ebitda": 796000000,
    "ebitdaratio": 0.199899548,
    "operatingIncome": 749000000,
    "operatingIncomeRatio": 0.188096434,
    "totalOtherIncomeExpensesNet": 0,
    "incomeBeforeTax": 749000000,
    "incomeBeforeTaxRatio": 0.188096434,
    "incomeTaxExpense": 149000000,
    "netIncome": 600000000,
    "netIncomeRatio": 0.1506780512,
    "eps": 2.94,
    "epsdiluted": 2.86,
    "weightedAverageShsOut": 203700000,
    "weightedAverageShsOutDil": 209200000,
    "link": "https://www.sec.gov/Archives/edgar/data/720005/000072000525000025/0000720005-25-000025-index.htm",
    "finalLink": "https://www.sec.gov/Archives/edgar/data/720005/000072000525000025/rjf-20241231.htm"
  },
  {
    "date": "2024-09-30",
    "symbol": "RJF",
    "reportedCurrency": "USD",
    "cik": "0000720005",
    "fillingDate": "2024-11-26",
    "acceptedDate": "2024-11-26 16:53:21",
    "calendarYear": "2024",
    "period": "Q4",
    "revenue": 3953000000,
    "costOfRevenue": 563000000,
    "grossProfit": 3390000000,
    "grossProfitRatio": 0.8575765242,
    "researchAndDevelopmentExpenses": 0,
    "generalAndAdministrativeExpenses": 2159000000,
    "sellingAndMarketingExpenses": 0,
    "sellingGeneralAndAdministrativeExpenses": 2159000000,
    "otherExpenses": 471000000,
    "operatingExpenses": 2630000000,
    "costAndExpenses": 3193000000,
    "interestIncome": 1073000000,
    "interestExpense": 541000000,
    "depreciationAndAmortization": 47000000,
    "ebitda": 848000000,
    "ebitdaratio": 0.2145206173,
    "operatingIncome": 801000000,
    "operatingIncomeRatio": 0.2026309132,
    "totalOtherIncomeExpensesNet": 4094000000,
    "incomeBeforeTax": 760000000,
    "incomeBeforeTaxRatio": 0.1922590438,
    "incomeTaxExpense": 158000000,
    "netIncome": 602000000,
    "netIncomeRatio": 0.1522894005,
    "eps": 2.93,
    "epsdiluted": 2.86,
    "weightedAverageShsOut": 204700000,
    "weightedAverageShsOutDil": 212300000,
    "link": "https://www.sec.gov/Archives/edgar/data/720005/000072000524000069/0000720005-24-000069-index.htm",
    "finalLink": "https://www.sec.gov/Archives/edgar/data/720005/000072000524000069/rjf-20240930.htm"
  },
  {
    "date": "2024-06-30",
    "symbol": "RJF",
    "reportedCurrency": "USD",
    "cik": "0000720005",
    "fillingDate": "2024-08-06",
    "acceptedDate": "2024-08-06 16:36:15",
    "calendarYear": "2024",
    "period": "Q3",
    "revenue": 3714000000,
    "costOfRevenue": 524000000,
    "grossProfit": 3190000000,
    "grossProfitRatio": 0.858912224,
    "researchAndDevelopmentExpenses": 0,
    "generalAndAdministrativeExpenses": 2090000000,
    "sellingAndMarketingExpenses": 0,
    "sellingGeneralAndAdministrativeExpenses": 2090000000,
    "otherExpenses": 456000000,
    "operatingExpenses": 2546000000,
    "costAndExpenses": 3070000000,
    "interestIncome": 1057000000,
    "interestExpense": 534000000,
    "depreciationAndAmortization": 45000000,
    "ebitda": 689000000,
    "ebitdaratio": 0.1855142703,
    "operatingIncome": 645000000,
    "operatingIncomeRatio": 0.1736672052,
    "totalOtherIncomeExpensesNet": -1000000,
    "incomeBeforeTax": 644000000,
    "incomeBeforeTaxRatio": 0.1733979537,
    "incomeTaxExpense": 152000000,
    "netIncome": 492000000,
    "netIncomeRatio": 0.1324717286,
    "eps": 2.37,
    "epsdiluted": 2.31,
    "weightedAverageShsOut": 206800000,
    "weightedAverageShsOutDil": 212300000,
    "link": "https://www.sec.gov/Archives/edgar/data/720005/000072000524000051/0000720005-24-000051-index.htm",
    "finalLink": "https://www.sec.gov/Archives/edgar/data/720005/000072000524000051/rjf-20240630.htm"
  },
  {
    "date": "2024-03-31",
    "symbol": "RJF",
    "reportedCurrency": "USD",
    "cik": "0000720005",
    "fillingDate": "2024-05-07",
    "acceptedDate": "2024-05-07 16:46:33",
    "calendarYear": "2024",
    "period": "Q2",
    "revenue": 3613000000,
    "costOfRevenue": 541000000,
    "grossProfit": 3053000000,
    "grossProfitRatio": 0.8450041517,
    "researchAndDevelopmentExpenses": 0,
    "generalAndAdministrativeExpenses": 2043000000,
    "sellingAndMarketingExpenses": 0,
    "sellingGeneralAndAdministrativeExpenses": 2043000000,
    "otherExpenses": 401000000,
    "operatingExpenses": 2444000000,
    "costAndExpenses": 2985000000,
    "interestIncome": 1049000000,
    "interestExpense": 520000000,
    "depreciationAndAmortization": 45000000,
    "ebitda": 654000000,
    "ebitdaratio": 0.1810130086,
    "operatingIncome": 609000000,
    "operatingIncomeRatio": 0.1685579851,
    "totalOtherIncomeExpensesNet": 10000000,
    "incomeBeforeTax": 609000000,
    "incomeBeforeTaxRatio": 0.1685579851,
    "incomeTaxExpense": 133000000,
    "netIncome": 475000000,
    "netIncomeRatio": 0.1314696928,
    "eps": 2.27,
    "epsdiluted": 2.22,
    "weightedAverageShsOut": 208300000,
    "weightedAverageShsOutDil": 213400000,
    "link": "https://www.sec.gov/Archives/edgar/data/720005/000072000524000034/0000720005-24-000034-index.htm",
    "finalLink": "https://www.sec.gov/Archives/edgar/data/720005/000072000524000034/rjf-20240331.htm"
  },
  {
    "date": "2023-12-31",
    "symbol": "RJF",
    "reportedCurrency": "USD",
    "cik": "0000720005",
    "fillingDate": "2024-02-07",
    "acceptedDate": "2024-02-07 17:11:39",
    "calendarYear": "2024",
    "period": "Q1",
    "revenue": 3520000000,
    "costOfRevenue": 519000000,
    "grossProfit": 2961000000,
    "grossProfitRatio": 0.8411931818,
    "researchAndDevelopmentExpenses": 0,
    "generalAndAdministrativeExpenses": 1921000000,
    "sellingAndMarketingExpenses": 0,
    "sellingGeneralAndAdministrativeExpenses": 1921000000,
    "otherExpenses": 410000000,
    "operatingExpenses": 2331000000,
    "costAndExpenses": 2404000000,
    "interestIncome": 1053000000,
    "interestExpense": 507000000,
    "depreciationAndAmortization": 42000000,
    "ebitda": 703000000,
    "ebitdaratio": 0.1997159091,
    "operatingIncome": 960000000,
    "operatingIncomeRatio": 0.2727272727,
    "totalOtherIncomeExpensesNet": -45000000,
    "incomeBeforeTax": 630000000,
    "incomeBeforeTaxRatio": 0.1789772727,
    "incomeTaxExpense": 132000000,
    "netIncome": 497000000,
    "netIncomeRatio": 0.1411931818,
    "eps": 2.38,
    "epsdiluted": 2.32,
    "weightedAverageShsOut": 208600000,
    "weightedAverageShsOutDil": 213800000,
    "link": "https://www.sec.gov/Archives/edgar/data/720005/000072000524000019/0000720005-24-000019-index.htm",
    "finalLink": "https://www.sec.gov/Archives/edgar/data/720005/000072000524000019/rjf-20231231.htm"
  },
  {
    "date": "2023-09-30",
    "symbol": "RJF",
    "reportedCurrency": "USD",
    "cik": "0000720005",
    "fillingDate": "2023-11-21",
    "acceptedDate": "2023-11-21 16:04:58",
    "calendarYear": "2023",
    "period": "Q4",
    "revenue": 3478000000,
    "costOfRevenue": 498000000,
    "grossProfit": 2976000000,
    "grossProfitRatio": 0.8556641748,
    "researchAndDevelopmentExpenses": 0,
    "generalAndAdministrativeExpenses": 1892000000,
    "sellingAndMarketingExpenses": 0,
    "sellingGeneralAndAdministrativeExpenses": 1892000000,
    "otherExpenses": 499000000,
    "operatingExpenses": 2391000000,
    "costAndExpenses": 2455000000,
    "interestIncome": 1019000000,
    "interestExpense": 462000000,
    "depreciationAndAmortization": 42000000,
    "ebitda": 627000000,
    "ebitdaratio": 0.1802760207,
    "operatingIncome": 936000000,
    "operatingIncomeRatio": 0.269120184,
    "totalOtherIncomeExpensesNet": -44000000,
    "incomeBeforeTax": 585000000,
    "incomeBeforeTaxRatio": 0.168200115,
    "incomeTaxExpense": 151000000,
    "netIncome": 434000000,
    "netIncomeRatio": 0.1247843588,
    "eps": 2.07,
    "epsdiluted": 2.02,
    "weightedAverageShsOut": 208300000,
    "weightedAverageShsOutDil": 213800000,
    "link": "https://www.sec.gov/Archives/edgar/data/720005/000072000523000079/0000720005-23-000079-index.htm",
    "finalLink": "https://www.sec.gov/Archives/edgar/data/720005/000072000523000079/rjf-20230930.htm"
  },
  {
    "date": "2023-06-30",
    "symbol": "RJF",
    "reportedCurrency": "USD",
    "cik": "0000720005",
    "fillingDate": "2023-08-04",
    "acceptedDate": "2023-08-04 14:43:21",
    "calendarYear": "2023",
    "period": "Q3",
    "revenue": 2867000000,
    "costOfRevenue": 68000000,
    "grossProfit": 2813000000,
    "grossProfitRatio": 0.9811649808,
    "researchAndDevelopmentExpenses": 0,
    "generalAndAdministrativeExpenses": 1851000000,
    "sellingAndMarketingExpenses": 0,
    "sellingGeneralAndAdministrativeExpenses": 1851000000,
    "otherExpenses": 1016000000,
    "operatingExpenses": 2867000000,
    "costAndExpenses": 1991000000,
    "interestIncome": 987000000,
    "interestExpense": 386000000,
    "depreciationAndAmortization": 42000000,
    "ebitda": 528000000,
    "ebitdaratio": 0.184164632,
    "operatingIncome": 882000000,
    "operatingIncomeRatio": 0.3076386467,
    "totalOtherIncomeExpensesNet": -49000000,
    "incomeBeforeTax": 486000000,
    "incomeBeforeTaxRatio": 0.1695151727,
    "incomeTaxExpense": 117000000,
    "netIncome": 369000000,
    "netIncomeRatio": 0.1287059644,
    "eps": 1.75,
    "epsdiluted": 1.71,
    "weightedAverageShsOut": 210100000,
    "weightedAverageShsOutDil": 214800000,
    "link": "https://www.sec.gov/Archives/edgar/data/720005/000072000523000063/0000720005-23-000063-index.htm",
    "finalLink": "https://www.sec.gov/Archives/edgar/data/720005/000072000523000063/rjf-20230630.htm"
  },
  {
    "date": "2023-03-31",
    "symbol": "RJF",
    "reportedCurrency": "USD",
    "cik": "0000720005",
    "fillingDate": "2023-05-08",
    "acceptedDate": "2023-05-08 15:10:09",
    "calendarYear": "2023",
    "period": "Q2",
    "revenue": 2837000000,
    "costOfRevenue": 68000000,
    "grossProfit": 2769000000,
    "grossProfitRatio": 0.9760310187,
    "researchAndDevelopmentExpenses": 0,
    "generalAndAdministrativeExpenses": 1820000000,
    "sellingAndMarketingExpenses": 0,
    "sellingGeneralAndAdministrativeExpenses": 1820000000,
    "otherExpenses": 1017000000,
    "operatingExpenses": 1340000000,
    "costAndExpenses": 1963000000,
    "interestIncome": 915000000,
    "interestExpense": 284000000,
    "depreciationAndAmortization": 41000000,
    "ebitda": 630000000,
    "ebitdaratio": 0.2220655622,
    "operatingIncome": 580000000,
    "operatingIncomeRatio": 0.2044413112,
    "totalOtherIncomeExpensesNet": -23000000,
    "incomeBeforeTax": 557000000,
    "incomeBeforeTaxRatio": 0.1963341558,
    "incomeTaxExpense": 130000000,
    "netIncome": 427000000,
    "netIncomeRatio": 0.1505111033,
    "eps": 1.97,
    "epsdiluted": 1.93,
    "weightedAverageShsOut": 214300000,
    "weightedAverageShsOutDil": 219200000,
    "link": "https://www.sec.gov/Archives/edgar/data/720005/000072000523000043/0000720005-23-000043-index.htm",
    "finalLink": "https://www.sec.gov/Archives/edgar/data/720005/000072000523000043/rjf-20230331.htm"
  },
  {
    "date": "2022-12-31",
    "symbol": "RJF",
    "reportedCurrency": "USD",
    "cik": "0000720005",
    "fillingDate": "2023-02-03",
    "acceptedDate": "2023-02-03 15:17:22",
    "calendarYear": "2023",
    "period": "Q1",
    "revenue": 2752000000,
    "costOfRevenue": -22000000,
    "grossProfit": 2774000000,
    "grossProfitRatio": 1.007994186,
    "researchAndDevelopmentExpenses": 0,
    "generalAndAdministrativeExpenses": 1736000000,
    "sellingAndMarketingExpenses": 0,
    "sellingGeneralAndAdministrativeExpenses": 1736000000,
    "otherExpenses": 1016000000,
    "operatingExpenses": 2752000000,
    "costAndExpenses": 1872000000,
    "interestIncome": 827000000,
    "interestExpense": 241000000,
    "depreciationAndAmortization": 40000000,
    "ebitda": 724000000,
    "ebitdaratio": 0.2630813953,
    "operatingIncome": 668000000,
    "operatingIncomeRatio": 0.2427325581,
    "totalOtherIncomeExpensesNet": -16000000,
    "incomeBeforeTax": 652000000,
    "incomeBeforeTaxRatio": 0.2369186047,
    "incomeTaxExpense": 143000000,
    "netIncome": 509000000,
    "netIncomeRatio": 0.1849563953,
    "eps": 2.36,
    "epsdiluted": 2.3,
    "weightedAverageShsOut": 214700000,
    "weightedAverageShsOutDil": 220400000,
    "link": "https://www.sec.gov/Archives/edgar/data/720005/000072000523000022/0000720005-23-000022-index.htm",
    "finalLink": "https://www.sec.gov/Archives/edgar/data/720005/000072000523000022/rjf-20221231.htm"
  },
  {
    "date": "2022-09-30",
    "symbol": "RJF",
    "reportedCurrency": "USD",
    "cik": "0000720005",
    "fillingDate": "2022-11-22",
    "acceptedDate": "2022-11-22 16:40:10",
    "calendarYear": "2022",
    "period": "Q4",
    "revenue": 2795000000,
    "costOfRevenue": 66000000,
    "grossProfit": 2729000000,
    "grossProfitRatio": 0.9763864043,
    "researchAndDevelopmentExpenses": 0,
    "generalAndAdministrativeExpenses": 1956000000,
    "sellingAndMarketingExpenses": 0,
    "sellingGeneralAndAdministrativeExpenses": 1956000000,
    "otherExpenses": 839000000,
    "operatingExpenses": 2795000000,
    "costAndExpenses": 2105000000,
    "interestIncome": 667000000,
    "interestExpense": 170000000,
    "depreciationAndAmortization": 40000000,
    "ebitda": 633000000,
    "ebitdaratio": 0.2264758497,
    "operatingIncome": 593000000,
    "operatingIncomeRatio": 0.2121645796,
    "totalOtherIncomeExpensesNet": -189000000,
    "incomeBeforeTax": 616000000,
    "incomeBeforeTaxRatio": 0.2203935599,
    "incomeTaxExpense": 177000000,
    "netIncome": 439000000,
    "netIncomeRatio": 0.1570661896,
    "eps": 2.03,
    "epsdiluted": 1.98,
    "weightedAverageShsOut": 215000000,
    "weightedAverageShsOutDil": 220600000,
    "link": "https://www.sec.gov/Archives/edgar/data/720005/000072000522000066/0000720005-22-000066-index.htm",
    "finalLink": "https://www.sec.gov/Archives/edgar/data/720005/000072000522000066/rjf-20220930.htm"
  },
  {
    "date": "2022-06-30",
    "symbol": "RJF",
    "reportedCurrency": "USD",
    "cik": "0000720005",
    "fillingDate": "2022-08-08",
    "acceptedDate": "2022-08-08 15:29:32",
    "calendarYear": "2022",
    "period": "Q3",
    "revenue": 2680000000,
    "costOfRevenue": 65000000,
    "grossProfit": 2615000000,
    "grossProfitRatio": 0.9757462687,
    "researchAndDevelopmentExpenses": 0,
    "generalAndAdministrativeExpenses": 1834000000,
    "sellingAndMarketingExpenses": 0,
    "sellingGeneralAndAdministrativeExpenses": 1834000000,
    "otherExpenses": 846000000,
    "operatingExpenses": 2680000000,
    "costAndExpenses": 1973000000,
    "interestIncome": 374000000,
    "interestExpense": 60000000,
    "depreciationAndAmortization": 36000000,
    "ebitda": 502000000,
    "ebitdaratio": 0.1873134328,
    "operatingIncome": 441000000,
    "operatingIncomeRatio": 0.1645522388,
    "totalOtherIncomeExpensesNet": -26000000,
    "incomeBeforeTax": 415000000,
    "incomeBeforeTaxRatio": 0.1548507463,
    "incomeTaxExpense": 114000000,
    "netIncome": 301000000,
    "netIncomeRatio": 0.1123134328,
    "eps": 1.41,
    "epsdiluted": 1.38,
    "weightedAverageShsOut": 210700000,
    "weightedAverageShsOutDil": 215700000,
    "link": "https://www.sec.gov/Archives/edgar/data/720005/000072000522000044/0000720005-22-000044-index.htm",
    "finalLink": "https://www.sec.gov/Archives/edgar/data/720005/000072000522000044/rjf-20220630.htm"
  },
  {
    "date": "2022-03-31",
    "symbol": "RJF",
    "reportedCurrency": "USD",
    "cik": "0000720005",
    "fillingDate": "2022-05-09",
    "acceptedDate": "2022-05-09 15:43:56",
    "calendarYear": "2022",
    "period": "Q2",
    "revenue": 2711000000,
    "costOfRevenue": 62000000,
    "grossProfit": 2571000000,
    "grossProfitRatio": 0.9483585393,
    "researchAndDevelopmentExpenses": 0,
    "generalAndAdministrativeExpenses": 2013000000,
    "sellingAndMarketingExpenses": 0,
    "sellingGeneralAndAdministrativeExpenses": 2013000000,
    "otherExpenses": 620000000,
    "operatingExpenses": 2633000000,
    "costAndExpenses": 1943000000,
    "interestIncome": 242000000,
    "interestExpense": 38000000,
    "depreciationAndAmortization": 34000000,
    "ebitda": 505000000,
    "ebitdaratio": 0.1862781262,
    "operatingIncome": 470000000,
    "operatingIncomeRatio": 0.173367761,
    "totalOtherIncomeExpensesNet": -37000000,
    "incomeBeforeTax": 433000000,
    "incomeBeforeTaxRatio": 0.1597196606,
    "incomeTaxExpense": 110000000,
    "netIncome": 323000000,
    "netIncomeRatio": 0.1191442272,
    "eps": 1.56,
    "epsdiluted": 1.52,
    "weightedAverageShsOut": 207700000,
    "weightedAverageShsOutDil": 213000000,
    "link": "https://www.sec.gov/Archives/edgar/data/720005/000072000522000027/0000720005-22-000027-index.htm",
    "finalLink": "https://www.sec.gov/Archives/edgar/data/720005/000072000522000027/rjf-20220331.htm"
  },
  {
    "date": "2021-12-31",
    "symbol": "RJF",
    "reportedCurrency": "USD",
    "cik": "0000720005",
    "fillingDate": "2022-02-08",
    "acceptedDate": "2022-02-08 13:44:59",
    "calendarYear": "2022",
    "period": "Q1",
    "revenue": 2743000000,
    "costOfRevenue": 59000000,
    "grossProfit": 2684000000,
    "grossProfitRatio": 0.9784907036,
    "researchAndDevelopmentExpenses": 0,
    "generalAndAdministrativeExpenses": 1884000000,
    "sellingAndMarketingExpenses": 0,
    "sellingGeneralAndAdministrativeExpenses": 1884000000,
    "otherExpenses": 859000000,
    "operatingExpenses": 2743000000,
    "costAndExpenses": 2006000000,
    "interestIncome": 225000000,
    "interestExpense": 37000000,
    "depreciationAndAmortization": 35000000,
    "ebitda": 627000000,
    "ebitdaratio": 0.2285818447,
    "operatingIncome": 559000000,
    "operatingIncomeRatio": 0.2037914692,
    "totalOtherIncomeExpensesNet": -1000000,
    "incomeBeforeTax": 558000000,
    "incomeBeforeTaxRatio": 0.2034269048,
    "incomeTaxExpense": 112000000,
    "netIncome": 446000000,
    "netIncomeRatio": 0.1625956981,
    "eps": 2.16,
    "epsdiluted": 2.1,
    "weightedAverageShsOut": 206300000,
    "weightedAverageShsOutDil": 212400000,
    "link": "https://www.sec.gov/Archives/edgar/data/720005/000072000522000010/0000720005-22-000010-index.htm",
    "finalLink": "https://www.sec.gov/Archives/edgar/data/720005/000072000522000010/rjf-20211231.htm"
  },
  {
    "date": "2021-09-30",
    "symbol": "RJF",
    "reportedCurrency": "USD",
    "cik": "0000720005",
    "fillingDate": "2021-11-23",
    "acceptedDate": "2021-11-23 15:56:46",
    "calendarYear": "2021",
    "period": "Q4",
    "revenue": 2658000000,
    "costOfRevenue": 113000000,
    "grossProfit": 2750000000,
    "grossProfitRatio": 1.0346124906,
    "researchAndDevelopmentExpenses": 0,
    "generalAndAdministrativeExpenses": 1924000000,
    "sellingAndMarketingExpenses": 0,
    "sellingGeneralAndAdministrativeExpenses": 1924000000,
    "otherExpenses": 5199000000,
    "operatingExpenses": 2658000000,
    "costAndExpenses": 1908000000,
    "interestIncome": 215000000,
    "interestExpense": 35000000,
    "depreciationAndAmortization": 37000000,
    "ebitda": 0,
    "ebitdaratio": 0,
    "operatingIncome": 575000000,
    "operatingIncomeRatio": 0.2163280662,
    "totalOtherIncomeExpensesNet": -15000000,
    "incomeBeforeTax": 560000000,
    "incomeBeforeTaxRatio": 0.2106847254,
    "incomeTaxExpense": 131000000,
    "netIncome": 429000000,
    "netIncomeRatio": 0.1613995485,
    "eps": 2.08,
    "epsdiluted": 2.02,
    "weightedAverageShsOut": 205500000,
    "weightedAverageShsOutDil": 211700000,
    "link": "https://www.sec.gov/Archives/edgar/data/720005/000072000521000106/0000720005-21-000106-index.htm",
    "finalLink": "https://www.sec.gov/Archives/edgar/data/720005/000072000521000106/rjf-20210930.htm"
  },
  {
    "date": "2021-06-30",
    "symbol": "RJF",
    "reportedCurrency": "USD",
    "cik": "0000720005",
    "fillingDate": "2021-08-09",
    "acceptedDate": "2021-08-09 12:08:41",
    "calendarYear": "2021",
    "period": "Q3",
    "revenue": 2437000000,
    "costOfRevenue": 58000000,
    "grossProfit": 2379000000,
    "grossProfitRatio": 0.9762002462,
    "researchAndDevelopmentExpenses": 0,
    "generalAndAdministrativeExpenses": 1801000000,
    "sellingAndMarketingExpenses": 0,
    "sellingGeneralAndAdministrativeExpenses": 1801000000,
    "otherExpenses": 636000000,
    "operatingExpenses": 1288000000,
    "costAndExpenses": 1780000000,
    "interestIncome": 205000000,
    "interestExpense": 40000000,
    "depreciationAndAmortization": 33000000,
    "ebitda": 545000000,
    "ebitdaratio": 0.2236356176,
    "operatingIncome": 492000000,
    "operatingIncomeRatio": 0.2018875667,
    "totalOtherIncomeExpensesNet": -107000000,
    "incomeBeforeTax": 385000000,
    "incomeBeforeTaxRatio": 0.1579811243,
    "incomeTaxExpense": 78000000,
    "netIncome": 307000000,
    "netIncomeRatio": 0.1259745589,
    "eps": 1.49,
    "epsdiluted": 1.45,
    "weightedAverageShsOut": 205800000,
    "weightedAverageShsOutDil": 211700000,
    "link": "https://www.sec.gov/Archives/edgar/data/720005/000072000521000052/0000720005-21-000052-index.htm",
    "finalLink": "https://www.sec.gov/Archives/edgar/data/720005/000072000521000052/rjf-20210630.htm"
  },
  {
    "date": "2021-03-31",
    "symbol": "RJF",
    "reportedCurrency": "USD",
    "cik": "0000720005",
    "fillingDate": "2021-05-07",
    "acceptedDate": "2021-05-07 15:28:28",
    "calendarYear": "2021",
    "period": "Q2",
    "revenue": 2341000000,
    "costOfRevenue": -11000000,
    "grossProfit": 2352000000,
    "grossProfitRatio": 1.0046988466,
    "researchAndDevelopmentExpenses": 0,
    "generalAndAdministrativeExpenses": 1776000000,
    "sellingAndMarketingExpenses": 0,
    "sellingGeneralAndAdministrativeExpenses": 1776000000,
    "otherExpenses": 565000000,
    "operatingExpenses": 2341000000,
    "costAndExpenses": 1751000000,
    "interestIncome": 200000000,
    "interestExpense": 37000000,
    "depreciationAndAmortization": 32000000,
    "ebitda": 508000000,
    "ebitdaratio": 0.2170012815,
    "operatingIncome": 484000000,
    "operatingIncomeRatio": 0.2067492525,
    "totalOtherIncomeExpensesNet": -37000000,
    "incomeBeforeTax": 447000000,
    "incomeBeforeTaxRatio": 0.190944041,
    "incomeTaxExpense": 92000000,
    "netIncome": 355000000,
    "netIncomeRatio": 0.1516445963,
    "eps": 1.72,
    "epsdiluted": 1.68,
    "weightedAverageShsOut": 206700000,
    "weightedAverageShsOutDil": 211800000,
    "link": "https://www.sec.gov/Archives/edgar/data/720005/000072000521000034/0000720005-21-000034-index.htm",
    "finalLink": "https://www.sec.gov/Archives/edgar/data/720005/000072000521000034/rjf-20210331.htm"
  },
  {
    "date": "2020-12-31",
    "symbol": "RJF",
    "reportedCurrency": "USD",
    "cik": "0000720005",
    "fillingDate": "2021-02-08",
    "acceptedDate": "2021-02-08 15:46:17",
    "calendarYear": "2021",
    "period": "Q1",
    "revenue": 2194000000,
    "costOfRevenue": 57000000,
    "grossProfit": 2137000000,
    "grossProfitRatio": 0.9740200547,
    "researchAndDevelopmentExpenses": 0,
    "generalAndAdministrativeExpenses": 1622000000,
    "sellingAndMarketingExpenses": 0,
    "sellingGeneralAndAdministrativeExpenses": 1622000000,
    "otherExpenses": 572000000,
    "operatingExpenses": 1097000000,
    "costAndExpenses": 1610000000,
    "interestIncome": 203000000,
    "interestExpense": 38000000,
    "depreciationAndAmortization": 32000000,
    "ebitda": 460000000,
    "ebitdaratio": 0.2096627165,
    "operatingIncome": 437000000,
    "operatingIncomeRatio": 0.1991795807,
    "totalOtherIncomeExpensesNet": -38000000,
    "incomeBeforeTax": 399000000,
    "incomeBeforeTaxRatio": 0.1818596171,
    "incomeTaxExpense": 87000000,
    "netIncome": 312000000,
    "netIncomeRatio": 0.1422060164,
    "eps": 1.52,
    "epsdiluted": 1.49,
    "weightedAverageShsOut": 205200000,
    "weightedAverageShsOutDil": 209550000,
    "link": "https://www.sec.gov/Archives/edgar/data/720005/000072000521000013/0000720005-21-000013-index.htm",
    "finalLink": "https://www.sec.gov/Archives/edgar/data/720005/000072000521000013/rjf-20201231.htm"
  },
  {
    "date": "2020-09-30",
    "symbol": "RJF",
    "reportedCurrency": "USD",
    "cik": "0000720005",
    "fillingDate": "2020-11-24",
    "acceptedDate": "2020-11-24 15:48:16",
    "calendarYear": "2020",
    "period": "Q4",
    "revenue": 2053000000,
    "costOfRevenue": 95000000,
    "grossProfit": 7664000000,
    "grossProfitRatio": 3.7330735509,
    "researchAndDevelopmentExpenses": 0,
    "generalAndAdministrativeExpenses": 1543000000,
    "sellingAndMarketingExpenses": 0,
    "sellingGeneralAndAdministrativeExpenses": 1543000000,
    "otherExpenses": 4449000000,
    "operatingExpenses": 2053000000,
    "costAndExpenses": 1523000000,
    "interestIncome": 201000000,
    "interestExpense": 42000000,
    "depreciationAndAmortization": 31000000,
    "ebitda": 0,
    "ebitdaratio": 0,
    "operatingIncome": 322000000,
    "operatingIncomeRatio": 0.1568436434,
    "totalOtherIncomeExpensesNet": -66000000,
    "incomeBeforeTax": 256000000,
    "incomeBeforeTaxRatio": 0.1246955675,
    "incomeTaxExpense": 47000000,
    "netIncome": 209000000,
    "netIncomeRatio": 0.1018022406,
    "eps": 1.02,
    "epsdiluted": 1,
    "weightedAverageShsOut": 205350000,
    "weightedAverageShsOutDil": 209400000,
    "link": "https://www.sec.gov/Archives/edgar/data/720005/000072000520000063/0000720005-20-000063-index.htm",
    "finalLink": "https://www.sec.gov/Archives/edgar/data/720005/000072000520000063/rjf-20200930.htm"
  },
  {
    "date": "2020-06-30",
    "symbol": "RJF",
    "reportedCurrency": "USD",
    "cik": "0000720005",
    "fillingDate": "2020-08-07",
    "acceptedDate": "2020-08-07 11:45:19",
    "calendarYear": "2020",
    "period": "Q3",
    "revenue": 1811000000,
    "costOfRevenue": 55000000,
    "grossProfit": 1756000000,
    "grossProfitRatio": 0.9696300387,
    "researchAndDevelopmentExpenses": 0,
    "generalAndAdministrativeExpenses": 1398000000,
    "sellingAndMarketingExpenses": 0,
    "sellingGeneralAndAdministrativeExpenses": 1398000000,
    "otherExpenses": 413000000,
    "operatingExpenses": 891000000,
    "costAndExpenses": 1377000000,
    "interestIncome": 217000000,
    "interestExpense": 42000000,
    "depreciationAndAmortization": 30000000,
    "ebitda": 0,
    "ebitdaratio": 0,
    "operatingIncome": 237000000,
    "operatingIncomeRatio": 0.1308669244,
    "totalOtherIncomeExpensesNet": -39000000,
    "incomeBeforeTax": 198000000,
    "incomeBeforeTaxRatio": 0.1093318609,
    "incomeTaxExpense": 26000000,
    "netIncome": 172000000,
    "netIncomeRatio": 0.0949751518,
    "eps": 0.83,
    "epsdiluted": 0.82,
    "weightedAverageShsOut": 205650000,
    "weightedAverageShsOutDil": 209100000,
    "link": "https://www.sec.gov/Archives/edgar/data/720005/000072000520000041/0000720005-20-000041-index.htm",
    "finalLink": "https://www.sec.gov/Archives/edgar/data/720005/000072000520000041/rjf-20200630.htm"
  },
  {
    "date": "2020-03-31",
    "symbol": "RJF",
    "reportedCurrency": "USD",
    "cik": "0000720005",
    "fillingDate": "2020-05-08",
    "acceptedDate": "2020-05-08 14:09:49",
    "calendarYear": "2020",
    "period": "Q2",
    "revenue": 2042000000,
    "costOfRevenue": -13000000,
    "grossProfit": 2055000000,
    "grossProfitRatio": 1.0063663075,
    "researchAndDevelopmentExpenses": 0,
    "generalAndAdministrativeExpenses": 1562000000,
    "sellingAndMarketingExpenses": 0,
    "sellingGeneralAndAdministrativeExpenses": 1562000000,
    "otherExpenses": 480000000,
    "operatingExpenses": 2042000000,
    "costAndExpenses": 1677000000,
    "interestIncome": 285000000,
    "interestExpense": 43000000,
    "depreciationAndAmortization": 28000000,
    "ebitda": 291000000,
    "ebitdaratio": 0.1425073457,
    "operatingIncome": 374000000,
    "operatingIncomeRatio": 0.1831537708,
    "totalOtherIncomeExpensesNet": 23000000,
    "incomeBeforeTax": 239000000,
    "incomeBeforeTaxRatio": 0.1170421156,
    "incomeTaxExpense": 70000000,
    "netIncome": 169000000,
    "netIncomeRatio": 0.082761998,
    "eps": 0.81,
    "epsdiluted": 0.8,
    "weightedAverageShsOut": 207600000,
    "weightedAverageShsOutDil": 211650000,
    "link": "https://www.sec.gov/Archives/edgar/data/720005/000072000520000029/0000720005-20-000029-index.htm",
    "finalLink": "https://www.sec.gov/Archives/edgar/data/720005/000072000520000029/rjf-2020033110q.htm"
  },
  {
    "date": "2019-12-31",
    "symbol": "RJF",
    "reportedCurrency": "USD",
    "cik": "0000720005",
    "fillingDate": "2020-02-07",
    "acceptedDate": "2020-02-07 11:05:44",
    "calendarYear": "2020",
    "period": "Q1",
    "revenue": 1983000000,
    "costOfRevenue": 57000000,
    "grossProfit": 1926000000,
    "grossProfitRatio": 0.9712556732,
    "researchAndDevelopmentExpenses": 0,
    "generalAndAdministrativeExpenses": 1489000000,
    "sellingAndMarketingExpenses": 0,
    "sellingGeneralAndAdministrativeExpenses": 1489000000,
    "otherExpenses": 494000000,
    "operatingExpenses": 1983000000,
    "costAndExpenses": 1473000000,
    "interestIncome": 297000000,
    "interestExpense": 51000000,
    "depreciationAndAmortization": 30000000,
    "ebitda": 412000000,
    "ebitdaratio": 0.2077660111,
    "operatingIncome": 370000000,
    "operatingIncomeRatio": 0.1865859808,
    "totalOtherIncomeExpensesNet": -11000000,
    "incomeBeforeTax": 359000000,
    "incomeBeforeTaxRatio": 0.1810388301,
    "incomeTaxExpense": 91000000,
    "netIncome": 268000000,
    "netIncomeRatio": 0.1351487645,
    "eps": 1.29,
    "epsdiluted": 1.26,
    "weightedAverageShsOut": 207450000,
    "weightedAverageShsOutDil": 212250000,
    "link": "https://www.sec.gov/Archives/edgar/data/720005/000072000520000013/0000720005-20-000013-index.htm",
    "finalLink": "https://www.sec.gov/Archives/edgar/data/720005/000072000520000013/rjf-2019123110q.htm"
  },
  {
    "date": "2019-09-30",
    "symbol": "RJF",
    "reportedCurrency": "USD",
    "cik": "0000720005",
    "fillingDate": "2019-11-26",
    "acceptedDate": "2019-11-26 16:37:08",
    "calendarYear": "2019",
    "period": "Q4",
    "revenue": 1999000000,
    "costOfRevenue": 117000000,
    "grossProfit": 7428000000,
    "grossProfitRatio": 3.715857929,
    "researchAndDevelopmentExpenses": 0,
    "generalAndAdministrativeExpenses": 1468000000,
    "sellingAndMarketingExpenses": 0,
    "sellingGeneralAndAdministrativeExpenses": 1468000000,
    "otherExpenses": 4186000000,
    "operatingExpenses": 1999000000,
    "costAndExpenses": 1456000000,
    "interestIncome": 320000000,
    "interestExpense": 62000000,
    "depreciationAndAmortization": 31000000,
    "ebitda": 0,
    "ebitdaratio": 0,
    "operatingIncome": 343000000,
    "operatingIncomeRatio": 0.1715857929,
    "totalOtherIncomeExpensesNet": 27000000,
    "incomeBeforeTax": 370000000,
    "incomeBeforeTaxRatio": 0.1850925463,
    "incomeTaxExpense": 89000000,
    "netIncome": 265000000,
    "netIncomeRatio": 0.1325662831,
    "eps": 1.27,
    "epsdiluted": 1.24,
    "weightedAverageShsOut": 207900000,
    "weightedAverageShsOutDil": 212700000,
    "link": "https://www.sec.gov/Archives/edgar/data/720005/000072000519000086/0000720005-19-000086-index.htm",
    "finalLink": "https://www.sec.gov/Archives/edgar/data/720005/000072000519000086/rjf-20190930x10k.htm"
  },
  {
    "date": "2019-06-30",
    "symbol": "RJF",
    "reportedCurrency": "USD",
    "cik": "0000720005",
    "fillingDate": "2019-08-08",
    "acceptedDate": "2019-08-08 09:18:35",
    "calendarYear": "2019",
    "period": "Q3",
    "revenue": 1903000000,
    "costOfRevenue": 55000000,
    "grossProfit": 1848000000,
    "grossProfitRatio": 0.9710982659,
    "researchAndDevelopmentExpenses": 0,
    "generalAndAdministrativeExpenses": 1426000000,
    "sellingAndMarketingExpenses": 0,
    "sellingGeneralAndAdministrativeExpenses": 1426000000,
    "otherExpenses": 477000000,
    "operatingExpenses": 901000000,
    "costAndExpenses": 1411000000,
    "interestIncome": 321000000,
    "interestExpense": 73000000,
    "depreciationAndAmortization": 28000000,
    "ebitda": 0,
    "ebitdaratio": 0,
    "operatingIncome": 350000000,
    "operatingIncomeRatio": 0.1839201261,
    "totalOtherIncomeExpensesNet": -10000000,
    "incomeBeforeTax": 340000000,
    "incomeBeforeTaxRatio": 0.1786652654,
    "incomeTaxExpense": 83000000,
    "netIncome": 259000000,
    "netIncomeRatio": 0.1361008933,
    "eps": 1.23,
    "epsdiluted": 1.2,
    "weightedAverageShsOut": 210600000,
    "weightedAverageShsOutDil": 215400000,
    "link": "https://www.sec.gov/Archives/edgar/data/720005/000072000519000063/0000720005-19-000063-index.htm",
    "finalLink": "https://www.sec.gov/Archives/edgar/data/720005/000072000519000063/rjf-2019063010q.htm"
  },
  {
    "date": "2019-03-31",
    "symbol": "RJF",
    "reportedCurrency": "USD",
    "cik": "0000720005",
    "fillingDate": "2019-05-09",
    "acceptedDate": "2019-05-09 16:28:31",
    "calendarYear": "2019",
    "period": "Q2",
    "revenue": 1837000000,
    "costOfRevenue": 16000000,
    "grossProfit": 1821000000,
    "grossProfitRatio": 0.991290147,
    "researchAndDevelopmentExpenses": 0,
    "generalAndAdministrativeExpenses": 1360000000,
    "sellingAndMarketingExpenses": 0,
    "sellingGeneralAndAdministrativeExpenses": 1360000000,
    "otherExpenses": 477000000,
    "operatingExpenses": 1837000000,
    "costAndExpenses": 1336000000,
    "interestIncome": 324000000,
    "interestExpense": 75000000,
    "depreciationAndAmortization": 27000000,
    "ebitda": 385000000,
    "ebitdaratio": 0.2095808383,
    "operatingIncome": 351000000,
    "operatingIncomeRatio": 0.1910724007,
    "totalOtherIncomeExpensesNet": -16000000,
    "incomeBeforeTax": 335000000,
    "incomeBeforeTaxRatio": 0.1823625476,
    "incomeTaxExpense": 86000000,
    "netIncome": 261000000,
    "netIncomeRatio": 0.1420794774,
    "eps": 1.23,
    "epsdiluted": 1.21,
    "weightedAverageShsOut": 215850000,
    "weightedAverageShsOutDil": 215850000,
    "link": "https://www.sec.gov/Archives/edgar/data/720005/000072000519000046/0000720005-19-000046-index.htm",
    "finalLink": "https://www.sec.gov/Archives/edgar/data/720005/000072000519000046/rjf-2019033110q.htm"
  },
  {
    "date": "2018-12-31",
    "symbol": "RJF",
    "reportedCurrency": "USD",
    "cik": "0000720005",
    "fillingDate": "2019-02-08",
    "acceptedDate": "2019-02-08 11:20:52",
    "calendarYear": "2019",
    "period": "Q1",
    "revenue": 1907000000,
    "costOfRevenue": 51000000,
    "grossProfit": 1856000000,
    "grossProfitRatio": 0.9732564237,
    "researchAndDevelopmentExpenses": 0,
    "generalAndAdministrativeExpenses": 1400000000,
    "sellingAndMarketingExpenses": 0,
    "sellingGeneralAndAdministrativeExpenses": 1400000000,
    "otherExpenses": 507000000,
    "operatingExpenses": 887000000,
    "costAndExpenses": 1381000000,
    "interestIncome": 316000000,
    "interestExpense": 73000000,
    "depreciationAndAmortization": 26000000,
    "ebitda": 0,
    "ebitdaratio": 0,
    "operatingIncome": 321000000,
    "operatingIncomeRatio": 0.1683272155,
    "totalOtherIncomeExpensesNet": 9000000,
    "incomeBeforeTax": 330000000,
    "incomeBeforeTaxRatio": 0.1730466702,
    "incomeTaxExpense": 83000000,
    "netIncome": 249000000,
    "netIncomeRatio": 0.1305715784,
    "eps": 1.15,
    "epsdiluted": 1.13,
    "weightedAverageShsOut": 216300000,
    "weightedAverageShsOutDil": 220950000,
    "link": "https://www.sec.gov/Archives/edgar/data/720005/000072000519000013/0000720005-19-000013-index.htm",
    "finalLink": "https://www.sec.gov/Archives/edgar/data/720005/000072000519000013/rjf-2018123110q.htm"
  },
  {
    "date": "2018-09-30",
    "symbol": "RJF",
    "reportedCurrency": "USD",
    "cik": "0000720005",
    "fillingDate": "2018-11-21",
    "acceptedDate": "2018-11-20 20:31:57",
    "calendarYear": "2018",
    "period": "Q4",
    "revenue": 1875012000,
    "costOfRevenue": 89486000,
    "grossProfit": 1899000000,
    "grossProfitRatio": 1.0127935181,
    "researchAndDevelopmentExpenses": 0,
    "generalAndAdministrativeExpenses": 1380187000,
    "sellingAndMarketingExpenses": 0,
    "sellingGeneralAndAdministrativeExpenses": 1380187000,
    "otherExpenses": 494825000,
    "operatingExpenses": 1875012000,
    "costAndExpenses": 1364000000,
    "interestIncome": 292076000,
    "interestExpense": 63163000,
    "depreciationAndAmortization": 26805000,
    "ebitda": 0,
    "ebitdaratio": 0,
    "operatingIncome": 367723000,
    "operatingIncomeRatio": 0.1961176782,
    "totalOtherIncomeExpensesNet": -11938000,
    "incomeBeforeTax": 344062000,
    "incomeBeforeTaxRatio": 0.1834985589,
    "incomeTaxExpense": 87235000,
    "netIncome": 262748000,
    "netIncomeRatio": 0.1401313698,
    "eps": 1.2,
    "epsdiluted": 1.17,
    "weightedAverageShsOut": 218430000,
    "weightedAverageShsOutDil": 224195000,
    "link": "https://www.sec.gov/Archives/edgar/data/720005/000072000518000083/0000720005-18-000083-index.htm",
    "finalLink": "https://www.sec.gov/Archives/edgar/data/720005/000072000518000083/rjf-20180930x10k.htm"
  },
  {
    "date": "2018-06-30",
    "symbol": "RJF",
    "reportedCurrency": "USD",
    "cik": "0000720005",
    "fillingDate": "2018-08-07",
    "acceptedDate": "2018-08-07 15:58:37",
    "calendarYear": "2018",
    "period": "Q3",
    "revenue": 1814000000,
    "costOfRevenue": 49503000,
    "grossProfit": 1764497000,
    "grossProfitRatio": 0.9727105843,
    "researchAndDevelopmentExpenses": 0,
    "generalAndAdministrativeExpenses": 1354000000,
    "sellingAndMarketingExpenses": 0,
    "sellingGeneralAndAdministrativeExpenses": 1354000000,
    "otherExpenses": 460000000,
    "operatingExpenses": 1814000000,
    "costAndExpenses": 1334000000,
    "interestIncome": 271000000,
    "interestExpense": 54000000,
    "depreciationAndAmortization": 25145000,
    "ebitda": 145000,
    "ebitdaratio": 0.0000799338,
    "operatingIncome": 303000000,
    "operatingIncomeRatio": 0.1670341786,
    "totalOtherIncomeExpensesNet": 15042000,
    "incomeBeforeTax": 318042000,
    "incomeBeforeTaxRatio": 0.1753263506,
    "incomeTaxExpense": 85800000,
    "netIncome": 232000000,
    "netIncomeRatio": 0.1278941566,
    "eps": 1.06,
    "epsdiluted": 1.04,
    "weightedAverageShsOut": 218451000,
    "weightedAverageShsOutDil": 224100000,
    "link": "https://www.sec.gov/Archives/edgar/data/720005/000072000518000058/0000720005-18-000058-index.htm",
    "finalLink": "https://www.sec.gov/Archives/edgar/data/720005/000072000518000058/rjf-2018063010q.htm"
  },
  {
    "date": "2018-03-31",
    "symbol": "RJF",
    "reportedCurrency": "USD",
    "cik": "0000720005",
    "fillingDate": "2018-05-09",
    "acceptedDate": "2018-05-08 19:30:19",
    "calendarYear": "2018",
    "period": "Q2",
    "revenue": 1789000000,
    "costOfRevenue": 17085000,
    "grossProfit": 1771915000,
    "grossProfitRatio": 0.9904499721,
    "researchAndDevelopmentExpenses": 0,
    "generalAndAdministrativeExpenses": 1332000000,
    "sellingAndMarketingExpenses": 0,
    "sellingGeneralAndAdministrativeExpenses": 1332000000,
    "otherExpenses": 457000000,
    "operatingExpenses": 1789000000,
    "costAndExpenses": 1305000000,
    "interestIncome": 248846000,
    "interestExpense": 44602000,
    "depreciationAndAmortization": 24000000,
    "ebitda": 378187000,
    "ebitdaratio": 0.2113957518,
    "operatingIncome": 322000000,
    "operatingIncomeRatio": 0.1799888206,
    "totalOtherIncomeExpensesNet": 9089000,
    "incomeBeforeTax": 331089000,
    "incomeBeforeTaxRatio": 0.1850693125,
    "incomeTaxExpense": 88524000,
    "netIncome": 242847000,
    "netIncomeRatio": 0.13574455,
    "eps": 1.11,
    "epsdiluted": 1.09,
    "weightedAverageShsOut": 218100000,
    "weightedAverageShsOutDil": 223500000,
    "link": "https://www.sec.gov/Archives/edgar/data/720005/000072000518000038/0000720005-18-000038-index.htm",
    "finalLink": "https://www.sec.gov/Archives/edgar/data/720005/000072000518000038/rjf-2018033110q.htm"
  },
  {
    "date": "2017-12-31",
    "symbol": "RJF",
    "reportedCurrency": "USD",
    "cik": "0000720005",
    "fillingDate": "2018-02-08",
    "acceptedDate": "2018-02-08 17:15:27",
    "calendarYear": "2018",
    "period": "Q1",
    "revenue": 1703840000,
    "costOfRevenue": 49814000,
    "grossProfit": 1654026000,
    "grossProfitRatio": 0.9707636867,
    "researchAndDevelopmentExpenses": 0,
    "generalAndAdministrativeExpenses": 1267000000,
    "sellingAndMarketingExpenses": 0,
    "sellingGeneralAndAdministrativeExpenses": 1267000000,
    "otherExpenses": 437000000,
    "operatingExpenses": 1704000000,
    "costAndExpenses": 1249000000,
    "interestIncome": 231729000,
    "interestExpense": 40000000,
    "depreciationAndAmortization": 23000000,
    "ebitda": 289000,
    "ebitdaratio": 0.0001696169,
    "operatingIncome": 316000000,
    "operatingIncomeRatio": 0.1854634238,
    "totalOtherIncomeExpensesNet": -4316000,
    "incomeBeforeTax": 311684000,
    "incomeBeforeTaxRatio": 0.1829303221,
    "incomeTaxExpense": 192401000,
    "netIncome": 118842000,
    "netIncomeRatio": 0.069749507,
    "eps": 0.55,
    "epsdiluted": 0.53,
    "weightedAverageShsOut": 216703000,
    "weightedAverageShsOutDil": 222450000,
    "link": "https://www.sec.gov/Archives/edgar/data/720005/000072000518000018/0000720005-18-000018-index.htm",
    "finalLink": "https://www.sec.gov/Archives/edgar/data/720005/000072000518000018/rjf-2017123110q.htm"
  },
  {
    "date": "2017-09-30",
    "symbol": "RJF",
    "reportedCurrency": "USD",
    "cik": "0000720005",
    "fillingDate": "2017-11-22",
    "acceptedDate": "2017-11-21 17:36:18",
    "calendarYear": "2017",
    "period": "Q4",
    "revenue": 1656128000,
    "costOfRevenue": 97187000,
    "grossProfit": 1558941000,
    "grossProfitRatio": 0.941316734,
    "researchAndDevelopmentExpenses": 0,
    "generalAndAdministrativeExpenses": 1154504000,
    "sellingAndMarketingExpenses": 38740000,
    "sellingGeneralAndAdministrativeExpenses": 1193244000,
    "otherExpenses": 428650000,
    "operatingExpenses": 1193244000,
    "costAndExpenses": 1193244000,
    "interestIncome": 222576000,
    "interestExpense": 42575000,
    "depreciationAndAmortization": 21983000,
    "ebitda": 370723000,
    "ebitdaratio": 0.2238492435,
    "operatingIncome": 321015000,
    "operatingIncomeRatio": 0.1938346553,
    "totalOtherIncomeExpensesNet": -38796000,
    "incomeBeforeTax": 282219000,
    "incomeBeforeTaxRatio": 0.1704089297,
    "incomeTaxExpense": 84951000,
    "netIncome": 193489000,
    "netIncomeRatio": 0.1168321531,
    "eps": 0.9,
    "epsdiluted": 0.87,
    "weightedAverageShsOut": 215869000,
    "weightedAverageShsOutDil": 221642000,
    "link": "https://www.sec.gov/Archives/edgar/data/720005/000072000517000089/0000720005-17-000089-index.htm",
    "finalLink": "https://www.sec.gov/Archives/edgar/data/720005/000072000517000089/rjf-20170930x10k.htm"
  },
  {
    "date": "2017-06-30",
    "symbol": "RJF",
    "reportedCurrency": "USD",
    "cik": "0000720005",
    "fillingDate": "2017-06-30",
    "acceptedDate": "2017-06-29 20:00:00",
    "calendarYear": "2017",
    "period": "Q3",
    "revenue": 1592118000,
    "costOfRevenue": -15738000,
    "grossProfit": 1607856000,
    "grossProfitRatio": 1.0098849457,
    "researchAndDevelopmentExpenses": 0,
    "generalAndAdministrativeExpenses": 1128889000,
    "sellingAndMarketingExpenses": 39305000,
    "sellingGeneralAndAdministrativeExpenses": 1168194000,
    "otherExpenses": 404908000,
    "operatingExpenses": 1604414000,
    "costAndExpenses": 1168194000,
    "interestIncome": 204224000,
    "interestExpense": 38560000,
    "depreciationAndAmortization": 21190000,
    "ebitda": 324307000,
    "ebitdaratio": 0.2036953291,
    "operatingIncome": 313574000,
    "operatingIncomeRatio": 0.1969539946,
    "totalOtherIncomeExpensesNet": -36633000,
    "incomeBeforeTax": 276941000,
    "incomeBeforeTaxRatio": 0.1739450217,
    "incomeTaxExpense": 91590000,
    "netIncome": 183025000,
    "netIncomeRatio": 0.1149569316,
    "eps": 0.85,
    "epsdiluted": 0.83,
    "weightedAverageShsOut": 215568000,
    "weightedAverageShsOutDil": 220655000,
    "link": "",
    "finalLink": ""
  },
  {
    "date": "2017-03-31",
    "symbol": "RJF",
    "reportedCurrency": "USD",
    "cik": "0000720005",
    "fillingDate": "2017-05-10",
    "acceptedDate": "2017-05-10 16:47:00",
    "calendarYear": "2017",
    "period": "Q2",
    "revenue": 1600314000,
    "costOfRevenue": 47498000,
    "grossProfit": 1498361000,
    "grossProfitRatio": 0.9362918777,
    "researchAndDevelopmentExpenses": 0,
    "generalAndAdministrativeExpenses": 1083212000,
    "sellingAndMarketingExpenses": 41519000,
    "sellingGeneralAndAdministrativeExpenses": 1124731000,
    "otherExpenses": 392559000,
    "operatingExpenses": 1545859000,
    "costAndExpenses": 157778000,
    "interestIncome": 192544000,
    "interestExpense": 36677000,
    "depreciationAndAmortization": 21018000,
    "ebitda": 0,
    "ebitdaratio": 0,
    "operatingIncome": 188876000,
    "operatingIncomeRatio": 0.1180243377,
    "totalOtherIncomeExpensesNet": -27573000,
    "incomeBeforeTax": 161303000,
    "incomeBeforeTaxRatio": 0.1007945941,
    "incomeTaxExpense": 52758000,
    "netIncome": 112755000,
    "netIncomeRatio": 0.0704580476,
    "eps": 0.52,
    "epsdiluted": 0.51,
    "weightedAverageShsOut": 215051000,
    "weightedAverageShsOutDil": 220169000,
    "link": "https://www.sec.gov/Archives/edgar/data/720005/000072000517000045/0000720005-17-000045-index.htm",
    "finalLink": "https://www.sec.gov/Archives/edgar/data/720005/000072000517000045/rjf-201733110q.htm"
  },
  {
    "date": "2016-12-31",
    "symbol": "RJF",
    "reportedCurrency": "USD",
    "cik": "0000720005",
    "fillingDate": "2017-02-08",
    "acceptedDate": "2017-02-08 11:12:54",
    "calendarYear": "2017",
    "period": "Q1",
    "revenue": 1528768000,
    "costOfRevenue": 46052000,
    "grossProfit": 1415105000,
    "grossProfitRatio": 0.9256505892,
    "researchAndDevelopmentExpenses": 0,
    "generalAndAdministrativeExpenses": 1052519000,
    "sellingAndMarketingExpenses": 35362000,
    "sellingGeneralAndAdministrativeExpenses": 1087881000,
    "otherExpenses": 359517000,
    "operatingExpenses": 1473507000,
    "costAndExpenses": 154295000,
    "interestIncome": 182782000,
    "interestExpense": 35966000,
    "depreciationAndAmortization": 19941000,
    "ebitda": 0,
    "ebitdaratio": 0,
    "operatingIncome": 229396000,
    "operatingIncomeRatio": 0.150052853,
    "totalOtherIncomeExpensesNet": -21881000,
    "incomeBeforeTax": 207515000,
    "incomeBeforeTaxRatio": 0.1357400207,
    "incomeTaxExpense": 59812000,
    "netIncome": 146567000,
    "netIncomeRatio": 0.0958726242,
    "eps": 0.69,
    "epsdiluted": 0.67,
    "weightedAverageShsOut": 213165000,
    "weightedAverageShsOutDil": 218513000,
    "link": "https://www.sec.gov/Archives/edgar/data/720005/000072000517000019/0000720005-17-000019-index.htm",
    "finalLink": "https://www.sec.gov/Archives/edgar/data/720005/000072000517000019/rjf-2016123110q.htm"
  },
  {
    "date": "2016-09-30",
    "symbol": "RJF",
    "reportedCurrency": "USD",
    "cik": "0000720005",
    "fillingDate": "2016-11-22",
    "acceptedDate": "2016-11-22 16:18:21",
    "calendarYear": "2016",
    "period": "Q4",
    "revenue": 1430705000,
    "costOfRevenue": 52642000,
    "grossProfit": 5133150000,
    "grossProfitRatio": 3.5878465512,
    "researchAndDevelopmentExpenses": 0,
    "generalAndAdministrativeExpenses": 1005338000,
    "sellingAndMarketingExpenses": 35884000,
    "sellingGeneralAndAdministrativeExpenses": 1041222000,
    "otherExpenses": 365919000,
    "operatingExpenses": 1430705000,
    "costAndExpenses": 1041222000,
    "interestIncome": 172477000,
    "interestExpense": 32433000,
    "depreciationAndAmortization": 18419000,
    "ebitda": 0,
    "ebitdaratio": 0,
    "operatingIncome": 317173000,
    "operatingIncomeRatio": 0.221690006,
    "totalOtherIncomeExpensesNet": -83631000,
    "incomeBeforeTax": 233542000,
    "incomeBeforeTaxRatio": 0.1632356076,
    "incomeTaxExpense": 64752000,
    "netIncome": 171670000,
    "netIncomeRatio": 0.1199897952,
    "eps": 0.81,
    "epsdiluted": 0.79,
    "weightedAverageShsOut": 212071000,
    "weightedAverageShsOutDil": 216731000,
    "link": "https://www.sec.gov/Archives/edgar/data/720005/000072000516000169/0000720005-16-000169-index.htm",
    "finalLink": "https://www.sec.gov/Archives/edgar/data/720005/000072000516000169/rjf-2016930x10k.htm"
  },
  {
    "date": "2016-06-30",
    "symbol": "RJF",
    "reportedCurrency": "USD",
    "cik": "0000720005",
    "fillingDate": "2016-08-08",
    "acceptedDate": "2016-08-08 17:16:53",
    "calendarYear": "2016",
    "period": "Q3",
    "revenue": 1333238000,
    "costOfRevenue": 40825000,
    "grossProfit": 1292413000,
    "grossProfitRatio": 0.9693790606,
    "researchAndDevelopmentExpenses": 0,
    "generalAndAdministrativeExpenses": 949709000,
    "sellingAndMarketingExpenses": 36488000,
    "sellingGeneralAndAdministrativeExpenses": 1017089000,
    "otherExpenses": 316631000,
    "operatingExpenses": 1333720000,
    "costAndExpenses": 986197000,
    "interestIncome": 163810000,
    "interestExpense": 28033000,
    "depreciationAndAmortization": 18312000,
    "ebitda": 0,
    "ebitdaratio": 0,
    "operatingIncome": 272496000,
    "operatingIncomeRatio": 0.2043866136,
    "totalOtherIncomeExpensesNet": -67642000,
    "incomeBeforeTax": 204854000,
    "incomeBeforeTaxRatio": 0.1536514861,
    "incomeTaxExpense": 72261000,
    "netIncome": 125504000,
    "netIncomeRatio": 0.0941347306,
    "eps": 0.59,
    "epsdiluted": 0.58,
    "weightedAverageShsOut": 211748000,
    "weightedAverageShsOutDil": 215928000,
    "link": "https://www.sec.gov/Archives/edgar/data/720005/000072000516000144/0000720005-16-000144-index.htm",
    "finalLink": "https://www.sec.gov/Archives/edgar/data/720005/000072000516000144/a2016063010qrjf.htm"
  },
  {
    "date": "2016-03-31",
    "symbol": "RJF",
    "reportedCurrency": "USD",
    "cik": "0000720005",
    "fillingDate": "2016-05-06",
    "acceptedDate": "2016-05-06 16:53:27",
    "calendarYear": "2016",
    "period": "Q2",
    "revenue": 1286695000,
    "costOfRevenue": -13332000,
    "grossProfit": 1300027000,
    "grossProfitRatio": 1.0103614299,
    "researchAndDevelopmentExpenses": 0,
    "generalAndAdministrativeExpenses": 991836000,
    "sellingAndMarketingExpenses": 35417000,
    "sellingGeneralAndAdministrativeExpenses": 93877000,
    "otherExpenses": 295366000,
    "operatingExpenses": 1287202000,
    "costAndExpenses": 964245000,
    "interestIncome": 161567000,
    "interestExpense": 29109000,
    "depreciationAndAmortization": 0,
    "ebitda": 0,
    "ebitdaratio": 0,
    "operatingIncome": 257816000,
    "operatingIncomeRatio": 0.2003707172,
    "totalOtherIncomeExpensesNet": -63708000,
    "incomeBeforeTax": 194108000,
    "incomeBeforeTaxRatio": 0.1508578179,
    "incomeTaxExpense": 72271000,
    "netIncome": 125847000,
    "netIncomeRatio": 0.0978063955,
    "eps": 0.59,
    "epsdiluted": 0.58,
    "weightedAverageShsOut": 212208000,
    "weightedAverageShsOutDil": 216018000,
    "link": "https://www.sec.gov/Archives/edgar/data/720005/000072000516000121/0000720005-16-000121-index.htm",
    "finalLink": "https://www.sec.gov/Archives/edgar/data/720005/000072000516000121/a2016033110qrjf.htm"
  },
  {
    "date": "2015-12-31",
    "symbol": "RJF",
    "reportedCurrency": "USD",
    "cik": "0000720005",
    "fillingDate": "2016-02-08",
    "acceptedDate": "2016-02-08 15:43:22",
    "calendarYear": "2016",
    "period": "Q1",
    "revenue": 1249608000,
    "costOfRevenue": 41789000,
    "grossProfit": 1207819000,
    "grossProfitRatio": 0.9665583127,
    "researchAndDevelopmentExpenses": 0,
    "generalAndAdministrativeExpenses": 908187000,
    "sellingAndMarketingExpenses": 40624000,
    "sellingGeneralAndAdministrativeExpenses": 979160000,
    "otherExpenses": 270448000,
    "operatingExpenses": 1249608000,
    "costAndExpenses": 948811000,
    "interestIncome": 142471000,
    "interestExpense": 26699000,
    "depreciationAndAmortization": 17909000,
    "ebitda": 0,
    "ebitdaratio": 0,
    "operatingIncome": 209191000,
    "operatingIncomeRatio": 0.1674052983,
    "totalOtherIncomeExpensesNet": -39118000,
    "incomeBeforeTax": 170073000,
    "incomeBeforeTaxRatio": 0.1361010813,
    "incomeTaxExpense": 62009000,
    "netIncome": 106329000,
    "netIncomeRatio": 0.0850898842,
    "eps": 0.49,
    "epsdiluted": 0.49,
    "weightedAverageShsOut": 214587000,
    "weightedAverageShsOutDil": 219212000,
    "link": "https://www.sec.gov/Archives/edgar/data/720005/000072000516000103/0000720005-16-000103-index.htm",
    "finalLink": "https://www.sec.gov/Archives/edgar/data/720005/000072000516000103/a2015123110qrjf.htm"
  },
  {
    "date": "2015-09-30",
    "symbol": "RJF",
    "reportedCurrency": "USD",
    "cik": "0000720005",
    "fillingDate": "2015-11-25",
    "acceptedDate": "2015-11-25 11:20:52",
    "calendarYear": "2015",
    "period": "Q4",
    "revenue": 1315935000,
    "costOfRevenue": -3618729000,
    "grossProfit": 4934664000,
    "grossProfitRatio": 3.7499298978,
    "researchAndDevelopmentExpenses": 0,
    "generalAndAdministrativeExpenses": 945677000,
    "sellingAndMarketingExpenses": 39359000,
    "sellingGeneralAndAdministrativeExpenses": 1013289000,
    "otherExpenses": 302646000,
    "operatingExpenses": 1315935000,
    "costAndExpenses": 985036000,
    "interestIncome": 139538000,
    "interestExpense": 26000000,
    "depreciationAndAmortization": 17264000,
    "ebitda": 0,
    "ebitdaratio": 0,
    "operatingIncome": 237666000,
    "operatingIncomeRatio": 0.180606185,
    "totalOtherIncomeExpensesNet": -36531000,
    "incomeBeforeTax": 201135000,
    "incomeBeforeTaxRatio": 0.1528456953,
    "incomeTaxExpense": 77630000,
    "netIncome": 129186000,
    "netIncomeRatio": 0.0981705023,
    "eps": 0.6,
    "epsdiluted": 0.59,
    "weightedAverageShsOut": 214758000,
    "weightedAverageShsOutDil": 219419000,
    "link": "https://www.sec.gov/Archives/edgar/data/720005/000072000515000075/0000720005-15-000075-index.htm",
    "finalLink": "https://www.sec.gov/Archives/edgar/data/720005/000072000515000075/rjf-2015930x10k.htm"
  },
  {
    "date": "2015-06-30",
    "symbol": "RJF",
    "reportedCurrency": "USD",
    "cik": "0000720005",
    "fillingDate": "2015-08-07",
    "acceptedDate": "2015-08-07 14:47:56",
    "calendarYear": "2015",
    "period": "Q3",
    "revenue": 1296048000,
    "costOfRevenue": 40269000,
    "grossProfit": 1255779000,
    "grossProfitRatio": 0.9689293915,
    "researchAndDevelopmentExpenses": 0,
    "generalAndAdministrativeExpenses": 1010736000,
    "sellingAndMarketingExpenses": 40127000,
    "sellingGeneralAndAdministrativeExpenses": 981738000,
    "otherExpenses": 285312000,
    "operatingExpenses": 1296048000,
    "costAndExpenses": 1124123000,
    "interestIncome": 137147000,
    "interestExpense": 27724000,
    "depreciationAndAmortization": 17122000,
    "ebitda": 0,
    "ebitdaratio": 0,
    "operatingIncome": 235854000,
    "operatingIncomeRatio": 0.1819793711,
    "totalOtherIncomeExpensesNet": -34559000,
    "incomeBeforeTax": 201295000,
    "incomeBeforeTaxRatio": 0.1553144637,
    "incomeTaxExpense": 74935000,
    "netIncome": 133195000,
    "netIncomeRatio": 0.1027701135,
    "eps": 0.62,
    "epsdiluted": 0.61,
    "weightedAverageShsOut": 214878000,
    "weightedAverageShsOutDil": 219740000,
    "link": "https://www.sec.gov/Archives/edgar/data/720005/000072000515000053/0000720005-15-000053-index.htm",
    "finalLink": "https://www.sec.gov/Archives/edgar/data/720005/000072000515000053/rjf-2015063010q.htm"
  },
  {
    "date": "2015-03-31",
    "symbol": "RJF",
    "reportedCurrency": "USD",
    "cik": "0000720005",
    "fillingDate": "2015-05-08",
    "acceptedDate": "2015-05-08 14:41:03",
    "calendarYear": "2015",
    "period": "Q2",
    "revenue": 1257203000,
    "costOfRevenue": -13817000,
    "grossProfit": 1271020000,
    "grossProfitRatio": 1.0109902697,
    "researchAndDevelopmentExpenses": 0,
    "generalAndAdministrativeExpenses": 992359000,
    "sellingAndMarketingExpenses": 42490000,
    "sellingGeneralAndAdministrativeExpenses": 966328000,
    "otherExpenses": 264844000,
    "operatingExpenses": 1257203000,
    "costAndExpenses": 1097525000,
    "interestIncome": 134413000,
    "interestExpense": 26846000,
    "depreciationAndAmortization": 17602000,
    "ebitda": 0,
    "ebitdaratio": 0,
    "operatingIncome": 207166000,
    "operatingIncomeRatio": 0.164783253,
    "totalOtherIncomeExpensesNet": -31533000,
    "incomeBeforeTax": 175633000,
    "incomeBeforeTaxRatio": 0.1397013847,
    "incomeTaxExpense": 66857000,
    "netIncome": 113463000,
    "netIncomeRatio": 0.0902503414,
    "eps": 0.53,
    "epsdiluted": 0.51,
    "weightedAverageShsOut": 213480000,
    "weightedAverageShsOutDil": 219075000,
    "link": "https://www.sec.gov/Archives/edgar/data/720005/000072000515000028/0000720005-15-000028-index.htm",
    "finalLink": "https://www.sec.gov/Archives/edgar/data/720005/000072000515000028/rjf-2015033110q.htm"
  },
  {
    "date": "2014-12-31",
    "symbol": "RJF",
    "reportedCurrency": "USD",
    "cik": "0000720005",
    "fillingDate": "2015-02-06",
    "acceptedDate": "2015-02-06 16:26:46",
    "calendarYear": "2015",
    "period": "Q1",
    "revenue": 1279844000,
    "costOfRevenue": 39227000,
    "grossProfit": 1189480000,
    "grossProfitRatio": 0.92939452,
    "researchAndDevelopmentExpenses": 0,
    "generalAndAdministrativeExpenses": 934356000,
    "sellingAndMarketingExpenses": 36990000,
    "sellingGeneralAndAdministrativeExpenses": 914471000,
    "otherExpenses": 294351000,
    "operatingExpenses": 1228707000,
    "costAndExpenses": 1040824000,
    "interestIncome": 132109000,
    "interestExpense": 27384000,
    "depreciationAndAmortization": 16327000,
    "ebitda": 0,
    "ebitdaratio": 0,
    "operatingIncome": 230292000,
    "operatingIncomeRatio": 0.1799375549,
    "totalOtherIncomeExpensesNet": -31643000,
    "incomeBeforeTax": 198649000,
    "incomeBeforeTaxRatio": 0.1552134479,
    "incomeTaxExpense": 76612000,
    "netIncome": 126296000,
    "netIncomeRatio": 0.0986807767,
    "eps": 0.6,
    "epsdiluted": 0.58,
    "weightedAverageShsOut": 211869000,
    "weightedAverageShsOutDil": 217923000,
    "link": "https://www.sec.gov/Archives/edgar/data/720005/000072000515000009/0000720005-15-000009-index.htm",
    "finalLink": "https://www.sec.gov/Archives/edgar/data/720005/000072000515000009/rjf-2014123110q.htm"
  },
  {
    "date": "2014-09-30",
    "symbol": "RJF",
    "reportedCurrency": "USD",
    "cik": "0000720005",
    "fillingDate": "2014-11-25",
    "acceptedDate": "2014-11-25 15:25:33",
    "calendarYear": "2014",
    "period": "Q4",
    "revenue": 1260453000,
    "costOfRevenue": -3346946000,
    "grossProfit": 4607399000,
    "grossProfitRatio": 3.6553516871,
    "researchAndDevelopmentExpenses": 0,
    "generalAndAdministrativeExpenses": 911237000,
    "sellingAndMarketingExpenses": 35682000,
    "sellingGeneralAndAdministrativeExpenses": 963571000,
    "otherExpenses": 296882000,
    "operatingExpenses": 1260453000,
    "costAndExpenses": 946919000,
    "interestIncome": 126009000,
    "interestExpense": 25687000,
    "depreciationAndAmortization": 16005000,
    "ebitda": 0,
    "ebitdaratio": 0,
    "operatingIncome": 245079000,
    "operatingIncomeRatio": 0.194437238,
    "totalOtherIncomeExpensesNet": -39875000,
    "incomeBeforeTax": 205204000,
    "incomeBeforeTaxRatio": 0.1628017863,
    "incomeTaxExpense": 76048000,
    "netIncome": 136366000,
    "netIncomeRatio": 0.1081880879,
    "eps": 0.65,
    "epsdiluted": 0.63,
    "weightedAverageShsOut": 210735000,
    "weightedAverageShsOutDil": 216630000,
    "link": "https://www.sec.gov/Archives/edgar/data/720005/000072000514000077/0000720005-14-000077-index.htm",
    "finalLink": "https://www.sec.gov/Archives/edgar/data/720005/000072000514000077/rjf-2014930x10k.htm"
  },
  {
    "date": "2014-06-30",
    "symbol": "RJF",
    "reportedCurrency": "USD",
    "cik": "0000720005",
    "fillingDate": "2014-08-08",
    "acceptedDate": "2014-08-08 15:38:42",
    "calendarYear": "2014",
    "period": "Q3",
    "revenue": 1192009000,
    "costOfRevenue": 40757000,
    "grossProfit": 1151252000,
    "grossProfitRatio": 0.9658081441,
    "researchAndDevelopmentExpenses": 0,
    "generalAndAdministrativeExpenses": 923926000,
    "sellingAndMarketingExpenses": 35079000,
    "sellingGeneralAndAdministrativeExpenses": 901342000,
    "otherExpenses": 268083000,
    "operatingExpenses": 1192009000,
    "costAndExpenses": 901342000,
    "interestIncome": 119391000,
    "interestExpense": 27052000,
    "depreciationAndAmortization": 15714000,
    "ebitda": 0,
    "ebitdaratio": 0,
    "operatingIncome": 218295000,
    "operatingIncomeRatio": 0.1831320066,
    "totalOtherIncomeExpensesNet": -39362000,
    "incomeBeforeTax": 178933000,
    "incomeBeforeTaxRatio": 0.1501104438,
    "incomeTaxExpense": 68554000,
    "netIncome": 122689000,
    "netIncomeRatio": 0.1029262363,
    "eps": 0.58,
    "epsdiluted": 0.57,
    "weightedAverageShsOut": 210405000,
    "weightedAverageShsOutDil": 215978000,
    "link": "https://www.sec.gov/Archives/edgar/data/720005/000072000514000057/0000720005-14-000057-index.htm",
    "finalLink": "https://www.sec.gov/Archives/edgar/data/720005/000072000514000057/rjf-2014063010q.htm"
  },
  {
    "date": "2014-03-31",
    "symbol": "RJF",
    "reportedCurrency": "USD",
    "cik": "0000720005",
    "fillingDate": "2014-05-09",
    "acceptedDate": "2014-05-09 15:21:47",
    "calendarYear": "2014",
    "period": "Q2",
    "revenue": 1154971000,
    "costOfRevenue": -9757000,
    "grossProfit": 1164728000,
    "grossProfitRatio": 1.0084478312,
    "researchAndDevelopmentExpenses": 0,
    "generalAndAdministrativeExpenses": 918461000,
    "sellingAndMarketingExpenses": 0,
    "sellingGeneralAndAdministrativeExpenses": 918461000,
    "otherExpenses": 236510000,
    "operatingExpenses": 1154971000,
    "costAndExpenses": 1026637000,
    "interestIncome": 118393000,
    "interestExpense": 25980000,
    "depreciationAndAmortization": 15835000,
    "ebitda": 0,
    "ebitdaratio": 0,
    "operatingIncome": 191444000,
    "operatingIncomeRatio": 0.1657565428,
    "totalOtherIncomeExpensesNet": -38445000,
    "incomeBeforeTax": 152999000,
    "incomeBeforeTaxRatio": 0.1324699928,
    "incomeTaxExpense": 60904000,
    "netIncome": 104560000,
    "netIncomeRatio": 0.0905304116,
    "eps": 0.49,
    "epsdiluted": 0.48,
    "weightedAverageShsOut": 209832000,
    "weightedAverageShsOutDil": 215454000,
    "link": "https://www.sec.gov/Archives/edgar/data/720005/000072000514000032/0000720005-14-000032-index.htm",
    "finalLink": "https://www.sec.gov/Archives/edgar/data/720005/000072000514000032/rjf-20140331x10q.htm"
  },
  {
    "date": "2013-12-31",
    "symbol": "RJF",
    "reportedCurrency": "USD",
    "cik": "0000720005",
    "fillingDate": "2014-02-07",
    "acceptedDate": "2014-02-07 16:19:13",
    "calendarYear": "2014",
    "period": "Q1",
    "revenue": 1161649000,
    "costOfRevenue": 39685000,
    "grossProfit": 1121964000,
    "grossProfitRatio": 0.9658373571,
    "researchAndDevelopmentExpenses": 0,
    "generalAndAdministrativeExpenses": 899043000,
    "sellingAndMarketingExpenses": 0,
    "sellingGeneralAndAdministrativeExpenses": 899043000,
    "otherExpenses": 262606000,
    "operatingExpenses": 1161649000,
    "costAndExpenses": 995173000,
    "interestIncome": 117093000,
    "interestExpense": 25372000,
    "depreciationAndAmortization": 16609000,
    "ebitda": 0,
    "ebitdaratio": 0,
    "operatingIncome": 213504000,
    "operatingIncomeRatio": 0.1837938999,
    "totalOtherIncomeExpensesNet": -25484000,
    "incomeBeforeTax": 178812000,
    "incomeBeforeTaxRatio": 0.1539294572,
    "incomeTaxExpense": 62291000,
    "netIncome": 116633000,
    "netIncomeRatio": 0.1004029617,
    "eps": 0.55,
    "epsdiluted": 0.54,
    "weightedAverageShsOut": 208634000,
    "weightedAverageShsOutDil": 213896000,
    "link": "https://www.sec.gov/Archives/edgar/data/720005/000072000514000012/0000720005-14-000012-index.htm",
    "finalLink": "https://www.sec.gov/Archives/edgar/data/720005/000072000514000012/rjf-20131231x10q.htm"
  },
  {
    "date": "2013-09-30",
    "symbol": "RJF",
    "reportedCurrency": "USD",
    "cik": "0000720005",
    "fillingDate": "2013-11-26",
    "acceptedDate": "2013-11-26 15:37:08",
    "calendarYear": "2013",
    "period": "Q4",
    "revenue": 1103611000,
    "costOfRevenue": -3147002000,
    "grossProfit": 4250613000,
    "grossProfitRatio": 3.851550048,
    "researchAndDevelopmentExpenses": 0,
    "generalAndAdministrativeExpenses": 851485000,
    "sellingAndMarketingExpenses": 0,
    "sellingGeneralAndAdministrativeExpenses": 851485000,
    "otherExpenses": 252126000,
    "operatingExpenses": 1103611000,
    "costAndExpenses": 968536000,
    "interestIncome": 115065000,
    "interestExpense": 26955000,
    "depreciationAndAmortization": 17469000,
    "ebitda": 0,
    "ebitdaratio": 0,
    "operatingIncome": 215943000,
    "operatingIncomeRatio": 0.1956694886,
    "totalOtherIncomeExpensesNet": -57400000,
    "incomeBeforeTax": 158543000,
    "incomeBeforeTaxRatio": 0.1436584086,
    "incomeTaxExpense": 44511000,
    "netIncome": 117458000,
    "netIncomeRatio": 0.1064306173,
    "eps": 0.56,
    "epsdiluted": 0.55,
    "weightedAverageShsOut": 207671000,
    "weightedAverageShsOutDil": 212690000,
    "link": "https://www.sec.gov/Archives/edgar/data/720005/000072000513000089/0000720005-13-000089-index.htm",
    "finalLink": "https://www.sec.gov/Archives/edgar/data/720005/000072000513000089/rjf-2013930x10k.htm"
  },
  {
    "date": "2013-06-30",
    "symbol": "RJF",
    "reportedCurrency": "USD",
    "cik": "0000720005",
    "fillingDate": "2013-08-08",
    "acceptedDate": "2013-08-08 14:52:00",
    "calendarYear": "2013",
    "period": "Q3",
    "revenue": 1137728000,
    "costOfRevenue": 39323000,
    "grossProfit": 1050578000,
    "grossProfitRatio": 0.9233999691,
    "researchAndDevelopmentExpenses": 0,
    "generalAndAdministrativeExpenses": 871199000,
    "sellingAndMarketingExpenses": 0,
    "sellingGeneralAndAdministrativeExpenses": 871199000,
    "otherExpenses": 218702000,
    "operatingExpenses": 1089901000,
    "costAndExpenses": 980385000,
    "interestIncome": 117376000,
    "interestExpense": 28192000,
    "depreciationAndAmortization": 15879000,
    "ebitda": 0,
    "ebitdaratio": 0,
    "operatingIncome": 160246000,
    "operatingIncomeRatio": 0.140847373,
    "totalOtherIncomeExpensesNet": -31349000,
    "incomeBeforeTax": 128897000,
    "incomeBeforeTaxRatio": 0.1132933355,
    "incomeTaxExpense": 48192000,
    "netIncome": 82987000,
    "netIncomeRatio": 0.0729409841,
    "eps": 0.4,
    "epsdiluted": 0.39,
    "weightedAverageShsOut": 207278000,
    "weightedAverageShsOutDil": 211847000,
    "link": "https://www.sec.gov/Archives/edgar/data/720005/000072000513000064/0000720005-13-000064-index.htm",
    "finalLink": "https://www.sec.gov/Archives/edgar/data/720005/000072000513000064/rjf-20130630x10q.htm"
  },
  {
    "date": "2013-03-31",
    "symbol": "RJF",
    "reportedCurrency": "USD",
    "cik": "0000720005",
    "fillingDate": "2013-05-09",
    "acceptedDate": "2013-05-09 14:34:29",
    "calendarYear": "2013",
    "period": "Q2",
    "revenue": 1123280000,
    "costOfRevenue": -8324000,
    "grossProfit": 1131604000,
    "grossProfitRatio": 1.0074104409,
    "researchAndDevelopmentExpenses": 0,
    "generalAndAdministrativeExpenses": 859553000,
    "sellingAndMarketingExpenses": 0,
    "sellingGeneralAndAdministrativeExpenses": 859553000,
    "otherExpenses": 263727000,
    "operatingExpenses": 979430000,
    "costAndExpenses": 979430000,
    "interestIncome": 118032000,
    "interestExpense": 27203000,
    "depreciationAndAmortization": 16593000,
    "ebitda": 0,
    "ebitdaratio": 0,
    "operatingIncome": 220671000,
    "operatingIncomeRatio": 0.1964523538,
    "totalOtherIncomeExpensesNet": -61368000,
    "incomeBeforeTax": 159303000,
    "incomeBeforeTaxRatio": 0.1418194929,
    "incomeTaxExpense": 51057000,
    "netIncome": 79052000,
    "netIncomeRatio": 0.0703760416,
    "eps": 0.38,
    "epsdiluted": 0.37,
    "weightedAverageShsOut": 206726000,
    "weightedAverageShsOutDil": 211083000,
    "link": "https://www.sec.gov/Archives/edgar/data/720005/000072000513000038/0000720005-13-000038-index.htm",
    "finalLink": "https://www.sec.gov/Archives/edgar/data/720005/000072000513000038/rjf-20130331x10q.htm"
  },
  {
    "date": "2012-12-31",
    "symbol": "RJF",
    "reportedCurrency": "USD",
    "cik": "0000720005",
    "fillingDate": "2013-02-08",
    "acceptedDate": "2013-02-08 12:20:48",
    "calendarYear": "2013",
    "period": "Q1",
    "revenue": 1091270000,
    "costOfRevenue": 39478000,
    "grossProfit": 1051792000,
    "grossProfitRatio": 0.9638238016,
    "researchAndDevelopmentExpenses": 0,
    "generalAndAdministrativeExpenses": 853543000,
    "sellingAndMarketingExpenses": 0,
    "sellingGeneralAndAdministrativeExpenses": 853543000,
    "otherExpenses": 237727000,
    "operatingExpenses": 1091270000,
    "costAndExpenses": 959024000,
    "interestIncome": 123126000,
    "interestExpense": 28021000,
    "depreciationAndAmortization": 16418000,
    "ebitda": 0,
    "ebitdaratio": 0,
    "operatingIncome": 167168000,
    "operatingIncomeRatio": 0.1531866541,
    "totalOtherIncomeExpensesNet": -20001000,
    "incomeBeforeTax": 147167000,
    "incomeBeforeTaxRatio": 0.1348584677,
    "incomeTaxExpense": 53273000,
    "netIncome": 84670000,
    "netIncomeRatio": 0.0775884978,
    "eps": 0.41,
    "epsdiluted": 0.41,
    "weightedAverageShsOut": 204786000,
    "weightedAverageShsOutDil": 208041000,
    "link": "https://www.sec.gov/Archives/edgar/data/720005/000072000513000014/0000720005-13-000014-index.htm",
    "finalLink": "https://www.sec.gov/Archives/edgar/data/720005/000072000513000014/rjf-20121231x10q.htm"
  },
  {
    "date": "2012-09-30",
    "symbol": "RJF",
    "reportedCurrency": "USD",
    "cik": "0000720005",
    "fillingDate": "2012-11-21",
    "acceptedDate": "2012-11-21 15:37:43",
    "calendarYear": "2012",
    "period": "Q4",
    "revenue": 1065609000,
    "costOfRevenue": -2606723000,
    "grossProfit": 3672332000,
    "grossProfitRatio": 3.4462284008,
    "researchAndDevelopmentExpenses": 0,
    "generalAndAdministrativeExpenses": 753235000,
    "sellingAndMarketingExpenses": 30393000,
    "sellingGeneralAndAdministrativeExpenses": 812540000,
    "otherExpenses": 253069000,
    "operatingExpenses": 1065609000,
    "costAndExpenses": -4639346000,
    "interestIncome": 121124000,
    "interestExpense": 27859000,
    "depreciationAndAmortization": 13366000,
    "ebitda": 0,
    "ebitdaratio": 0,
    "operatingIncome": 5796324000,
    "operatingIncomeRatio": 5.439447302,
    "totalOtherIncomeExpensesNet": -5678944000,
    "incomeBeforeTax": 117380000,
    "incomeBeforeTaxRatio": 0.1101529736,
    "incomeTaxExpense": 40982000,
    "netIncome": 83325000,
    "netIncomeRatio": 0.0781947225,
    "eps": 0.41,
    "epsdiluted": 0.4,
    "weightedAverageShsOut": 203696000,
    "weightedAverageShsOutDil": 206235000,
    "link": "https://www.sec.gov/Archives/edgar/data/720005/000072000512000113/0000720005-12-000113-index.htm",
    "finalLink": "https://www.sec.gov/Archives/edgar/data/720005/000072000512000113/rjf-2012930x10k.htm"
  },
  {
    "date": "2012-06-30",
    "symbol": "RJF",
    "reportedCurrency": "USD",
    "cik": "0000720005",
    "fillingDate": "2012-08-08",
    "acceptedDate": "2012-08-08 15:45:43",
    "calendarYear": "2012",
    "period": "Q3",
    "revenue": 1067418000,
    "costOfRevenue": 41087000,
    "grossProfit": 1026331000,
    "grossProfitRatio": 0.9615080503,
    "researchAndDevelopmentExpenses": 0,
    "generalAndAdministrativeExpenses": 824430000,
    "sellingAndMarketingExpenses": 0,
    "sellingGeneralAndAdministrativeExpenses": 824430000,
    "otherExpenses": 242988000,
    "operatingExpenses": 1067418000,
    "costAndExpenses": 1067418000,
    "interestIncome": 121186000,
    "interestExpense": 29554000,
    "depreciationAndAmortization": 18026000,
    "ebitda": 0,
    "ebitdaratio": 0,
    "operatingIncome": 0,
    "operatingIncomeRatio": 0,
    "totalOtherIncomeExpensesNet": 137991000,
    "incomeBeforeTax": 137991000,
    "incomeBeforeTaxRatio": 0.1292755041,
    "incomeTaxExpense": 48520000,
    "netIncome": 76350000,
    "netIncomeRatio": 0.0715277426,
    "eps": 0.37,
    "epsdiluted": 0.37,
    "weightedAverageShsOut": 202884000,
    "weightedAverageShsOutDil": 204986000,
    "link": "https://www.sec.gov/Archives/edgar/data/720005/000072000512000077/0000720005-12-000077-index.htm",
    "finalLink": "https://www.sec.gov/Archives/edgar/data/720005/000072000512000077/rjf-2012630x10q.htm"
  },
  {
    "date": "2012-03-31",
    "symbol": "RJF",
    "reportedCurrency": "USD",
    "cik": "0000720005",
    "fillingDate": "2012-05-09",
    "acceptedDate": "2012-05-09 11:56:24",
    "calendarYear": "2012",
    "period": "Q2",
    "revenue": 855724000,
    "costOfRevenue": 27231000,
    "grossProfit": 828493000,
    "grossProfitRatio": 0.9681778237,
    "researchAndDevelopmentExpenses": 0,
    "generalAndAdministrativeExpenses": 631416000,
    "sellingAndMarketingExpenses": 43741000,
    "sellingGeneralAndAdministrativeExpenses": 668014000,
    "otherExpenses": 187710000,
    "operatingExpenses": 855724000,
    "costAndExpenses": 855724000,
    "interestIncome": 108852000,
    "interestExpense": 17916000,
    "depreciationAndAmortization": 10082000,
    "ebitda": 0,
    "ebitdaratio": 0,
    "operatingIncome": 129413000,
    "operatingIncomeRatio": 0.151232173,
    "totalOtherIncomeExpensesNet": -21511000,
    "incomeBeforeTax": 107902000,
    "incomeBeforeTaxRatio": 0.1260943949,
    "incomeTaxExpense": 42628000,
    "netIncome": 68869000,
    "netIncomeRatio": 0.0804803885,
    "eps": 0.35,
    "epsdiluted": 0.35,
    "weightedAverageShsOut": 194030000,
    "weightedAverageShsOutDil": 195966000,
    "link": "https://www.sec.gov/Archives/edgar/data/720005/000072000512000056/0000720005-12-000056-index.htm",
    "finalLink": "https://www.sec.gov/Archives/edgar/data/720005/000072000512000056/q100312.htm"
  },
  {
    "date": "2011-12-31",
    "symbol": "RJF",
    "reportedCurrency": "USD",
    "cik": "0000720005",
    "fillingDate": "2012-02-08",
    "acceptedDate": "2012-02-08 15:45:46",
    "calendarYear": "2012",
    "period": "Q1",
    "revenue": 773584000,
    "costOfRevenue": 25937000,
    "grossProfit": 747647000,
    "grossProfitRatio": 0.9664716437,
    "researchAndDevelopmentExpenses": 0,
    "generalAndAdministrativeExpenses": 607028000,
    "sellingAndMarketingExpenses": 0,
    "sellingGeneralAndAdministrativeExpenses": 607028000,
    "otherExpenses": 161733000,
    "operatingExpenses": 768761000,
    "costAndExpenses": 768761000,
    "interestIncome": 102096000,
    "interestExpense": 16040000,
    "depreciationAndAmortization": 9971000,
    "ebitda": 0,
    "ebitdaratio": 0,
    "operatingIncome": 0,
    "operatingIncomeRatio": 0,
    "totalOtherIncomeExpensesNet": 104648000,
    "incomeBeforeTax": 104648000,
    "incomeBeforeTaxRatio": 0.1352768413,
    "incomeTaxExpense": 43526000,
    "netIncome": 67325000,
    "netIncomeRatio": 0.0870299799,
    "eps": 0.36,
    "epsdiluted": 0.36,
    "weightedAverageShsOut": 184838000,
    "weightedAverageShsOutDil": 185568000,
    "link": "https://www.sec.gov/Archives/edgar/data/720005/000072000512000013/0000720005-12-000013-index.htm",
    "finalLink": "https://www.sec.gov/Archives/edgar/data/720005/000072000512000013/q101211.htm"
  },
  {
    "date": "2011-09-30",
    "symbol": "RJF",
    "reportedCurrency": "USD",
    "cik": "0000720005",
    "fillingDate": "2011-11-23",
    "acceptedDate": "2011-11-23 16:41:06",
    "calendarYear": "2011",
    "period": "Q4",
    "revenue": 817783000,
    "costOfRevenue": -2407673000,
    "grossProfit": 3225456000,
    "grossProfitRatio": 3.9441465523,
    "researchAndDevelopmentExpenses": 0,
    "generalAndAdministrativeExpenses": 571164000,
    "sellingAndMarketingExpenses": 33924000,
    "sellingGeneralAndAdministrativeExpenses": 605088000,
    "otherExpenses": 212695000,
    "operatingExpenses": -1833352000,
    "costAndExpenses": -4241025000,
    "interestIncome": 95289000,
    "interestExpense": 16814000,
    "depreciationAndAmortization": 10007000,
    "ebitda": 0,
    "ebitdaratio": 0,
    "operatingIncome": 5124638000,
    "operatingIncomeRatio": 6.2665010156,
    "totalOtherIncomeExpensesNet": -5005956000,
    "incomeBeforeTax": 118682000,
    "incomeBeforeTaxRatio": 0.1451265189,
    "incomeTaxExpense": 56902000,
    "netIncome": 68927000,
    "netIncomeRatio": 0.0842851955,
    "eps": 0.37,
    "epsdiluted": 0.37,
    "weightedAverageShsOut": 184264500,
    "weightedAverageShsOutDil": 185095500,
    "link": "https://www.sec.gov/Archives/edgar/data/720005/000072000511000101/0000720005-11-000101-index.htm",
    "finalLink": "https://www.sec.gov/Archives/edgar/data/720005/000072000511000101/k10093011.htm"
  },
  {
    "date": "2011-06-30",
    "symbol": "RJF",
    "reportedCurrency": "USD",
    "cik": "0000720005",
    "fillingDate": "2011-08-09",
    "acceptedDate": "2011-08-09 17:09:53",
    "calendarYear": "2011",
    "period": "Q3",
    "revenue": 850387000,
    "costOfRevenue": 27140000,
    "grossProfit": 823247000,
    "grossProfitRatio": 0.9680851189,
    "researchAndDevelopmentExpenses": 0,
    "generalAndAdministrativeExpenses": 608229000,
    "sellingAndMarketingExpenses": 36156000,
    "sellingGeneralAndAdministrativeExpenses": 619585000,
    "otherExpenses": 230802000,
    "operatingExpenses": 850387000,
    "costAndExpenses": 850387000,
    "interestIncome": 95832000,
    "interestExpense": 17825000,
    "depreciationAndAmortization": 10528000,
    "ebitda": 0,
    "ebitdaratio": 0,
    "operatingIncome": 0,
    "operatingIncomeRatio": 0,
    "totalOtherIncomeExpensesNet": 81079000,
    "incomeBeforeTax": 81079000,
    "incomeBeforeTaxRatio": 0.0953436494,
    "incomeTaxExpense": 31881000,
    "netIncome": 46786000,
    "netIncomeRatio": 0.0550173039,
    "eps": 0.25,
    "epsdiluted": 0.25,
    "weightedAverageShsOut": 184857000,
    "weightedAverageShsOutDil": 185937000,
    "link": "https://www.sec.gov/Archives/edgar/data/720005/000072000511000076/0000720005-11-000076-index.htm",
    "finalLink": "https://www.sec.gov/Archives/edgar/data/720005/000072000511000076/q100611.htm"
  },
  {
    "date": "2011-03-31",
    "symbol": "RJF",
    "reportedCurrency": "USD",
    "cik": "0000720005",
    "fillingDate": "2011-05-10",
    "acceptedDate": "2011-05-09 18:09:25",
    "calendarYear": "2011",
    "period": "Q2",
    "revenue": 852057000,
    "costOfRevenue": 26773000,
    "grossProfit": 825284000,
    "grossProfitRatio": 0.9685783932,
    "researchAndDevelopmentExpenses": 0,
    "generalAndAdministrativeExpenses": 587454000,
    "sellingAndMarketingExpenses": 36380000,
    "sellingGeneralAndAdministrativeExpenses": 623834000,
    "otherExpenses": 228223000,
    "operatingExpenses": 852057000,
    "costAndExpenses": 852057000,
    "interestIncome": 96811000,
    "interestExpense": 14687000,
    "depreciationAndAmortization": 10228000,
    "ebitda": 0,
    "ebitdaratio": 0,
    "operatingIncome": 0,
    "operatingIncomeRatio": 0,
    "totalOtherIncomeExpensesNet": 124238000,
    "incomeBeforeTax": 124238000,
    "incomeBeforeTaxRatio": 0.145809494,
    "incomeTaxExpense": 45320000,
    "netIncome": 80917000,
    "netIncomeRatio": 0.0949666513,
    "eps": 0.44,
    "epsdiluted": 0.44,
    "weightedAverageShsOut": 183594000,
    "weightedAverageShsOutDil": 184898000,
    "link": "https://www.sec.gov/Archives/edgar/data/720005/000072000511000043/0000720005-11-000043-index.htm",
    "finalLink": "https://www.sec.gov/Archives/edgar/data/720005/000072000511000043/q100311-2.htm"
  },
  {
    "date": "2010-12-31",
    "symbol": "RJF",
    "reportedCurrency": "USD",
    "cik": "0000720005",
    "fillingDate": "2011-02-08",
    "acceptedDate": "2011-02-08 17:05:26",
    "calendarYear": "2011",
    "period": "Q1",
    "revenue": 714715000,
    "costOfRevenue": 26229,
    "grossProfit": 714689000,
    "grossProfitRatio": 0.9999636219,
    "researchAndDevelopmentExpenses": 0,
    "generalAndAdministrativeExpenses": 568705000,
    "sellingAndMarketingExpenses": 31145000,
    "sellingGeneralAndAdministrativeExpenses": 589933000,
    "otherExpenses": 223896000,
    "operatingExpenses": 813829000,
    "costAndExpenses": 813829000,
    "interestIncome": 104386000,
    "interestExpense": 16504000,
    "depreciationAndAmortization": 9574000,
    "ebitda": 0,
    "ebitdaratio": 0,
    "operatingIncome": 147018000,
    "operatingIncomeRatio": 0.2057015734,
    "totalOtherIncomeExpensesNet": -20272000,
    "incomeBeforeTax": 126746000,
    "incomeBeforeTaxRatio": 0.17733782,
    "incomeTaxExpense": 48791000,
    "netIncome": 81723000,
    "netIncomeRatio": 0.1143434796,
    "eps": 0.45,
    "epsdiluted": 0.45,
    "weightedAverageShsOut": 181733000,
    "weightedAverageShsOutDil": 182301000,
    "link": "https://www.sec.gov/Archives/edgar/data/720005/000072000511000013/0000720005-11-000013-index.htm",
    "finalLink": "https://www.sec.gov/Archives/edgar/data/720005/000072000511000013/q02082011.htm"
  },
  {
    "date": "2010-09-30",
    "symbol": "RJF",
    "reportedCurrency": "USD",
    "cik": "0000720005",
    "fillingDate": "2010-11-24",
    "acceptedDate": "2010-11-24 14:21:48",
    "calendarYear": "2010",
    "period": "Q4",
    "revenue": 747886000,
    "costOfRevenue": 104945,
    "grossProfit": 747781000,
    "grossProfitRatio": 0.9998596043,
    "researchAndDevelopmentExpenses": 0,
    "generalAndAdministrativeExpenses": 526027000,
    "sellingAndMarketingExpenses": 52283000,
    "sellingGeneralAndAdministrativeExpenses": 578310000,
    "otherExpenses": 169576000,
    "operatingExpenses": 747886000,
    "costAndExpenses": -1684266000,
    "interestIncome": 93465000,
    "interestExpense": 15362000,
    "depreciationAndAmortization": 10173000,
    "ebitda": 0,
    "ebitdaratio": 0,
    "operatingIncome": 1687246000,
    "operatingIncomeRatio": 2.2560203026,
    "totalOtherIncomeExpensesNet": -1943557000,
    "incomeBeforeTax": 99476000,
    "incomeBeforeTaxRatio": 0.1330095763,
    "incomeTaxExpense": 36288000,
    "netIncome": 69065000,
    "netIncomeRatio": 0.092346962,
    "eps": 0.38,
    "epsdiluted": 0.38,
    "weightedAverageShsOut": 179218000,
    "weightedAverageShsOutDil": 179708500,
    "link": "https://www.sec.gov/Archives/edgar/data/720005/000072000510000081/0000720005-10-000081-index.htm",
    "finalLink": "https://www.sec.gov/Archives/edgar/data/720005/000072000510000081/k10093010.htm"
  },
  {
    "date": "2010-06-30",
    "symbol": "RJF",
    "reportedCurrency": "USD",
    "cik": "0000720005",
    "fillingDate": "2010-08-06",
    "acceptedDate": "2010-08-06 13:21:41",
    "calendarYear": "2010",
    "period": "Q3",
    "revenue": 747373000,
    "costOfRevenue": 26679000000,
    "grossProfit": 747373000,
    "grossProfitRatio": 1,
    "researchAndDevelopmentExpenses": 0,
    "generalAndAdministrativeExpenses": 530144000,
    "sellingAndMarketingExpenses": 29995000,
    "sellingGeneralAndAdministrativeExpenses": 550659000,
    "otherExpenses": 196714000,
    "operatingExpenses": 747373000,
    "costAndExpenses": 26679000000,
    "interestIncome": 92780000,
    "interestExpense": 16239000,
    "depreciationAndAmortization": 5456000,
    "ebitda": 0,
    "ebitdaratio": 0,
    "operatingIncome": 113750000,
    "operatingIncomeRatio": 0.1521997717,
    "totalOtherIncomeExpensesNet": -18403000,
    "incomeBeforeTax": 95347000,
    "incomeBeforeTaxRatio": 0.1275761902,
    "incomeTaxExpense": 36824000,
    "netIncome": 60687000,
    "netIncomeRatio": 0.081200418,
    "eps": 0.33,
    "epsdiluted": 0.34,
    "weightedAverageShsOut": 179433000,
    "weightedAverageShsOutDil": 180029000,
    "link": "https://www.sec.gov/Archives/edgar/data/720005/000072000510000058/0000720005-10-000058-index.htm",
    "finalLink": "https://www.sec.gov/Archives/edgar/data/720005/000072000510000058/q10063010.htm"
  },
  {
    "date": "2010-03-31",
    "symbol": "RJF",
    "reportedCurrency": "USD",
    "cik": "0000720005",
    "fillingDate": "2010-05-07",
    "acceptedDate": "2010-05-06 20:38:19",
    "calendarYear": "2010",
    "period": "Q2",
    "revenue": 734439000,
    "costOfRevenue": 10344000,
    "grossProfit": 724095000,
    "grossProfitRatio": 0.9859157806,
    "researchAndDevelopmentExpenses": 0,
    "generalAndAdministrativeExpenses": 504246000,
    "sellingAndMarketingExpenses": 32445000,
    "sellingGeneralAndAdministrativeExpenses": 536691000,
    "otherExpenses": 197748000,
    "operatingExpenses": 734439000,
    "costAndExpenses": 734439000,
    "interestIncome": 93275000,
    "interestExpense": 15548000,
    "depreciationAndAmortization": 12140000,
    "ebitda": 0,
    "ebitdaratio": 0,
    "operatingIncome": 105204000,
    "operatingIncomeRatio": 0.1432440271,
    "totalOtherIncomeExpensesNet": -10996000,
    "incomeBeforeTax": 94208000,
    "incomeBeforeTaxRatio": 0.1282720553,
    "incomeTaxExpense": 34028000,
    "netIncome": 55628000,
    "netIncomeRatio": 0.0757421651,
    "eps": 0.31,
    "epsdiluted": 0.3,
    "weightedAverageShsOut": 178932000,
    "weightedAverageShsOutDil": 179370000,
    "link": "https://www.sec.gov/Archives/edgar/data/720005/000072000510000044/0000720005-10-000044-index.htm",
    "finalLink": "https://www.sec.gov/Archives/edgar/data/720005/000072000510000044/q10033110.htm"
  },
  {
    "date": "2009-12-31",
    "symbol": "RJF",
    "reportedCurrency": "USD",
    "cik": "0000720005",
    "fillingDate": "2010-02-09",
    "acceptedDate": "2010-02-08 18:26:47",
    "calendarYear": "2010",
    "period": "Q1",
    "revenue": 686967000,
    "costOfRevenue": 26715,
    "grossProfit": 686940000,
    "grossProfitRatio": 0.9999606968,
    "researchAndDevelopmentExpenses": 0,
    "generalAndAdministrativeExpenses": 499153000,
    "sellingAndMarketingExpenses": 19881000,
    "sellingGeneralAndAdministrativeExpenses": 505711000,
    "otherExpenses": 181256000,
    "operatingExpenses": 686967000,
    "costAndExpenses": 686967000,
    "interestIncome": 91372000,
    "interestExpense": 15702000,
    "depreciationAndAmortization": 11758000,
    "ebitda": 0,
    "ebitdaratio": 0,
    "operatingIncome": 85090000,
    "operatingIncomeRatio": 0.1238633006,
    "totalOtherIncomeExpensesNet": -17977000,
    "incomeBeforeTax": 67113000,
    "incomeBeforeTaxRatio": 0.0976946491,
    "incomeTaxExpense": 26485000,
    "netIncome": 42903000,
    "netIncomeRatio": 0.0624527816,
    "eps": 0.24,
    "epsdiluted": 0.24,
    "weightedAverageShsOut": 178145000,
    "weightedAverageShsOutDil": 178475000,
    "link": "https://www.sec.gov/Archives/edgar/data/720005/000072000510000013/0000720005-10-000013-index.htm",
    "finalLink": "https://www.sec.gov/Archives/edgar/data/720005/000072000510000013/q10123109.htm"
  },
  {
    "date": "2009-09-30",
    "symbol": "RJF",
    "reportedCurrency": "USD",
    "cik": "0000720005",
    "fillingDate": "2009-11-27",
    "acceptedDate": "2009-11-25 18:24:10",
    "calendarYear": "2009",
    "period": "Q4",
    "revenue": 667158000,
    "costOfRevenue": -1774223000,
    "grossProfit": 2441381000,
    "grossProfitRatio": 3.659374541,
    "researchAndDevelopmentExpenses": 0,
    "generalAndAdministrativeExpenses": 472060000,
    "sellingAndMarketingExpenses": 46211000,
    "sellingGeneralAndAdministrativeExpenses": 518271000,
    "otherExpenses": 148887000,
    "operatingExpenses": -1342257000,
    "costAndExpenses": -3116480000,
    "interestIncome": 93862000,
    "interestExpense": 10865000,
    "depreciationAndAmortization": 9224000,
    "ebitda": 0,
    "ebitdaratio": 0,
    "operatingIncome": 3840591000,
    "operatingIncomeRatio": 5.7566438535,
    "totalOtherIncomeExpensesNet": -3778708000,
    "incomeBeforeTax": 61883000,
    "incomeBeforeTaxRatio": 0.0927561387,
    "incomeTaxExpense": 18914000,
    "netIncome": 42969000,
    "netIncomeRatio": 0.0644060328,
    "eps": 0.24,
    "epsdiluted": 0.24,
    "weightedAverageShsOut": 176963500,
    "weightedAverageShsOutDil": 177203500,
    "link": "https://www.sec.gov/Archives/edgar/data/720005/000072000509000080/0000720005-09-000080-index.htm",
    "finalLink": "https://www.sec.gov/Archives/edgar/data/720005/000072000509000080/k10093009.htm"
  },
  {
    "date": "2009-06-30",
    "symbol": "RJF",
    "reportedCurrency": "USD",
    "cik": "0000720005",
    "fillingDate": "2009-08-10",
    "acceptedDate": "2009-08-10 17:20:08",
    "calendarYear": "2009",
    "period": "Q3",
    "revenue": 624799000,
    "costOfRevenue": 26299,
    "grossProfit": 624773000,
    "grossProfitRatio": 0.9999583866,
    "researchAndDevelopmentExpenses": 0,
    "generalAndAdministrativeExpenses": 420235000,
    "sellingAndMarketingExpenses": 45342000,
    "sellingGeneralAndAdministrativeExpenses": 465577000,
    "otherExpenses": 163893000,
    "operatingExpenses": 629470000,
    "costAndExpenses": 629470000,
    "interestIncome": 98037000,
    "interestExpense": 7453000,
    "depreciationAndAmortization": 8773000,
    "ebitda": 0,
    "ebitdaratio": 0,
    "operatingIncome": 79762000,
    "operatingIncomeRatio": 0.1276602555,
    "totalOtherIncomeExpensesNet": -3072000,
    "incomeBeforeTax": 76690000,
    "incomeBeforeTaxRatio": 0.1227434743,
    "incomeTaxExpense": 29714000,
    "netIncome": 42595000,
    "netIncomeRatio": 0.0681739247,
    "eps": 0.24,
    "epsdiluted": 0.24,
    "weightedAverageShsOut": 176927000,
    "weightedAverageShsOutDil": 176927000,
    "link": "https://www.sec.gov/Archives/edgar/data/720005/000072000509000061/0000720005-09-000061-index.htm",
    "finalLink": "https://www.sec.gov/Archives/edgar/data/720005/000072000509000061/q10063009.htm"
  },
  {
    "date": "2009-03-31",
    "symbol": "RJF",
    "reportedCurrency": "USD",
    "cik": "0000720005",
    "fillingDate": "2009-05-12",
    "acceptedDate": "2009-05-11 18:32:27",
    "calendarYear": "2009",
    "period": "Q2",
    "revenue": 596411,
    "costOfRevenue": 24945,
    "grossProfit": 571466,
    "grossProfitRatio": 0.9581748157,
    "researchAndDevelopmentExpenses": 0,
    "generalAndAdministrativeExpenses": 406588000,
    "sellingAndMarketingExpenses": 48773000,
    "sellingGeneralAndAdministrativeExpenses": 455361000,
    "otherExpenses": 129635000,
    "operatingExpenses": 584996000,
    "costAndExpenses": 584996000,
    "interestIncome": 108073000,
    "interestExpense": 6744000,
    "depreciationAndAmortization": 8221000,
    "ebitda": 0,
    "ebitdaratio": 0,
    "operatingIncome": 19662000,
    "operatingIncomeRatio": 32.9671987941,
    "totalOtherIncomeExpensesNet": -13436000,
    "incomeBeforeTax": 6226000,
    "incomeBeforeTaxRatio": 10.4391099426,
    "incomeTaxExpense": 6825000,
    "netIncome": 6093000,
    "netIncomeRatio": 10.2161093608,
    "eps": 0.0347,
    "epsdiluted": 0.0347,
    "weightedAverageShsOut": 175701000,
    "weightedAverageShsOutDil": 175781000,
    "link": "https://www.sec.gov/Archives/edgar/data/720005/000072000509000037/0000720005-09-000037-index.htm",
    "finalLink": "https://www.sec.gov/Archives/edgar/data/720005/000072000509000037/q10033109.htm"
  },
  {
    "date": "2008-12-31",
    "symbol": "RJF",
    "reportedCurrency": "USD",
    "cik": "0000720005",
    "fillingDate": "2009-02-09",
    "acceptedDate": "2009-02-09 16:42:19",
    "calendarYear": "2009",
    "period": "Q1",
    "revenue": 663942000,
    "costOfRevenue": 26435,
    "grossProfit": 663916000,
    "grossProfitRatio": 0.99996084,
    "researchAndDevelopmentExpenses": 0,
    "generalAndAdministrativeExpenses": 437564000,
    "sellingAndMarketingExpenses": 59947000,
    "sellingGeneralAndAdministrativeExpenses": 497511000,
    "otherExpenses": 166431000,
    "operatingExpenses": 663942000,
    "costAndExpenses": 663942000,
    "interestIncome": 143612000,
    "interestExpense": 31891000,
    "depreciationAndAmortization": 8345000,
    "ebitda": 0,
    "ebitdaratio": 0,
    "operatingIncome": 133555000,
    "operatingIncomeRatio": 0.2011546189,
    "totalOtherIncomeExpensesNet": -36898000,
    "incomeBeforeTax": 96657000,
    "incomeBeforeTaxRatio": 0.1455804875,
    "incomeTaxExpense": 40571000,
    "netIncome": 61093000,
    "netIncomeRatio": 0.0920155676,
    "eps": 0.35,
    "epsdiluted": 0.35,
    "weightedAverageShsOut": 174461000,
    "weightedAverageShsOutDil": 174839000,
    "link": "https://www.sec.gov/Archives/edgar/data/720005/000072000509000008/0000720005-09-000008-index.htm",
    "finalLink": "https://www.sec.gov/Archives/edgar/data/720005/000072000509000008/q10123108.htm"
  },
  {
    "date": "2008-09-30",
    "symbol": "RJF",
    "reportedCurrency": "USD",
    "cik": "0000720005",
    "fillingDate": "2008-11-28",
    "acceptedDate": "2008-11-28 16:37:10",
    "calendarYear": "2008",
    "period": "Q4",
    "revenue": 693165000,
    "costOfRevenue": 97613,
    "grossProfit": 693067000,
    "grossProfitRatio": 0.9998586195,
    "researchAndDevelopmentExpenses": 0,
    "generalAndAdministrativeExpenses": 471977000,
    "sellingAndMarketingExpenses": 0,
    "sellingGeneralAndAdministrativeExpenses": 471977000,
    "otherExpenses": 221188000,
    "operatingExpenses": 693165000,
    "costAndExpenses": -1434291000,
    "interestIncome": 162864000,
    "interestExpense": 66694000,
    "depreciationAndAmortization": -20240000,
    "ebitda": -27982000,
    "ebitdaratio": -0.0403684548,
    "operatingIncome": 1437496000,
    "operatingIncomeRatio": 2.0738150368,
    "totalOtherIncomeExpensesNet": -1740802000,
    "incomeBeforeTax": 83161000,
    "incomeBeforeTaxRatio": 0.119972878,
    "incomeTaxExpense": 34053000,
    "netIncome": 49108000,
    "netIncomeRatio": 0.0708460468,
    "eps": 0.28,
    "epsdiluted": 0.28,
    "weightedAverageShsOut": 174517500,
    "weightedAverageShsOutDil": 176714000,
    "link": "https://www.sec.gov/Archives/edgar/data/720005/000072000508000158/0000720005-08-000158-index.htm",
    "finalLink": "https://www.sec.gov/Archives/edgar/data/720005/000072000508000158/k10093008.htm"
  },
  {
    "date": "2008-06-30",
    "symbol": "RJF",
    "reportedCurrency": "USD",
    "cik": "0000720005",
    "fillingDate": "2008-08-11",
    "acceptedDate": "2008-08-11 14:15:41",
    "calendarYear": "2008",
    "period": "Q3",
    "revenue": 742024000,
    "costOfRevenue": 26102,
    "grossProfit": 741998000,
    "grossProfitRatio": 0.9999649607,
    "researchAndDevelopmentExpenses": 0,
    "generalAndAdministrativeExpenses": 511445000,
    "sellingAndMarketingExpenses": 55426000,
    "sellingGeneralAndAdministrativeExpenses": 566871000,
    "otherExpenses": 175153000,
    "operatingExpenses": 742024000,
    "costAndExpenses": 742024000,
    "interestIncome": 156935000,
    "interestExpense": 66724000,
    "depreciationAndAmortization": 7075000,
    "ebitda": 0,
    "ebitdaratio": 0,
    "operatingIncome": 181842000,
    "operatingIncomeRatio": 0.2450621543,
    "totalOtherIncomeExpensesNet": -66724000,
    "incomeBeforeTax": 115118000,
    "incomeBeforeTaxRatio": 0.1551405345,
    "incomeTaxExpense": 45180000,
    "netIncome": 69938000,
    "netIncomeRatio": 0.0942530161,
    "eps": 0.4,
    "epsdiluted": 0.39,
    "weightedAverageShsOut": 173450000,
    "weightedAverageShsOutDil": 177408000,
    "link": "https://www.sec.gov/Archives/edgar/data/720005/000072000508000095/0000720005-08-000095-index.htm",
    "finalLink": "https://www.sec.gov/Archives/edgar/data/720005/000072000508000095/q10063008.htm"
  },
  {
    "date": "2008-03-31",
    "symbol": "RJF",
    "reportedCurrency": "USD",
    "cik": "0000720005",
    "fillingDate": "2008-05-12",
    "acceptedDate": "2008-05-12 13:58:34",
    "calendarYear": "2008",
    "period": "Q2",
    "revenue": 691687000,
    "costOfRevenue": 24101,
    "grossProfit": 691663000,
    "grossProfitRatio": 0.9999653022,
    "researchAndDevelopmentExpenses": 0,
    "generalAndAdministrativeExpenses": 492962000,
    "sellingAndMarketingExpenses": 0,
    "sellingGeneralAndAdministrativeExpenses": 473306000,
    "otherExpenses": 145751000,
    "operatingExpenses": 691687000,
    "costAndExpenses": 691687000,
    "interestIncome": 191314000,
    "interestExpense": 115447000,
    "depreciationAndAmortization": 6172000,
    "ebitda": 0,
    "ebitdaratio": 0,
    "operatingIncome": 213265000,
    "operatingIncomeRatio": 0.3083258757,
    "totalOtherIncomeExpensesNet": -115447000,
    "incomeBeforeTax": 97818000,
    "incomeBeforeTaxRatio": 0.1414194571,
    "incomeTaxExpense": 38028000,
    "netIncome": 59790000,
    "netIncomeRatio": 0.0864408323,
    "eps": 0.34,
    "epsdiluted": 0.33,
    "weightedAverageShsOut": 175968000,
    "weightedAverageShsOutDil": 179280000,
    "link": "https://www.sec.gov/Archives/edgar/data/720005/000072000508000078/0000720005-08-000078-index.htm",
    "finalLink": "https://www.sec.gov/Archives/edgar/data/720005/000072000508000078/q10033108.htm"
  },
  {
    "date": "2007-12-31",
    "symbol": "RJF",
    "reportedCurrency": "USD",
    "cik": "0000720005",
    "fillingDate": "2008-02-11",
    "acceptedDate": "2008-02-11 13:38:10",
    "calendarYear": "2008",
    "period": "Q1",
    "revenue": 685827000,
    "costOfRevenue": 21397,
    "grossProfit": 685806000,
    "grossProfitRatio": 0.99996938,
    "researchAndDevelopmentExpenses": 0,
    "generalAndAdministrativeExpenses": 470604000,
    "sellingAndMarketingExpenses": 0,
    "sellingGeneralAndAdministrativeExpenses": 470604000,
    "otherExpenses": 215223000,
    "operatingExpenses": 685827000,
    "costAndExpenses": 685827000,
    "interestIncome": 212950000,
    "interestExpense": 143364000,
    "depreciationAndAmortization": 6993000,
    "ebitda": 0,
    "ebitdaratio": 0,
    "operatingIncome": 234121000,
    "operatingIncomeRatio": 0.3413703456,
    "totalOtherIncomeExpensesNet": -143364000,
    "incomeBeforeTax": 90757000,
    "incomeBeforeTaxRatio": 0.1323322062,
    "incomeTaxExpense": 34515000,
    "netIncome": 56242000,
    "netIncomeRatio": 0.0820061036,
    "eps": 0.32,
    "epsdiluted": 0.31,
    "weightedAverageShsOut": 175322000,
    "weightedAverageShsOutDil": 180362000,
    "link": "https://www.sec.gov/Archives/edgar/data/720005/000072000508000027/0000720005-08-000027-index.htm",
    "finalLink": "https://www.sec.gov/Archives/edgar/data/720005/000072000508000027/q101208.htm"
  },
  {
    "date": "2007-09-30",
    "symbol": "RJF",
    "reportedCurrency": "USD",
    "cik": "0000720005",
    "fillingDate": "2007-11-29",
    "acceptedDate": "2007-11-29 15:34:53",
    "calendarYear": "2007",
    "period": "Q4",
    "revenue": 691636000,
    "costOfRevenue": 39786000,
    "grossProfit": 651850000,
    "grossProfitRatio": 0.9424755218,
    "researchAndDevelopmentExpenses": 0,
    "generalAndAdministrativeExpenses": 466828000,
    "sellingAndMarketingExpenses": 0,
    "sellingGeneralAndAdministrativeExpenses": 466828000,
    "otherExpenses": -915569000,
    "operatingExpenses": 691636000,
    "costAndExpenses": 691636000,
    "interestIncome": 212265000,
    "interestExpense": 147290000,
    "depreciationAndAmortization": 6321000,
    "ebitda": -22631000,
    "ebitdaratio": -0.0327209688,
    "operatingIncome": -648993000,
    "operatingIncomeRatio": -0.9383447362,
    "totalOtherIncomeExpensesNet": 352766000,
    "incomeBeforeTax": 95605000,
    "incomeBeforeTaxRatio": 0.1382302251,
    "incomeTaxExpense": 32638000,
    "netIncome": 62967000,
    "netIncomeRatio": 0.091040663,
    "eps": 0.36,
    "epsdiluted": 0.35,
    "weightedAverageShsOut": 174367000,
    "weightedAverageShsOutDil": 179200500,
    "link": "https://www.sec.gov/Archives/edgar/data/720005/000072000507000143/0000720005-07-000143-index.htm",
    "finalLink": "https://www.sec.gov/Archives/edgar/data/720005/000072000507000143/k1093007.htm"
  },
  {
    "date": "2007-06-30",
    "symbol": "RJF",
    "reportedCurrency": "USD",
    "cik": "0000720005",
    "fillingDate": "2007-06-30",
    "acceptedDate": "2007-06-29 20:00:00",
    "calendarYear": "2007",
    "period": "Q3",
    "revenue": 688660000,
    "costOfRevenue": 0,
    "grossProfit": 688660000,
    "grossProfitRatio": 1,
    "researchAndDevelopmentExpenses": 0,
    "generalAndAdministrativeExpenses": 462459000,
    "sellingAndMarketingExpenses": 0,
    "sellingGeneralAndAdministrativeExpenses": 462459000,
    "otherExpenses": 226201000,
    "operatingExpenses": 688660000,
    "costAndExpenses": -444669000,
    "interestIncome": 191691000,
    "interestExpense": 134093000,
    "depreciationAndAmortization": 5179000,
    "ebitda": 0,
    "ebitdaratio": 0,
    "operatingIncome": 0,
    "operatingIncomeRatio": 0,
    "totalOtherIncomeExpensesNet": 109898000,
    "incomeBeforeTax": 109898000,
    "incomeBeforeTaxRatio": 0.1595823774,
    "incomeTaxExpense": 41545000,
    "netIncome": 68353000,
    "netIncomeRatio": 0.0992550751,
    "eps": 0.39,
    "epsdiluted": 0.38,
    "weightedAverageShsOut": 174203000,
    "weightedAverageShsOutDil": 178710000,
    "link": "",
    "finalLink": ""
  },
  {
    "date": "2007-03-31",
    "symbol": "RJF",
    "reportedCurrency": "USD",
    "cik": "0000720005",
    "fillingDate": "2007-05-10",
    "acceptedDate": "2007-05-10 13:54:54",
    "calendarYear": "2007",
    "period": "Q2",
    "revenue": 625719000,
    "costOfRevenue": 19716000,
    "grossProfit": 606003000,
    "grossProfitRatio": 0.9684906484,
    "researchAndDevelopmentExpenses": 0,
    "generalAndAdministrativeExpenses": 428894000,
    "sellingAndMarketingExpenses": 0,
    "sellingGeneralAndAdministrativeExpenses": 428894000,
    "otherExpenses": 196825000,
    "operatingExpenses": 625719000,
    "costAndExpenses": 625719000,
    "interestIncome": 164812000,
    "interestExpense": 112552000,
    "depreciationAndAmortization": 5837000,
    "ebitda": 0,
    "ebitdaratio": 0,
    "operatingIncome": 0,
    "operatingIncomeRatio": 0,
    "totalOtherIncomeExpensesNet": 92955000,
    "incomeBeforeTax": 92955000,
    "incomeBeforeTaxRatio": 0.1485570999,
    "incomeTaxExpense": 33240000,
    "netIncome": 59715000,
    "netIncomeRatio": 0.0954342125,
    "eps": 0.35,
    "epsdiluted": 0.34,
    "weightedAverageShsOut": 173553000,
    "weightedAverageShsOutDil": 178031000,
    "link": "https://www.sec.gov/Archives/edgar/data/720005/000072000507000053/0000720005-07-000053-index.htm",
    "finalLink": "https://www.sec.gov/Archives/edgar/data/720005/000072000507000053/q1033107.htm"
  },
  {
    "date": "2006-12-31",
    "symbol": "RJF",
    "reportedCurrency": "USD",
    "cik": "0000720005",
    "fillingDate": "2007-02-09",
    "acceptedDate": "2007-02-09 13:40:50",
    "calendarYear": "2007",
    "period": "Q1",
    "revenue": 603900000,
    "costOfRevenue": 20150000,
    "grossProfit": 583750000,
    "grossProfitRatio": 0.9666335486,
    "researchAndDevelopmentExpenses": 0,
    "generalAndAdministrativeExpenses": 408509000,
    "sellingAndMarketingExpenses": 0,
    "sellingGeneralAndAdministrativeExpenses": 408509000,
    "otherExpenses": 195391000,
    "operatingExpenses": 603900000,
    "costAndExpenses": 603900000,
    "interestIncome": 158224000,
    "interestExpense": 105729000,
    "depreciationAndAmortization": 5294000,
    "ebitda": 0,
    "ebitdaratio": 0,
    "operatingIncome": 0,
    "operatingIncomeRatio": 0,
    "totalOtherIncomeExpensesNet": 93766000,
    "incomeBeforeTax": 93766000,
    "incomeBeforeTaxRatio": 0.1552674284,
    "incomeTaxExpense": 34371000,
    "netIncome": 59395000,
    "netIncomeRatio": 0.0983523762,
    "eps": 0.35,
    "epsdiluted": 0.34,
    "weightedAverageShsOut": 171509000,
    "weightedAverageShsOutDil": 176840000,
    "link": "https://www.sec.gov/Archives/edgar/data/720005/000072000507000025/0000720005-07-000025-index.htm",
    "finalLink": "https://www.sec.gov/Archives/edgar/data/720005/000072000507000025/q101206.htm"
  },
  {
    "date": "2006-09-30",
    "symbol": "RJF",
    "reportedCurrency": "USD",
    "cik": "0000720005",
    "fillingDate": "2006-12-14",
    "acceptedDate": "2006-12-14 14:49:42",
    "calendarYear": "2006",
    "period": "Q4",
    "revenue": 573613000,
    "costOfRevenue": -1676413000,
    "grossProfit": 2560164000,
    "grossProfitRatio": 4.4632252058,
    "researchAndDevelopmentExpenses": 0,
    "generalAndAdministrativeExpenses": 405549000,
    "sellingAndMarketingExpenses": 0,
    "sellingGeneralAndAdministrativeExpenses": 405549000,
    "otherExpenses": 168064000,
    "operatingExpenses": -1195488000,
    "costAndExpenses": -2871901000,
    "interestIncome": 149449000,
    "interestExpense": 102154000,
    "depreciationAndAmortization": 4699000,
    "ebitda": 0,
    "ebitdaratio": 0,
    "operatingIncome": 3755652000,
    "operatingIncomeRatio": 6.5473620716,
    "totalOtherIncomeExpensesNet": -3676733000,
    "incomeBeforeTax": 78919000,
    "incomeBeforeTaxRatio": 0.1375823072,
    "incomeTaxExpense": 27991000,
    "netIncome": 50928000,
    "netIncomeRatio": 0.0887845987,
    "eps": 0.3,
    "epsdiluted": 0.29,
    "weightedAverageShsOut": 169558500,
    "weightedAverageShsOutDil": 174523500,
    "link": "https://www.sec.gov/Archives/edgar/data/720005/000072000506000219/0000720005-06-000219-index.htm",
    "finalLink": "https://www.sec.gov/Archives/edgar/data/720005/000072000506000219/k10093006.htm"
  },
  {
    "date": "2006-06-30",
    "symbol": "RJF",
    "reportedCurrency": "USD",
    "cik": "0000720005",
    "fillingDate": "2006-08-09",
    "acceptedDate": "2006-08-09 14:02:01",
    "calendarYear": "2006",
    "period": "Q3",
    "revenue": 629668000,
    "costOfRevenue": -62988000,
    "grossProfit": 692656000,
    "grossProfitRatio": 1.1000336685,
    "researchAndDevelopmentExpenses": 0,
    "generalAndAdministrativeExpenses": 429224000,
    "sellingAndMarketingExpenses": 0,
    "sellingGeneralAndAdministrativeExpenses": 429224000,
    "otherExpenses": 200444000,
    "operatingExpenses": 629668000,
    "costAndExpenses": 629668000,
    "interestIncome": 125860000,
    "interestExpense": 81689000,
    "depreciationAndAmortization": 4932000,
    "ebitda": 0,
    "ebitdaratio": 0,
    "operatingIncome": 178191000,
    "operatingIncomeRatio": 0.2829919894,
    "totalOtherIncomeExpensesNet": -81689000,
    "incomeBeforeTax": 96502000,
    "incomeBeforeTaxRatio": 0.1532585426,
    "incomeTaxExpense": 39728000,
    "netIncome": 56774000,
    "netIncomeRatio": 0.0901649758,
    "eps": 0.33,
    "epsdiluted": 0.32,
    "weightedAverageShsOut": 170196000,
    "weightedAverageShsOutDil": 175440000,
    "link": "https://www.sec.gov/Archives/edgar/data/720005/000072000506000119/0000720005-06-000119-index.htm",
    "finalLink": "https://www.sec.gov/Archives/edgar/data/720005/000072000506000119/q10063006.htm"
  },
  {
    "date": "2006-03-31",
    "symbol": "RJF",
    "reportedCurrency": "USD",
    "cik": "0000720005",
    "fillingDate": "2006-05-10",
    "acceptedDate": "2006-05-10 14:58:37",
    "calendarYear": "2006",
    "period": "Q2",
    "revenue": 592802000,
    "costOfRevenue": 18110000,
    "grossProfit": 574692000,
    "grossProfitRatio": 0.9694501705,
    "researchAndDevelopmentExpenses": 0,
    "generalAndAdministrativeExpenses": 399645000,
    "sellingAndMarketingExpenses": 0,
    "sellingGeneralAndAdministrativeExpenses": 399645000,
    "otherExpenses": 193157000,
    "operatingExpenses": 592802000,
    "costAndExpenses": 592802000,
    "interestIncome": 106622000,
    "interestExpense": 64016000,
    "depreciationAndAmortization": 5164000,
    "ebitda": 0,
    "ebitdaratio": 0,
    "operatingIncome": 0,
    "operatingIncomeRatio": 0,
    "totalOtherIncomeExpensesNet": 95310000,
    "incomeBeforeTax": 95310000,
    "incomeBeforeTaxRatio": 0.1607788098,
    "incomeTaxExpense": 33779000,
    "netIncome": 61531000,
    "netIncomeRatio": 0.1037968833,
    "eps": 0.36,
    "epsdiluted": 0.35,
    "weightedAverageShsOut": 169791000,
    "weightedAverageShsOutDil": 174618000,
    "link": "https://www.sec.gov/Archives/edgar/data/720005/000072000506000098/0000720005-06-000098-index.htm",
    "finalLink": "https://www.sec.gov/Archives/edgar/data/720005/000072000506000098/q1033105.htm"
  },
  {
    "date": "2005-12-31",
    "symbol": "RJF",
    "reportedCurrency": "USD",
    "cik": "0000720005",
    "fillingDate": "2006-02-09",
    "acceptedDate": "2006-02-09 14:28:36",
    "calendarYear": "2006",
    "period": "Q1",
    "revenue": 526536000,
    "costOfRevenue": 17402000,
    "grossProfit": 509134000,
    "grossProfitRatio": 0.9669500281,
    "researchAndDevelopmentExpenses": 0,
    "generalAndAdministrativeExpenses": 366619000,
    "sellingAndMarketingExpenses": 0,
    "sellingGeneralAndAdministrativeExpenses": 366619000,
    "otherExpenses": 159917000,
    "operatingExpenses": 526536000,
    "costAndExpenses": 526536000,
    "interestIncome": 88050000,
    "interestExpense": 48811000,
    "depreciationAndAmortization": 4378000,
    "ebitda": 0,
    "ebitdaratio": 0,
    "operatingIncome": 0,
    "operatingIncomeRatio": 0,
    "totalOtherIncomeExpensesNet": 71335000,
    "incomeBeforeTax": 71335000,
    "incomeBeforeTaxRatio": 0.1354798152,
    "incomeTaxExpense": 26226000,
    "netIncome": 45109000,
    "netIncomeRatio": 0.0856712551,
    "eps": 0.27,
    "epsdiluted": 0.27,
    "weightedAverageShsOut": 167252000,
    "weightedAverageShsOutDil": 170454000,
    "link": "https://www.sec.gov/Archives/edgar/data/720005/000072000506000039/0000720005-06-000039-index.htm",
    "finalLink": "https://www.sec.gov/Archives/edgar/data/720005/000072000506000039/q10123105.htm"
  },
  {
    "date": "2005-09-30",
    "symbol": "RJF",
    "reportedCurrency": "USD",
    "cik": "0000720005",
    "fillingDate": "2005-12-14",
    "acceptedDate": "2005-12-14 15:30:59",
    "calendarYear": "2005",
    "period": "Q4",
    "revenue": 563561000,
    "costOfRevenue": -1408699000,
    "grossProfit": 2090049000,
    "grossProfitRatio": 3.7086473337,
    "researchAndDevelopmentExpenses": 0,
    "generalAndAdministrativeExpenses": 389342000,
    "sellingAndMarketingExpenses": 0,
    "sellingGeneralAndAdministrativeExpenses": 389342000,
    "otherExpenses": 174219000,
    "operatingExpenses": -1039762000,
    "costAndExpenses": -2448461000,
    "interestIncome": 67401000,
    "interestExpense": 30370000,
    "depreciationAndAmortization": 5758000,
    "ebitda": 0,
    "ebitdaratio": 0,
    "operatingIncome": 3129811000,
    "operatingIncomeRatio": 5.5536330584,
    "totalOtherIncomeExpensesNet": -3056250000,
    "incomeBeforeTax": 73561000,
    "incomeBeforeTaxRatio": 0.1305289046,
    "incomeTaxExpense": 28837000,
    "netIncome": 44724000,
    "netIncomeRatio": 0.0793596434,
    "eps": 0.27,
    "epsdiluted": 0.26,
    "weightedAverageShsOut": 165534500,
    "weightedAverageShsOutDil": 169822500,
    "link": "https://www.sec.gov/Archives/edgar/data/720005/000072000505000189/0000720005-05-000189-index.htm",
    "finalLink": "https://www.sec.gov/Archives/edgar/data/720005/000072000505000189/k10121405.htm"
  },
  {
    "date": "2005-06-24",
    "symbol": "RJF",
    "reportedCurrency": "USD",
    "cik": "0000720005",
    "fillingDate": "2005-08-03",
    "acceptedDate": "2005-08-03 14:36:55",
    "calendarYear": "2005",
    "period": "Q3",
    "revenue": 493544000,
    "costOfRevenue": 16695000,
    "grossProfit": 476849000,
    "grossProfitRatio": 0.9661732287,
    "researchAndDevelopmentExpenses": 0,
    "generalAndAdministrativeExpenses": 348361000,
    "sellingAndMarketingExpenses": 0,
    "sellingGeneralAndAdministrativeExpenses": 348361000,
    "otherExpenses": 145183000,
    "operatingExpenses": 493544000,
    "costAndExpenses": 493544000,
    "interestIncome": 66354000,
    "interestExpense": 32818000,
    "depreciationAndAmortization": 3599000,
    "ebitda": 0,
    "ebitdaratio": 0,
    "operatingIncome": 0,
    "operatingIncomeRatio": 0,
    "totalOtherIncomeExpensesNet": 51476000,
    "incomeBeforeTax": 51476000,
    "incomeBeforeTaxRatio": 0.1042987049,
    "incomeTaxExpense": 19094000,
    "netIncome": 32382000,
    "netIncomeRatio": 0.0656111714,
    "eps": 0.2,
    "epsdiluted": 0.19,
    "weightedAverageShsOut": 165743000,
    "weightedAverageShsOutDil": 170073000,
    "link": "https://www.sec.gov/Archives/edgar/data/720005/000072000505000098/0000720005-05-000098-index.htm",
    "finalLink": "https://www.sec.gov/Archives/edgar/data/720005/000072000505000098/rjfjune0510q.htm"
  },
  {
    "date": "2005-03-24",
    "symbol": "RJF",
    "reportedCurrency": "USD",
    "cik": "0000720005",
    "fillingDate": "2005-05-04",
    "acceptedDate": "2005-05-04 12:58:30",
    "calendarYear": "2005",
    "period": "Q2",
    "revenue": 483118000,
    "costOfRevenue": 15822000,
    "grossProfit": 467296000,
    "grossProfitRatio": 0.967250237,
    "researchAndDevelopmentExpenses": 0,
    "generalAndAdministrativeExpenses": 342492000,
    "sellingAndMarketingExpenses": 0,
    "sellingGeneralAndAdministrativeExpenses": 342492000,
    "otherExpenses": 140626000,
    "operatingExpenses": 483118000,
    "costAndExpenses": 483118000,
    "interestIncome": 57392000,
    "interestExpense": 29209000,
    "depreciationAndAmortization": 4440000,
    "ebitda": 0,
    "ebitdaratio": 0,
    "operatingIncome": 0,
    "operatingIncomeRatio": 0,
    "totalOtherIncomeExpensesNet": 58129000,
    "incomeBeforeTax": 58129000,
    "incomeBeforeTaxRatio": 0.1203205014,
    "incomeTaxExpense": 23432000,
    "netIncome": 34697000,
    "netIncomeRatio": 0.0718188931,
    "eps": 0.21,
    "epsdiluted": 0.2,
    "weightedAverageShsOut": 166020000,
    "weightedAverageShsOutDil": 169629000,
    "link": "https://www.sec.gov/Archives/edgar/data/720005/000072000505000065/0000720005-05-000065-index.htm",
    "finalLink": "https://www.sec.gov/Archives/edgar/data/720005/000072000505000065/q10march2005.htm"
  },
  {
    "date": "2004-12-31",
    "symbol": "RJF",
    "reportedCurrency": "USD",
    "cik": "0000720005",
    "fillingDate": "2005-02-09",
    "acceptedDate": "2005-02-09 15:07:14",
    "calendarYear": "2005",
    "period": "Q1",
    "revenue": 498985000,
    "costOfRevenue": 0,
    "grossProfit": 498985000,
    "grossProfitRatio": 1,
    "researchAndDevelopmentExpenses": 0,
    "generalAndAdministrativeExpenses": 348909000,
    "sellingAndMarketingExpenses": 0,
    "sellingGeneralAndAdministrativeExpenses": 348909000,
    "otherExpenses": 150076000,
    "operatingExpenses": -408788000,
    "costAndExpenses": 498985000,
    "interestIncome": 54416000,
    "interestExpense": 25392000,
    "depreciationAndAmortization": 3984000,
    "ebitda": 0,
    "ebitdaratio": 0,
    "operatingIncome": 90197000,
    "operatingIncomeRatio": 0.1807609447,
    "totalOtherIncomeExpensesNet": -25392000,
    "incomeBeforeTax": 64805000,
    "incomeBeforeTaxRatio": 0.1298736435,
    "incomeTaxExpense": 25562000,
    "netIncome": 39243000,
    "netIncomeRatio": 0.0786456507,
    "eps": 0.24,
    "epsdiluted": 0.23,
    "weightedAverageShsOut": 166505000,
    "weightedAverageShsOutDil": 169502000,
    "link": "https://www.sec.gov/Archives/edgar/data/720005/000072000505000034/0000720005-05-000034-index.htm",
    "finalLink": "https://www.sec.gov/Archives/edgar/data/720005/000072000505000034/q101204.htm"
  },
  {
    "date": "2004-09-24",
    "symbol": "RJF",
    "reportedCurrency": "USD",
    "cik": "0000720005",
    "fillingDate": "2004-12-08",
    "acceptedDate": "2004-12-08 16:27:07",
    "calendarYear": "2004",
    "period": "Q4",
    "revenue": 446712000,
    "costOfRevenue": -1273207000,
    "grossProfit": 446712000,
    "grossProfitRatio": 1,
    "researchAndDevelopmentExpenses": 0,
    "generalAndAdministrativeExpenses": 311427000,
    "sellingAndMarketingExpenses": 0,
    "sellingGeneralAndAdministrativeExpenses": 311427000,
    "otherExpenses": 135285000,
    "operatingExpenses": -961992000,
    "costAndExpenses": -2235199000,
    "interestIncome": 38763000,
    "interestExpense": 15496000,
    "depreciationAndAmortization": 4386000,
    "ebitda": 0,
    "ebitdaratio": 0,
    "operatingIncome": 2730429000,
    "operatingIncomeRatio": 6.1122803954,
    "totalOtherIncomeExpensesNet": -2679885000,
    "incomeBeforeTax": 50544000,
    "incomeBeforeTaxRatio": 0.1131467254,
    "incomeTaxExpense": 19881000,
    "netIncome": 30663000,
    "netIncomeRatio": 0.0686415409,
    "eps": 0.19,
    "epsdiluted": 0.18,
    "weightedAverageShsOut": 165822000,
    "weightedAverageShsOutDil": 168453500,
    "link": "https://www.sec.gov/Archives/edgar/data/720005/000072000504000075/0000720005-04-000075-index.htm",
    "finalLink": "https://www.sec.gov/Archives/edgar/data/720005/000072000504000075/k102004.htm"
  },
  {
    "date": "2004-06-25",
    "symbol": "RJF",
    "reportedCurrency": "USD",
    "cik": "0000720005",
    "fillingDate": "2004-08-06",
    "acceptedDate": "2004-08-06 15:21:23",
    "calendarYear": "2004",
    "period": "Q3",
    "revenue": 440111000,
    "costOfRevenue": 14913000,
    "grossProfit": 425198000,
    "grossProfitRatio": 0.9661153664,
    "researchAndDevelopmentExpenses": 0,
    "generalAndAdministrativeExpenses": 319962000,
    "sellingAndMarketingExpenses": 0,
    "sellingGeneralAndAdministrativeExpenses": 319962000,
    "otherExpenses": 120149000,
    "operatingExpenses": 440111000,
    "costAndExpenses": 440111000,
    "interestIncome": 33271000,
    "interestExpense": 11424000,
    "depreciationAndAmortization": 4147000,
    "ebitda": 0,
    "ebitdaratio": 0,
    "operatingIncome": 0,
    "operatingIncomeRatio": 0,
    "totalOtherIncomeExpensesNet": 47714000,
    "incomeBeforeTax": 47714000,
    "incomeBeforeTaxRatio": 0.1084135593,
    "incomeTaxExpense": 18101000,
    "netIncome": 29613000,
    "netIncomeRatio": 0.0672852985,
    "eps": 0.18,
    "epsdiluted": 0.18,
    "weightedAverageShsOut": 165582000,
    "weightedAverageShsOutDil": 167760000,
    "link": "https://www.sec.gov/Archives/edgar/data/720005/000072000504000025/0000720005-04-000025-index.htm",
    "finalLink": "https://www.sec.gov/Archives/edgar/data/720005/000072000504000025/q100604fin.htm"
  },
  {
    "date": "2004-03-26",
    "symbol": "RJF",
    "reportedCurrency": "USD",
    "cik": "0000720005",
    "fillingDate": "2004-05-07",
    "acceptedDate": "2004-05-07 14:12:10",
    "calendarYear": "2004",
    "period": "Q2",
    "revenue": 480448000,
    "costOfRevenue": 15229000,
    "grossProfit": 465219000,
    "grossProfitRatio": 0.968302501,
    "researchAndDevelopmentExpenses": 0,
    "generalAndAdministrativeExpenses": 341370000,
    "sellingAndMarketingExpenses": 0,
    "sellingGeneralAndAdministrativeExpenses": 341370000,
    "otherExpenses": 139078000,
    "operatingExpenses": 480448000,
    "costAndExpenses": 480448000,
    "interestIncome": 31575000,
    "interestExpense": 10925000,
    "depreciationAndAmortization": 4997000,
    "ebitda": 0,
    "ebitdaratio": 0,
    "operatingIncome": 77832000,
    "operatingIncomeRatio": 0.1619988011,
    "totalOtherIncomeExpensesNet": -10925000,
    "incomeBeforeTax": 66907000,
    "incomeBeforeTaxRatio": 0.1392596077,
    "incomeTaxExpense": 23839000,
    "netIncome": 43068000,
    "netIncomeRatio": 0.0896413348,
    "eps": 0.26,
    "epsdiluted": 0.26,
    "weightedAverageShsOut": 164160000,
    "weightedAverageShsOutDil": 166991000,
    "link": "https://www.sec.gov/Archives/edgar/data/720005/000072000504000018/0000720005-04-000018-index.htm",
    "finalLink": "https://www.sec.gov/Archives/edgar/data/720005/000072000504000018/q100304.htm"
  },
  {
    "date": "2003-12-26",
    "symbol": "RJF",
    "reportedCurrency": "USD",
    "cik": "0000720005",
    "fillingDate": "2004-02-09",
    "acceptedDate": "2004-02-09 15:01:17",
    "calendarYear": "2004",
    "period": "Q1",
    "revenue": 413987000,
    "costOfRevenue": 15293000,
    "grossProfit": 398694000,
    "grossProfitRatio": 0.9630592265,
    "researchAndDevelopmentExpenses": 0,
    "generalAndAdministrativeExpenses": 300660000,
    "sellingAndMarketingExpenses": 0,
    "sellingGeneralAndAdministrativeExpenses": 300660000,
    "otherExpenses": 113327000,
    "operatingExpenses": 413987000,
    "costAndExpenses": 413987000,
    "interestIncome": 31156000,
    "interestExpense": 10673000,
    "depreciationAndAmortization": 3297000,
    "ebitda": 0,
    "ebitdaratio": 0,
    "operatingIncome": 0,
    "operatingIncomeRatio": 0,
    "totalOtherIncomeExpensesNet": 38955000,
    "incomeBeforeTax": 38955000,
    "incomeBeforeTaxRatio": 0.0940971576,
    "incomeTaxExpense": 14725000,
    "netIncome": 24230000,
    "netIncomeRatio": 0.0585284079,
    "eps": 0.15,
    "epsdiluted": 0.15,
    "weightedAverageShsOut": 163981000,
    "weightedAverageShsOutDil": 166749000,
    "link": "https://www.sec.gov/Archives/edgar/data/720005/000072000504000007/0000720005-04-000007-index.htm",
    "finalLink": "https://www.sec.gov/Archives/edgar/data/720005/000072000504000007/q101203.htm"
  },
  {
    "date": "2003-09-26",
    "symbol": "RJF",
    "reportedCurrency": "USD",
    "cik": "0000720005",
    "fillingDate": "2003-12-23",
    "acceptedDate": "2003-12-23 12:08:13",
    "calendarYear": "2003",
    "period": "Q4",
    "revenue": 402756000,
    "costOfRevenue": 42637000,
    "grossProfit": 360119000,
    "grossProfitRatio": 0.8941368968,
    "researchAndDevelopmentExpenses": 0,
    "generalAndAdministrativeExpenses": 280551000,
    "sellingAndMarketingExpenses": 0,
    "sellingGeneralAndAdministrativeExpenses": 280551000,
    "otherExpenses": 122205000,
    "operatingExpenses": 402756000,
    "costAndExpenses": -711488000,
    "interestIncome": 29697000,
    "interestExpense": 9944000,
    "depreciationAndAmortization": 2083000,
    "ebitda": 0,
    "ebitdaratio": 0,
    "operatingIncome": 1706303000,
    "operatingIncomeRatio": 4.2365675496,
    "totalOtherIncomeExpensesNet": -1792083000,
    "incomeBeforeTax": 52496000,
    "incomeBeforeTaxRatio": 0.130341944,
    "incomeTaxExpense": 19362000,
    "netIncome": 33134000,
    "netIncomeRatio": 0.0822681723,
    "eps": 0.2,
    "epsdiluted": 0.2,
    "weightedAverageShsOut": 163853000,
    "weightedAverageShsOutDil": 165328000,
    "link": "https://www.sec.gov/Archives/edgar/data/720005/000072000503000029/0000720005-03-000029-index.htm",
    "finalLink": "https://www.sec.gov/Archives/edgar/data/720005/000072000503000029/edgark1003.htm"
  },
  {
    "date": "2003-06-27",
    "symbol": "RJF",
    "reportedCurrency": "USD",
    "cik": "0000720005",
    "fillingDate": "2003-08-08",
    "acceptedDate": "2003-08-08 15:58:57",
    "calendarYear": "2003",
    "period": "Q3",
    "revenue": 377991000,
    "costOfRevenue": 14811000,
    "grossProfit": 363180000,
    "grossProfitRatio": 0.9608165274,
    "researchAndDevelopmentExpenses": 0,
    "generalAndAdministrativeExpenses": 270308000,
    "sellingAndMarketingExpenses": 0,
    "sellingGeneralAndAdministrativeExpenses": 270308000,
    "otherExpenses": 107683000,
    "operatingExpenses": 377991000,
    "costAndExpenses": 377991000,
    "interestIncome": 32364000,
    "interestExpense": 11776000,
    "depreciationAndAmortization": 6382000,
    "ebitda": 0,
    "ebitdaratio": 0,
    "operatingIncome": 0,
    "operatingIncomeRatio": 0,
    "totalOtherIncomeExpensesNet": 38144000,
    "incomeBeforeTax": 38144000,
    "incomeBeforeTaxRatio": 0.1009124556,
    "incomeTaxExpense": 14582000,
    "netIncome": 23562000,
    "netIncomeRatio": 0.0623348175,
    "eps": 0.15,
    "epsdiluted": 0.14,
    "weightedAverageShsOut": 163775000,
    "weightedAverageShsOutDil": 165068000,
    "link": "https://www.sec.gov/Archives/edgar/data/720005/000072000503000021/0000720005-03-000021-index.htm",
    "finalLink": "https://www.sec.gov/Archives/edgar/data/720005/000072000503000021/q10603.htm"
  },
  {
    "date": "2003-03-28",
    "symbol": "RJF",
    "reportedCurrency": "USD",
    "cik": "0000720005",
    "fillingDate": "2003-05-09",
    "acceptedDate": "2003-05-09 15:42:37",
    "calendarYear": "2003",
    "period": "Q2",
    "revenue": 339819000,
    "costOfRevenue": 14942000,
    "grossProfit": 324877000,
    "grossProfitRatio": 0.9560295334,
    "researchAndDevelopmentExpenses": 0,
    "generalAndAdministrativeExpenses": 248951000,
    "sellingAndMarketingExpenses": 0,
    "sellingGeneralAndAdministrativeExpenses": 248951000,
    "otherExpenses": 90868000,
    "operatingExpenses": 339819000,
    "costAndExpenses": 339819000,
    "interestIncome": 31000000,
    "interestExpense": 10678000,
    "depreciationAndAmortization": 4746000,
    "ebitda": 0,
    "ebitdaratio": 0,
    "operatingIncome": 0,
    "operatingIncomeRatio": 0,
    "totalOtherIncomeExpensesNet": 24271000,
    "incomeBeforeTax": 24271000,
    "incomeBeforeTaxRatio": 0.0714233165,
    "incomeTaxExpense": 9077000,
    "netIncome": 15194000,
    "netIncomeRatio": 0.0447120379,
    "eps": 0.0919,
    "epsdiluted": 0.0919,
    "weightedAverageShsOut": 165253000,
    "weightedAverageShsOutDil": 165253000,
    "link": "https://www.sec.gov/Archives/edgar/data/720005/000072000503000015/0000720005-03-000015-index.htm",
    "finalLink": "https://www.sec.gov/Archives/edgar/data/720005/000072000503000015/q10303.htm"
  },
  {
    "date": "2002-12-27",
    "symbol": "RJF",
    "reportedCurrency": "USD",
    "cik": "0000720005",
    "fillingDate": "2003-02-10",
    "acceptedDate": "2003-02-10 15:17:10",
    "calendarYear": "2003",
    "period": "Q1",
    "revenue": 331395000,
    "costOfRevenue": 15648000,
    "grossProfit": 315747000,
    "grossProfitRatio": 0.952781424,
    "researchAndDevelopmentExpenses": 0,
    "generalAndAdministrativeExpenses": 234866000,
    "sellingAndMarketingExpenses": 0,
    "sellingGeneralAndAdministrativeExpenses": 234866000,
    "otherExpenses": 96529000,
    "operatingExpenses": 331395000,
    "costAndExpenses": 331395000,
    "interestIncome": 34646000,
    "interestExpense": 13213000,
    "depreciationAndAmortization": 5133000,
    "ebitda": 0,
    "ebitdaratio": 0,
    "operatingIncome": 0,
    "operatingIncomeRatio": 0,
    "totalOtherIncomeExpensesNet": 23365000,
    "incomeBeforeTax": 23365000,
    "incomeBeforeTaxRatio": 0.0705049865,
    "incomeTaxExpense": 8937000,
    "netIncome": 14428000,
    "netIncomeRatio": 0.0435371686,
    "eps": 0.0889,
    "epsdiluted": 0.0862,
    "weightedAverageShsOut": 164572000,
    "weightedAverageShsOutDil": 167285000,
    "link": "https://www.sec.gov/Archives/edgar/data/720005/000072000503000006/0000720005-03-000006-index.htm",
    "finalLink": "https://www.sec.gov/Archives/edgar/data/720005/000072000503000006/q101202.htm"
  },
  {
    "date": "2002-09-27",
    "symbol": "RJF",
    "reportedCurrency": "USD",
    "cik": "0000720005",
    "fillingDate": "2002-12-23",
    "acceptedDate": "2002-12-23 14:44:59",
    "calendarYear": "2002",
    "period": "Q4",
    "revenue": 367855000,
    "costOfRevenue": 0,
    "grossProfit": 367855000,
    "grossProfitRatio": 1,
    "researchAndDevelopmentExpenses": 0,
    "generalAndAdministrativeExpenses": 253528000,
    "sellingAndMarketingExpenses": 0,
    "sellingGeneralAndAdministrativeExpenses": 253528000,
    "otherExpenses": -253528000,
    "operatingExpenses": 367855000,
    "costAndExpenses": -766629000,
    "interestIncome": 37343000,
    "interestExpense": 14795000,
    "depreciationAndAmortization": 5355000,
    "ebitda": 0,
    "ebitdaratio": 0,
    "operatingIncome": 52302000,
    "operatingIncomeRatio": 0.1421810224,
    "totalOtherIncomeExpensesNet": -14795000,
    "incomeBeforeTax": 37507000,
    "incomeBeforeTaxRatio": 0.1019613706,
    "incomeTaxExpense": 15512000,
    "netIncome": 21995000,
    "netIncomeRatio": 0.0597925813,
    "eps": 0.13,
    "epsdiluted": 0.13,
    "weightedAverageShsOut": 164275000,
    "weightedAverageShsOutDil": 167498000,
    "link": "https://www.sec.gov/Archives/edgar/data/720005/000072000502000028/0000720005-02-000028-index.htm",
    "finalLink": "https://www.sec.gov/Archives/edgar/data/720005/000072000502000028/k1002a.htm"
  },
  {
    "date": "2002-06-28",
    "symbol": "RJF",
    "reportedCurrency": "USD",
    "cik": "0000720005",
    "fillingDate": "2002-08-09",
    "acceptedDate": "2002-08-09 15:53:53",
    "calendarYear": "2002",
    "period": "Q3",
    "revenue": 370945000,
    "costOfRevenue": 15524000,
    "grossProfit": 355421000,
    "grossProfitRatio": 0.9581501301,
    "researchAndDevelopmentExpenses": 0,
    "generalAndAdministrativeExpenses": 263660000,
    "sellingAndMarketingExpenses": 0,
    "sellingGeneralAndAdministrativeExpenses": 263660000,
    "otherExpenses": 107285000,
    "operatingExpenses": 370945000,
    "costAndExpenses": 370945000,
    "interestIncome": 38494000,
    "interestExpense": 17178000,
    "depreciationAndAmortization": 7241000,
    "ebitda": 0,
    "ebitdaratio": 0,
    "operatingIncome": 51117000,
    "operatingIncomeRatio": 0.1378021,
    "totalOtherIncomeExpensesNet": -17178000,
    "incomeBeforeTax": 33939000,
    "incomeBeforeTaxRatio": 0.0914933481,
    "incomeTaxExpense": 13546000,
    "netIncome": 20393000,
    "netIncomeRatio": 0.054975805,
    "eps": 0.12,
    "epsdiluted": 0.12,
    "weightedAverageShsOut": 164916000,
    "weightedAverageShsOutDil": 168298000,
    "link": "https://www.sec.gov/Archives/edgar/data/720005/000072000502000020/0000720005-02-000020-index.htm",
    "finalLink": "https://www.sec.gov/Archives/edgar/data/720005/000072000502000020/june02.htm"
  },
  {
    "date": "2002-03-28",
    "symbol": "RJF",
    "reportedCurrency": "USD",
    "cik": "0000720005",
    "fillingDate": "2002-05-10",
    "acceptedDate": "2002-05-10 13:04:15",
    "calendarYear": "2002",
    "period": "Q2",
    "revenue": 359100000,
    "costOfRevenue": 14607000,
    "grossProfit": 344493000,
    "grossProfitRatio": 0.9593233083,
    "researchAndDevelopmentExpenses": 0,
    "generalAndAdministrativeExpenses": 256978000,
    "sellingAndMarketingExpenses": 0,
    "sellingGeneralAndAdministrativeExpenses": 256978000,
    "otherExpenses": 102122000,
    "operatingExpenses": 359100000,
    "costAndExpenses": 359100000,
    "interestIncome": 38586000,
    "interestExpense": 19241000,
    "depreciationAndAmortization": 4427000,
    "ebitda": 0,
    "ebitdaratio": 0,
    "operatingIncome": 49929000,
    "operatingIncomeRatio": 0.1390392648,
    "totalOtherIncomeExpensesNet": -19241000,
    "incomeBeforeTax": 30688000,
    "incomeBeforeTaxRatio": 0.0854580897,
    "incomeTaxExpense": 11871000,
    "netIncome": 18817000,
    "netIncomeRatio": 0.0524004456,
    "eps": 0.12,
    "epsdiluted": 0.11,
    "weightedAverageShsOut": 162676000,
    "weightedAverageShsOutDil": 166957000,
    "link": "https://www.sec.gov/Archives/edgar/data/720005/000072000502000005/0000720005-02-000005-index.htm",
    "finalLink": "https://www.sec.gov/Archives/edgar/data/720005/000072000502000005/mar0210q.htm"
  },
  {
    "date": "2001-12-28",
    "symbol": "RJF",
    "reportedCurrency": "USD",
    "cik": "0000720005",
    "fillingDate": "2002-02-08",
    "acceptedDate": "2002-02-08 00:00:00",
    "calendarYear": "2002",
    "period": "Q1",
    "revenue": 339015000,
    "costOfRevenue": 15096000,
    "grossProfit": 323919000,
    "grossProfitRatio": 0.9554709969,
    "researchAndDevelopmentExpenses": 0,
    "generalAndAdministrativeExpenses": 245991000,
    "sellingAndMarketingExpenses": 0,
    "sellingGeneralAndAdministrativeExpenses": 245991000,
    "otherExpenses": 93024000,
    "operatingExpenses": 339015000,
    "costAndExpenses": 339015000,
    "interestIncome": 45379000,
    "interestExpense": 25121000,
    "depreciationAndAmortization": 5790000,
    "ebitda": 0,
    "ebitdaratio": 0,
    "operatingIncome": 54503000,
    "operatingIncomeRatio": 0.1607686976,
    "totalOtherIncomeExpensesNet": -25121000,
    "incomeBeforeTax": 29382000,
    "incomeBeforeTaxRatio": 0.0866687315,
    "incomeTaxExpense": 11284000,
    "netIncome": 18098000,
    "netIncomeRatio": 0.0533840686,
    "eps": 0.11,
    "epsdiluted": 0.11,
    "weightedAverageShsOut": 163109000,
    "weightedAverageShsOutDil": 166444000,
    "link": "https://www.sec.gov/Archives/edgar/data/720005/000072000502000002/0000720005-02-000002-index.htm",
    "finalLink": "https://www.sec.gov/Archives/edgar/data/720005/000072000502000002/dec01.htm"
  },
  {
    "date": "2001-09-28",
    "symbol": "RJF",
    "reportedCurrency": "USD",
    "cik": "0000720005",
    "fillingDate": "2001-12-21",
    "acceptedDate": "2001-12-21 00:00:00",
    "calendarYear": "2001",
    "period": "Q4",
    "revenue": 340437000,
    "costOfRevenue": 0,
    "grossProfit": 340437000,
    "grossProfitRatio": 1,
    "researchAndDevelopmentExpenses": 0,
    "generalAndAdministrativeExpenses": 247721000,
    "sellingAndMarketingExpenses": 0,
    "sellingGeneralAndAdministrativeExpenses": 247721000,
    "otherExpenses": 92716000,
    "operatingExpenses": 340437000,
    "costAndExpenses": 278071000,
    "interestIncome": 61299000,
    "interestExpense": 39388000,
    "depreciationAndAmortization": 9946000,
    "ebitda": 0,
    "ebitdaratio": 0,
    "operatingIncome": 62366000,
    "operatingIncomeRatio": 0.1831939537,
    "totalOtherIncomeExpensesNet": -39388000,
    "incomeBeforeTax": 22978000,
    "incomeBeforeTaxRatio": 0.0674956012,
    "incomeTaxExpense": 10344000,
    "netIncome": 12634000,
    "netIncomeRatio": 0.0371111248,
    "eps": 0.0785,
    "epsdiluted": 0.0767,
    "weightedAverageShsOut": 160863000,
    "weightedAverageShsOutDil": 164697000,
    "link": "https://www.sec.gov/Archives/edgar/data/720005/000072000501500034/0000720005-01-500034-index.htm",
    "finalLink": "https://www.sec.gov/Archives/edgar/data/720005/000072000501500034/k102001.htm"
  },
  {
    "date": "2001-06-29",
    "symbol": "RJF",
    "reportedCurrency": "USD",
    "cik": "0000720005",
    "fillingDate": "2001-08-10",
    "acceptedDate": "2001-08-10 00:00:00",
    "calendarYear": "2001",
    "period": "Q3",
    "revenue": 371122000,
    "costOfRevenue": 286103000,
    "grossProfit": 85019000,
    "grossProfitRatio": 0.2290863921,
    "researchAndDevelopmentExpenses": 0,
    "generalAndAdministrativeExpenses": 270634000,
    "sellingAndMarketingExpenses": 0,
    "sellingGeneralAndAdministrativeExpenses": 270634000,
    "otherExpenses": 100488000,
    "operatingExpenses": 371122000,
    "costAndExpenses": 286103000,
    "interestIncome": 75626000,
    "interestExpense": 50870000,
    "depreciationAndAmortization": 6894000,
    "ebitda": 0,
    "ebitdaratio": 0,
    "operatingIncome": 99305000,
    "operatingIncomeRatio": 0.2675804722,
    "totalOtherIncomeExpensesNet": -50870000,
    "incomeBeforeTax": 48435000,
    "incomeBeforeTaxRatio": 0.1305096437,
    "incomeTaxExpense": 19505000,
    "netIncome": 28930000,
    "netIncomeRatio": 0.0779528026,
    "eps": 0.18,
    "epsdiluted": 0.17,
    "weightedAverageShsOut": 162115000,
    "weightedAverageShsOutDil": 166020000,
    "link": "https://www.sec.gov/Archives/edgar/data/720005/000072000501500020/0000720005-01-500020-index.htm",
    "finalLink": "https://www.sec.gov/Archives/edgar/data/720005/000072000501500020/june01.htm"
  },
  {
    "date": "2001-03-30",
    "symbol": "RJF",
    "reportedCurrency": "USD",
    "cik": "0000720005",
    "fillingDate": "2001-05-14",
    "acceptedDate": "2001-05-14 00:00:00",
    "calendarYear": "2001",
    "period": "Q2",
    "revenue": 369743000,
    "costOfRevenue": 0,
    "grossProfit": 369743000,
    "grossProfitRatio": 1,
    "researchAndDevelopmentExpenses": 0,
    "generalAndAdministrativeExpenses": 260872000,
    "sellingAndMarketingExpenses": 0,
    "sellingGeneralAndAdministrativeExpenses": 260872000,
    "otherExpenses": 108871000,
    "operatingExpenses": 369743000,
    "costAndExpenses": 276760000,
    "interestIncome": 94998000,
    "interestExpense": 67281000,
    "depreciationAndAmortization": 9073000,
    "ebitda": 0,
    "ebitdaratio": 0,
    "operatingIncome": 0,
    "operatingIncomeRatio": 0,
    "totalOtherIncomeExpensesNet": 36926000,
    "incomeBeforeTax": 36926000,
    "incomeBeforeTaxRatio": 0.0998693687,
    "incomeTaxExpense": 14261000,
    "netIncome": 22665000,
    "netIncomeRatio": 0.0612993349,
    "eps": 0.14,
    "epsdiluted": 0.14,
    "weightedAverageShsOut": 161255000,
    "weightedAverageShsOutDil": 166043000,
    "link": "https://www.sec.gov/Archives/edgar/data/720005/000072000501500012/0000720005-01-500012-index.htm",
    "finalLink": "https://www.sec.gov/Archives/edgar/data/720005/000072000501500012/mar10q.htm"
  },
  {
    "date": "2000-12-29",
    "symbol": "RJF",
    "reportedCurrency": "USD",
    "cik": "0000720005",
    "fillingDate": "2001-02-09",
    "acceptedDate": "2001-02-09 00:00:00",
    "calendarYear": "2001",
    "period": "Q1",
    "revenue": 350210000,
    "costOfRevenue": 0,
    "grossProfit": 350210000,
    "grossProfitRatio": 1,
    "researchAndDevelopmentExpenses": 0,
    "generalAndAdministrativeExpenses": 245196000,
    "sellingAndMarketingExpenses": 0,
    "sellingGeneralAndAdministrativeExpenses": 245196000,
    "otherExpenses": 105014000,
    "operatingExpenses": -230268000,
    "costAndExpenses": -230268000,
    "interestIncome": 102465000,
    "interestExpense": 70813000,
    "depreciationAndAmortization": 5346000,
    "ebitda": 0,
    "ebitdaratio": 0,
    "operatingIncome": 0,
    "operatingIncomeRatio": 0,
    "totalOtherIncomeExpensesNet": 49129000,
    "incomeBeforeTax": 49129000,
    "incomeBeforeTaxRatio": 0.1402844008,
    "incomeTaxExpense": 16948000,
    "netIncome": 32181000,
    "netIncomeRatio": 0.0918905799,
    "eps": 0.2,
    "epsdiluted": 0.2,
    "weightedAverageShsOut": 157437000,
    "weightedAverageShsOutDil": 161399000,
    "link": "https://www.sec.gov/Archives/edgar/data/720005/000072000501500006/0000720005-01-500006-index.htm",
    "finalLink": "https://www.sec.gov/Archives/edgar/data/720005/000072000501500006/dec00f.txt"
  },
  {
    "date": "2000-09-29",
    "symbol": "RJF",
    "reportedCurrency": "USD",
    "cik": "0000720005",
    "fillingDate": "2000-12-22",
    "acceptedDate": "2000-12-22 00:00:00",
    "calendarYear": "2000",
    "period": "Q4",
    "revenue": 367087000,
    "costOfRevenue": 0,
    "grossProfit": 367087000,
    "grossProfitRatio": 1,
    "researchAndDevelopmentExpenses": 0,
    "generalAndAdministrativeExpenses": 247018000,
    "sellingAndMarketingExpenses": 0,
    "sellingGeneralAndAdministrativeExpenses": 247018000,
    "otherExpenses": 120069000,
    "operatingExpenses": -241267000,
    "costAndExpenses": -241267000,
    "interestIncome": 96226000,
    "interestExpense": 64970000,
    "depreciationAndAmortization": 8068000,
    "ebitda": 0,
    "ebitdaratio": 0,
    "operatingIncome": 0,
    "operatingIncomeRatio": 0,
    "totalOtherIncomeExpensesNet": 60850000,
    "incomeBeforeTax": 60850000,
    "incomeBeforeTaxRatio": 0.165764519,
    "incomeTaxExpense": 23870000,
    "netIncome": 36980000,
    "netIncomeRatio": 0.1007390619,
    "eps": 0.24,
    "epsdiluted": 0.23,
    "weightedAverageShsOut": 156232000,
    "weightedAverageShsOutDil": 158176000,
    "link": "https://www.sec.gov/Archives/edgar/data/720005/000072000500500017/0000720005-00-500017-index.htm",
    "finalLink": "https://www.sec.gov/Archives/edgar/data/720005/000072000500500017/sept00fff.txt"
  },
  {
    "date": "2000-06-30",
    "symbol": "RJF",
    "reportedCurrency": "USD",
    "cik": "0000720005",
    "fillingDate": "2000-08-11",
    "acceptedDate": "2000-08-11 00:00:00",
    "calendarYear": "2000",
    "period": "Q3",
    "revenue": 367711000,
    "costOfRevenue": 0,
    "grossProfit": 367711000,
    "grossProfitRatio": 1,
    "researchAndDevelopmentExpenses": 0,
    "generalAndAdministrativeExpenses": 249278000,
    "sellingAndMarketingExpenses": 0,
    "sellingGeneralAndAdministrativeExpenses": 249278000,
    "otherExpenses": 118433000,
    "operatingExpenses": -270570000,
    "costAndExpenses": -270570000,
    "interestIncome": 88963000,
    "interestExpense": 58713000,
    "depreciationAndAmortization": 5398000,
    "ebitda": 0,
    "ebitdaratio": 0,
    "operatingIncome": 0,
    "operatingIncomeRatio": 0,
    "totalOtherIncomeExpensesNet": 38428000,
    "incomeBeforeTax": 38428000,
    "incomeBeforeTaxRatio": 0.1045059843,
    "incomeTaxExpense": 15265000,
    "netIncome": 23163000,
    "netIncomeRatio": 0.0629924044,
    "eps": 0.15,
    "epsdiluted": 0.15,
    "weightedAverageShsOut": 155557000,
    "weightedAverageShsOutDil": 157501000,
    "link": "https://www.sec.gov/Archives/edgar/data/720005/000072000500000009/0000720005-00-000009-index.htm",
    "finalLink": "https://www.sec.gov/Archives/edgar/data/720005/000072000500000009/0000720005-00-000009-0001.txt"
  },
  {
    "date": "2000-03-31",
    "symbol": "RJF",
    "reportedCurrency": "USD",
    "cik": "0000720005",
    "fillingDate": "2000-05-11",
    "acceptedDate": "2000-05-11 00:00:00",
    "calendarYear": "2000",
    "period": "Q2",
    "revenue": 400101000,
    "costOfRevenue": 0,
    "grossProfit": 400101000,
    "grossProfitRatio": 1,
    "researchAndDevelopmentExpenses": 0,
    "generalAndAdministrativeExpenses": 275048000,
    "sellingAndMarketingExpenses": 0,
    "sellingGeneralAndAdministrativeExpenses": 275048000,
    "otherExpenses": 125053000,
    "operatingExpenses": -281840000,
    "costAndExpenses": -281840000,
    "interestIncome": 84595000,
    "interestExpense": 56086000,
    "depreciationAndAmortization": 4988000,
    "ebitda": 0,
    "ebitdaratio": 0,
    "operatingIncome": 0,
    "operatingIncomeRatio": 0,
    "totalOtherIncomeExpensesNet": 62175000,
    "incomeBeforeTax": 62175000,
    "incomeBeforeTaxRatio": 0.1553982619,
    "incomeTaxExpense": 23939000,
    "netIncome": 38236000,
    "netIncomeRatio": 0.0955658696,
    "eps": 0.25,
    "epsdiluted": 0.24,
    "weightedAverageShsOut": 155287000,
    "weightedAverageShsOutDil": 157096000,
    "link": "https://www.sec.gov/Archives/edgar/data/720005/000072000500000005/0000720005-00-000005-index.html",
    "finalLink": "https://www.sec.gov/Archives/edgar/data/720005/000072000500000005/"
  },
  {
    "date": "1999-12-31",
    "symbol": "RJF",
    "reportedCurrency": "USD",
    "cik": "0000720005",
    "fillingDate": "2000-02-11",
    "acceptedDate": "2000-02-11 00:00:00",
    "calendarYear": "2000",
    "period": "Q1",
    "revenue": 335000000,
    "costOfRevenue": 0,
    "grossProfit": 335000000,
    "grossProfitRatio": 1,
    "researchAndDevelopmentExpenses": 0,
    "generalAndAdministrativeExpenses": 237800000,
    "sellingAndMarketingExpenses": 0,
    "sellingGeneralAndAdministrativeExpenses": 237800000,
    "otherExpenses": 97200000,
    "operatingExpenses": -242900000,
    "costAndExpenses": -242900000,
    "interestIncome": 75900000,
    "interestExpense": 48900000,
    "depreciationAndAmortization": 5400000,
    "ebitda": 0,
    "ebitdaratio": 0,
    "operatingIncome": 0,
    "operatingIncomeRatio": 0,
    "totalOtherIncomeExpensesNet": 43200000,
    "incomeBeforeTax": 43200000,
    "incomeBeforeTaxRatio": 0.1289552239,
    "incomeTaxExpense": 16400000,
    "netIncome": 26800000,
    "netIncomeRatio": 0.08,
    "eps": 0.17,
    "epsdiluted": 0.17,
    "weightedAverageShsOut": 158207000,
    "weightedAverageShsOutDil": 160306000,
    "link": "https://www.sec.gov/Archives/edgar/data/720005/000072000500000002/0000720005-00-000002-index.html",
    "finalLink": "https://www.sec.gov/Archives/edgar/data/720005/000072000500000002/"
  },
  {
    "date": "1999-09-24",
    "symbol": "RJF",
    "reportedCurrency": "USD",
    "cik": "0000720005",
    "fillingDate": "1999-12-22",
    "acceptedDate": "1999-12-22 00:00:00",
    "calendarYear": "1999",
    "period": "Q4",
    "revenue": 300000000,
    "costOfRevenue": 0,
    "grossProfit": 300000000,
    "grossProfitRatio": 1,
    "researchAndDevelopmentExpenses": 0,
    "generalAndAdministrativeExpenses": 209100000,
    "sellingAndMarketingExpenses": 0,
    "sellingGeneralAndAdministrativeExpenses": 209100000,
    "otherExpenses": 90900000,
    "operatingExpenses": -220100000,
    "costAndExpenses": -220100000,
    "interestIncome": 66900000,
    "interestExpense": 44000000,
    "depreciationAndAmortization": 6000000,
    "ebitda": 0,
    "ebitdaratio": 0,
    "operatingIncome": 0,
    "operatingIncomeRatio": 0,
    "totalOtherIncomeExpensesNet": 35900000,
    "incomeBeforeTax": 35900000,
    "incomeBeforeTaxRatio": 0.1196666667,
    "incomeTaxExpense": 13600000,
    "netIncome": 22300000,
    "netIncomeRatio": 0.0743333333,
    "eps": 0.14,
    "epsdiluted": 0.14,
    "weightedAverageShsOut": 160670000,
    "weightedAverageShsOutDil": 163515000,
    "link": "https://www.sec.gov/Archives/edgar/data/720005/000072000599000025/0000720005-99-000025-index.html",
    "finalLink": "https://www.sec.gov/Archives/edgar/data/720005/000072000599000025/"
  },
  {
    "date": "1999-06-25",
    "symbol": "RJF",
    "reportedCurrency": "USD",
    "cik": "0000720005",
    "fillingDate": "1999-08-06",
    "acceptedDate": "1999-08-06 00:00:00",
    "calendarYear": "1999",
    "period": "Q3",
    "revenue": 286400000,
    "costOfRevenue": 0,
    "grossProfit": 286400000,
    "grossProfitRatio": 1,
    "researchAndDevelopmentExpenses": 0,
    "generalAndAdministrativeExpenses": 201500000,
    "sellingAndMarketingExpenses": 0,
    "sellingGeneralAndAdministrativeExpenses": 201500000,
    "otherExpenses": 84886000,
    "operatingExpenses": -210400000,
    "costAndExpenses": -210400000,
    "interestIncome": 58100000,
    "interestExpense": 38000000,
    "depreciationAndAmortization": 4500000,
    "ebitda": 0,
    "ebitdaratio": 0,
    "operatingIncome": 0,
    "operatingIncomeRatio": 0,
    "totalOtherIncomeExpensesNet": 38000000,
    "incomeBeforeTax": 38000000,
    "incomeBeforeTaxRatio": 0.1326815642,
    "incomeTaxExpense": 14500000,
    "netIncome": 23500000,
    "netIncomeRatio": 0.0820530726,
    "eps": 0.15,
    "epsdiluted": 0.15,
    "weightedAverageShsOut": 158466000,
    "weightedAverageShsOutDil": 161700000,
    "link": "https://www.sec.gov/Archives/edgar/data/720005/000072000599000015/0000720005-99-000015-index.html",
    "finalLink": "https://www.sec.gov/Archives/edgar/data/720005/000072000599000015/"
  },
  {
    "date": "1999-03-26",
    "symbol": "RJF",
    "reportedCurrency": "USD",
    "cik": "0000720005",
    "fillingDate": "1999-05-07",
    "acceptedDate": "1999-05-07 00:00:00",
    "calendarYear": "1999",
    "period": "Q2",
    "revenue": 261500000,
    "costOfRevenue": 0,
    "grossProfit": 261500000,
    "grossProfitRatio": 1,
    "researchAndDevelopmentExpenses": 0,
    "generalAndAdministrativeExpenses": 181500000,
    "sellingAndMarketingExpenses": 0,
    "sellingGeneralAndAdministrativeExpenses": 181500000,
    "otherExpenses": 80000000,
    "operatingExpenses": -188400000,
    "costAndExpenses": -188400000,
    "interestIncome": 55700000,
    "interestExpense": 37700000,
    "depreciationAndAmortization": 4600000,
    "ebitda": 0,
    "ebitdaratio": 0,
    "operatingIncome": 0,
    "operatingIncomeRatio": 0,
    "totalOtherIncomeExpensesNet": 35400000,
    "incomeBeforeTax": 35400000,
    "incomeBeforeTaxRatio": 0.1353728489,
    "incomeTaxExpense": 13500000,
    "netIncome": 21900000,
    "netIncomeRatio": 0.0837476099,
    "eps": 0.14,
    "epsdiluted": 0.13,
    "weightedAverageShsOut": 160519000,
    "weightedAverageShsOutDil": 164086000,
    "link": "https://www.sec.gov/Archives/edgar/data/720005/000072000599000009/0000720005-99-000009-index.html",
    "finalLink": "https://www.sec.gov/Archives/edgar/data/720005/"
  },
  {
    "date": "1998-12-24",
    "symbol": "RJF",
    "reportedCurrency": "USD",
    "cik": "0000720005",
    "fillingDate": "1999-02-05",
    "acceptedDate": "1999-02-05 00:00:00",
    "calendarYear": "1999",
    "period": "Q1",
    "revenue": 232800000,
    "costOfRevenue": 0,
    "grossProfit": 232800000,
    "grossProfitRatio": 1,
    "researchAndDevelopmentExpenses": 0,
    "generalAndAdministrativeExpenses": 162600000,
    "sellingAndMarketingExpenses": 0,
    "sellingGeneralAndAdministrativeExpenses": 162600000,
    "otherExpenses": 70200000,
    "operatingExpenses": -172600000,
    "costAndExpenses": -172600000,
    "interestIncome": 49200000,
    "interestExpense": 31800000,
    "depreciationAndAmortization": 4900000,
    "ebitda": 0,
    "ebitdaratio": 0,
    "operatingIncome": 0,
    "operatingIncomeRatio": 0,
    "totalOtherIncomeExpensesNet": 28400000,
    "incomeBeforeTax": 28400000,
    "incomeBeforeTaxRatio": 0.1219931271,
    "incomeTaxExpense": 10900000,
    "netIncome": 17500000,
    "netIncomeRatio": 0.0751718213,
    "eps": 0.11,
    "epsdiluted": 0.11,
    "weightedAverageShsOut": 163899000,
    "weightedAverageShsOutDil": 163899000,
    "link": "https://www.sec.gov/Archives/edgar/data/720005/000072000599000002/0000720005-99-000002-index.html",
    "finalLink": "https://www.sec.gov/Archives/edgar/data/720005/"
  },
  {
    "date": "1998-09-25",
    "symbol": "RJF",
    "reportedCurrency": "USD",
    "cik": "0000720005",
    "fillingDate": "1998-12-24",
    "acceptedDate": "1998-12-24 00:00:00",
    "calendarYear": "1998",
    "period": "Q4",
    "revenue": 250500000,
    "costOfRevenue": 0,
    "grossProfit": 250500000,
    "grossProfitRatio": 1,
    "researchAndDevelopmentExpenses": 0,
    "generalAndAdministrativeExpenses": 172400000,
    "sellingAndMarketingExpenses": 0,
    "sellingGeneralAndAdministrativeExpenses": 172400000,
    "otherExpenses": 78100000,
    "operatingExpenses": -177200000,
    "costAndExpenses": -177200000,
    "interestIncome": 55800000,
    "interestExpense": 36800000,
    "depreciationAndAmortization": 4700000,
    "ebitda": 0,
    "ebitdaratio": 0,
    "operatingIncome": 0,
    "operatingIncomeRatio": 0,
    "totalOtherIncomeExpensesNet": 36500000,
    "incomeBeforeTax": 36500000,
    "incomeBeforeTaxRatio": 0.1457085828,
    "incomeTaxExpense": 14000000,
    "netIncome": 22500000,
    "netIncomeRatio": 0.0898203593,
    "eps": 0.14,
    "epsdiluted": 0.13,
    "weightedAverageShsOut": 162540000,
    "weightedAverageShsOutDil": 168585000,
    "link": "https://www.sec.gov/Archives/edgar/data/720005/000072000598000022/0000720005-98-000022-index.html",
    "finalLink": "https://www.sec.gov/Archives/edgar/data/720005/"
  },
  {
    "date": "1998-06-26",
    "symbol": "RJF",
    "reportedCurrency": "USD",
    "cik": "0000720005",
    "fillingDate": "1998-08-07",
    "acceptedDate": "1998-08-07 00:00:00",
    "calendarYear": "1998",
    "period": "Q3",
    "revenue": 242300000,
    "costOfRevenue": 0,
    "grossProfit": 242300000,
    "grossProfitRatio": 1,
    "researchAndDevelopmentExpenses": 0,
    "generalAndAdministrativeExpenses": 166300000,
    "sellingAndMarketingExpenses": 0,
    "sellingGeneralAndAdministrativeExpenses": 166300000,
    "otherExpenses": 76000000,
    "operatingExpenses": -172400000,
    "costAndExpenses": -172400000,
    "interestIncome": 51700000,
    "interestExpense": 33500000,
    "depreciationAndAmortization": 4200000,
    "ebitda": 0,
    "ebitdaratio": 0,
    "operatingIncome": 0,
    "operatingIncomeRatio": 0,
    "totalOtherIncomeExpensesNet": 36400000,
    "incomeBeforeTax": 36400000,
    "incomeBeforeTaxRatio": 0.1502269913,
    "incomeTaxExpense": 13600000,
    "netIncome": 22800000,
    "netIncomeRatio": 0.0940982253,
    "eps": 0.14,
    "epsdiluted": 0.14,
    "weightedAverageShsOut": 163560000,
    "weightedAverageShsOutDil": 167115000,
    "link": "https://www.sec.gov/Archives/edgar/data/720005/000072000598000015/0000720005-98-000015-index.html",
    "finalLink": "https://www.sec.gov/Archives/edgar/data/720005/"
  },
  {
    "date": "1998-03-27",
    "symbol": "RJF",
    "reportedCurrency": "USD",
    "cik": "0000720005",
    "fillingDate": "1998-05-11",
    "acceptedDate": "1998-05-11 00:00:00",
    "calendarYear": "1998",
    "period": "Q2",
    "revenue": 236200000,
    "costOfRevenue": 0,
    "grossProfit": 236200000,
    "grossProfitRatio": 1,
    "researchAndDevelopmentExpenses": 0,
    "generalAndAdministrativeExpenses": 159200000,
    "sellingAndMarketingExpenses": 0,
    "sellingGeneralAndAdministrativeExpenses": 159200000,
    "otherExpenses": 77000000,
    "operatingExpenses": -164400000,
    "costAndExpenses": -164400000,
    "interestIncome": 48600000,
    "interestExpense": 31300000,
    "depreciationAndAmortization": 3800000,
    "ebitda": 0,
    "ebitdaratio": 0,
    "operatingIncome": 0,
    "operatingIncomeRatio": 0,
    "totalOtherIncomeExpensesNet": 40500000,
    "incomeBeforeTax": 40500000,
    "incomeBeforeTaxRatio": 0.1714648603,
    "incomeTaxExpense": 15800000,
    "netIncome": 24700000,
    "netIncomeRatio": 0.1045723963,
    "eps": 0.15,
    "epsdiluted": 0.15,
    "weightedAverageShsOut": 163293000,
    "weightedAverageShsOutDil": 166558000,
    "link": "https://www.sec.gov/Archives/edgar/data/720005/000072000598000004/0000720005-98-000004-index.html",
    "finalLink": "https://www.sec.gov/Archives/edgar/data/720005/"
  },
  {
    "date": "1997-12-26",
    "symbol": "RJF",
    "reportedCurrency": "USD",
    "cik": "0000720005",
    "fillingDate": "1998-02-09",
    "acceptedDate": "1998-02-09 00:00:00",
    "calendarYear": "1998",
    "period": "Q1",
    "revenue": 222900000,
    "costOfRevenue": 0,
    "grossProfit": 222900000,
    "grossProfitRatio": 1,
    "researchAndDevelopmentExpenses": 0,
    "generalAndAdministrativeExpenses": 152500000,
    "sellingAndMarketingExpenses": 0,
    "sellingGeneralAndAdministrativeExpenses": 152500000,
    "otherExpenses": 70400000,
    "operatingExpenses": -156700000,
    "costAndExpenses": -156700000,
    "interestIncome": 46200000,
    "interestExpense": 29400000,
    "depreciationAndAmortization": 3600000,
    "ebitda": 0,
    "ebitdaratio": 0,
    "operatingIncome": 0,
    "operatingIncomeRatio": 0,
    "totalOtherIncomeExpensesNet": 36800000,
    "incomeBeforeTax": 36800000,
    "incomeBeforeTaxRatio": 0.1650964558,
    "incomeTaxExpense": 14100000,
    "netIncome": 22700000,
    "netIncomeRatio": 0.1018393899,
    "eps": 0.14,
    "epsdiluted": 0.14,
    "weightedAverageShsOut": 162842000,
    "weightedAverageShsOutDil": 162842000,
    "link": "https://www.sec.gov/Archives/edgar/data/720005/000072000598000002/0000720005-98-000002-index.html",
    "finalLink": "https://www.sec.gov/Archives/edgar/data/720005/"
  },
  {
    "date": "1997-09-26",
    "symbol": "RJF",
    "reportedCurrency": "USD",
    "cik": "0000720005",
    "fillingDate": "1997-12-24",
    "acceptedDate": "1997-12-24 00:00:00",
    "calendarYear": "1997",
    "period": "Q4",
    "revenue": 244800000,
    "costOfRevenue": 0,
    "grossProfit": 244800000,
    "grossProfitRatio": 1,
    "researchAndDevelopmentExpenses": 0,
    "generalAndAdministrativeExpenses": 163800000,
    "sellingAndMarketingExpenses": 0,
    "sellingGeneralAndAdministrativeExpenses": 163800000,
    "otherExpenses": 81000000,
    "operatingExpenses": -174400000,
    "costAndExpenses": -174400000,
    "interestIncome": 43200000,
    "interestExpense": 27900000,
    "depreciationAndAmortization": 3900000,
    "ebitda": 0,
    "ebitdaratio": 0,
    "operatingIncome": 0,
    "operatingIncomeRatio": 0,
    "totalOtherIncomeExpensesNet": 42500000,
    "incomeBeforeTax": 42500000,
    "incomeBeforeTaxRatio": 0.1736111111,
    "incomeTaxExpense": 16000000,
    "netIncome": 26500000,
    "netIncomeRatio": 0.108251634,
    "eps": 0.16,
    "epsdiluted": 0.16,
    "weightedAverageShsOut": 163306000,
    "weightedAverageShsOutDil": 163306000,
    "link": "https://www.sec.gov/Archives/edgar/data/720005/000072000597000015/0000720005-97-000015-index.html",
    "finalLink": "https://www.sec.gov/Archives/edgar/data/720005/"
  },
  {
    "date": "1997-06-27",
    "symbol": "RJF",
    "reportedCurrency": "USD",
    "cik": "0000720005",
    "fillingDate": "1997-08-08",
    "acceptedDate": "1997-08-08 00:00:00",
    "calendarYear": "1997",
    "period": "Q3",
    "revenue": 185100000,
    "costOfRevenue": 0,
    "grossProfit": 185100000,
    "grossProfitRatio": 1,
    "researchAndDevelopmentExpenses": 0,
    "generalAndAdministrativeExpenses": 125800000,
    "sellingAndMarketingExpenses": 0,
    "sellingGeneralAndAdministrativeExpenses": 125800000,
    "otherExpenses": 59300000,
    "operatingExpenses": -132300000,
    "costAndExpenses": -132300000,
    "interestIncome": 38900000,
    "interestExpense": 24900000,
    "depreciationAndAmortization": 3200000,
    "ebitda": 0,
    "ebitdaratio": 0,
    "operatingIncome": 0,
    "operatingIncomeRatio": 0,
    "totalOtherIncomeExpensesNet": 27900000,
    "incomeBeforeTax": 27900000,
    "incomeBeforeTaxRatio": 0.1507293355,
    "incomeTaxExpense": 10800000,
    "netIncome": 17100000,
    "netIncomeRatio": 0.0923824959,
    "eps": 0.1,
    "epsdiluted": 0.1,
    "weightedAverageShsOut": 164728000,
    "weightedAverageShsOutDil": 164728000,
    "link": "https://www.sec.gov/Archives/edgar/data/720005/000072000597000009/0000720005-97-000009-index.html",
    "finalLink": "https://www.sec.gov/Archives/edgar/data/720005/"
  },
  {
    "date": "1997-03-27",
    "symbol": "RJF",
    "reportedCurrency": "USD",
    "cik": "0000720005",
    "fillingDate": "1997-05-09",
    "acceptedDate": "1997-05-09 00:00:00",
    "calendarYear": "1997",
    "period": "Q2",
    "revenue": 224800000,
    "costOfRevenue": 0,
    "grossProfit": 224800000,
    "grossProfitRatio": 1,
    "researchAndDevelopmentExpenses": 0,
    "generalAndAdministrativeExpenses": 132500000,
    "sellingAndMarketingExpenses": 0,
    "sellingGeneralAndAdministrativeExpenses": 132500000,
    "otherExpenses": 92300000,
    "operatingExpenses": -137600000,
    "costAndExpenses": -137600000,
    "interestIncome": 37700000,
    "interestExpense": 25100000,
    "depreciationAndAmortization": 3300000,
    "ebitda": 0,
    "ebitdaratio": 0,
    "operatingIncome": 0,
    "operatingIncomeRatio": 0,
    "totalOtherIncomeExpensesNet": 62100000,
    "incomeBeforeTax": 62100000,
    "incomeBeforeTaxRatio": 0.2762455516,
    "incomeTaxExpense": 24000000,
    "netIncome": 38100000,
    "netIncomeRatio": 0.1694839858,
    "eps": 0.23,
    "epsdiluted": 0.23,
    "weightedAverageShsOut": 162606000,
    "weightedAverageShsOutDil": 162606000,
    "link": "https://www.sec.gov/Archives/edgar/data/720005/000072000597000006/0000720005-97-000006-index.html",
    "finalLink": "https://www.sec.gov/Archives/edgar/data/720005/"
  },
  {
    "date": "1996-12-27",
    "symbol": "RJF",
    "reportedCurrency": "USD",
    "cik": "0000720005",
    "fillingDate": "1997-02-10",
    "acceptedDate": "1997-02-10 00:00:00",
    "calendarYear": "1997",
    "period": "Q1",
    "revenue": 171300000,
    "costOfRevenue": 0,
    "grossProfit": 171300000,
    "grossProfitRatio": 1,
    "researchAndDevelopmentExpenses": 0,
    "generalAndAdministrativeExpenses": 115300000,
    "sellingAndMarketingExpenses": 0,
    "sellingGeneralAndAdministrativeExpenses": 115300000,
    "otherExpenses": 56000000,
    "operatingExpenses": -119800000,
    "costAndExpenses": -119800000,
    "interestIncome": 35900000,
    "interestExpense": 23500000,
    "depreciationAndAmortization": 2900000,
    "ebitda": 0,
    "ebitdaratio": 0,
    "operatingIncome": 0,
    "operatingIncomeRatio": 0,
    "totalOtherIncomeExpensesNet": 28000000,
    "incomeBeforeTax": 28000000,
    "incomeBeforeTaxRatio": 0.1634559253,
    "incomeTaxExpense": 10800000,
    "netIncome": 17200000,
    "netIncomeRatio": 0.1004086398,
    "eps": 0.11,
    "epsdiluted": 0.11,
    "weightedAverageShsOut": 161089000,
    "weightedAverageShsOutDil": 161089000,
    "link": "https://www.sec.gov/Archives/edgar/data/720005/000072000597000004/0000720005-97-000004-index.html",
    "finalLink": "https://www.sec.gov/Archives/edgar/data/720005/"
  },
  {
    "date": "1996-09-27",
    "symbol": "RJF",
    "reportedCurrency": "USD",
    "cik": "0000720005",
    "fillingDate": "1996-12-23",
    "acceptedDate": "1996-12-23 00:00:00",
    "calendarYear": "1996",
    "period": "Q4",
    "revenue": 170600000,
    "costOfRevenue": 0,
    "grossProfit": 170600000,
    "grossProfitRatio": 1,
    "researchAndDevelopmentExpenses": 0,
    "generalAndAdministrativeExpenses": 109400000,
    "sellingAndMarketingExpenses": 0,
    "sellingGeneralAndAdministrativeExpenses": 109400000,
    "otherExpenses": 61200000,
    "operatingExpenses": -115200000,
    "costAndExpenses": -115200000,
    "interestIncome": 33400000,
    "interestExpense": 22300000,
    "depreciationAndAmortization": 3000000,
    "ebitda": 0,
    "ebitdaratio": 0,
    "operatingIncome": 0,
    "operatingIncomeRatio": 0,
    "totalOtherIncomeExpensesNet": 33100000,
    "incomeBeforeTax": 33100000,
    "incomeBeforeTaxRatio": 0.194021102,
    "incomeTaxExpense": 13500000,
    "netIncome": 19600000,
    "netIncomeRatio": 0.1148886284,
    "eps": 0.12,
    "epsdiluted": 0.12,
    "weightedAverageShsOut": 159659000,
    "weightedAverageShsOutDil": 159659000,
    "link": "https://www.sec.gov/Archives/edgar/data/720005/000101684396000139/0001016843-96-000139-index.html",
    "finalLink": "https://www.sec.gov/Archives/edgar/data/720005/"
  },
  {
    "date": "1996-06-28",
    "symbol": "RJF",
    "reportedCurrency": "USD",
    "cik": "0000720005",
    "fillingDate": "1996-08-09",
    "acceptedDate": "1996-08-09 00:00:00",
    "calendarYear": "1996",
    "period": "Q3",
    "revenue": 175800000,
    "costOfRevenue": 0,
    "grossProfit": 175800000,
    "grossProfitRatio": 1,
    "researchAndDevelopmentExpenses": 0,
    "generalAndAdministrativeExpenses": 119000000,
    "sellingAndMarketingExpenses": 0,
    "sellingGeneralAndAdministrativeExpenses": 119000000,
    "otherExpenses": 57300000,
    "operatingExpenses": -123000000,
    "costAndExpenses": -123000000,
    "interestIncome": 33300000,
    "interestExpense": 22300000,
    "depreciationAndAmortization": 2700000,
    "ebitda": 0,
    "ebitdaratio": 0,
    "operatingIncome": 0,
    "operatingIncomeRatio": 0,
    "totalOtherIncomeExpensesNet": 30500000,
    "incomeBeforeTax": 30500000,
    "incomeBeforeTaxRatio": 0.1734926052,
    "incomeTaxExpense": 11900000,
    "netIncome": 18600000,
    "netIncomeRatio": 0.1058020478,
    "eps": 0.12,
    "epsdiluted": 0.12,
    "weightedAverageShsOut": 160800000,
    "weightedAverageShsOutDil": 160800000,
    "link": "https://www.sec.gov/Archives/edgar/data/720005/000072000596000009/0000720005-96-000009-index.html",
    "finalLink": "https://www.sec.gov/Archives/edgar/data/720005/"
  },
  {
    "date": "1996-03-29",
    "symbol": "RJF",
    "reportedCurrency": "USD",
    "cik": "0000720005",
    "fillingDate": "1996-05-13",
    "acceptedDate": "1996-05-13 00:00:00",
    "calendarYear": "1996",
    "period": "Q2",
    "revenue": 156400000,
    "costOfRevenue": 0,
    "grossProfit": 156400000,
    "grossProfitRatio": 1,
    "researchAndDevelopmentExpenses": 0,
    "generalAndAdministrativeExpenses": 106100000,
    "sellingAndMarketingExpenses": 0,
    "sellingGeneralAndAdministrativeExpenses": 106100000,
    "otherExpenses": 50300000,
    "operatingExpenses": -109400000,
    "costAndExpenses": -109400000,
    "interestIncome": 33200000,
    "interestExpense": 22300000,
    "depreciationAndAmortization": 2700000,
    "ebitda": 0,
    "ebitdaratio": 0,
    "operatingIncome": 0,
    "operatingIncomeRatio": 0,
    "totalOtherIncomeExpensesNet": 24700000,
    "incomeBeforeTax": 24700000,
    "incomeBeforeTaxRatio": 0.1579283887,
    "incomeTaxExpense": 9400000,
    "netIncome": 15300000,
    "netIncomeRatio": 0.097826087,
    "eps": 0.0979,
    "epsdiluted": 0.0979,
    "weightedAverageShsOut": 156321000,
    "weightedAverageShsOutDil": 156321000,
    "link": "https://www.sec.gov/Archives/edgar/data/720005/000072000596000006/0000720005-96-000006-index.html",
    "finalLink": "https://www.sec.gov/Archives/edgar/data/720005/"
  },
  {
    "date": "1995-12-29",
    "symbol": "RJF",
    "reportedCurrency": "USD",
    "cik": "0000720005",
    "fillingDate": "1996-02-09",
    "acceptedDate": "1996-02-09 00:00:00",
    "calendarYear": "1996",
    "period": "Q1",
    "revenue": 135400000,
    "costOfRevenue": 0,
    "grossProfit": 135400000,
    "grossProfitRatio": 1,
    "researchAndDevelopmentExpenses": 0,
    "generalAndAdministrativeExpenses": 89400000,
    "sellingAndMarketingExpenses": 0,
    "sellingGeneralAndAdministrativeExpenses": 89400000,
    "otherExpenses": -188000000,
    "operatingExpenses": -98600000,
    "costAndExpenses": -98600000,
    "interestIncome": 26600000,
    "interestExpense": 16600000,
    "depreciationAndAmortization": 2900000,
    "ebitda": 0,
    "ebitdaratio": 0,
    "operatingIncome": 0,
    "operatingIncomeRatio": 0,
    "totalOtherIncomeExpensesNet": 20200000,
    "incomeBeforeTax": 20200000,
    "incomeBeforeTaxRatio": 0.1491875923,
    "incomeTaxExpense": 7700000,
    "netIncome": 12500000,
    "netIncomeRatio": 0.0923190547,
    "eps": 0.0801,
    "epsdiluted": 0.0801,
    "weightedAverageShsOut": 156094000,
    "weightedAverageShsOutDil": 156094000,
    "link": "https://www.sec.gov/Archives/edgar/data/720005/000072000596000004/0000720005-96-000004-index.html",
    "finalLink": "https://www.sec.gov/Archives/edgar/data/720005/"
  },
  {
    "date": "1995-09-29",
    "symbol": "RJF",
    "reportedCurrency": "USD",
    "cik": "0000720005",
    "fillingDate": "1995-12-29",
    "acceptedDate": "1995-12-29 00:00:00",
    "calendarYear": "1995",
    "period": "Q4",
    "revenue": 145200000,
    "costOfRevenue": 0,
    "grossProfit": 145200000,
    "grossProfitRatio": 1,
    "researchAndDevelopmentExpenses": 0,
    "generalAndAdministrativeExpenses": 78800000,
    "sellingAndMarketingExpenses": 0,
    "sellingGeneralAndAdministrativeExpenses": 78800000,
    "otherExpenses": 66400000,
    "operatingExpenses": -102800000,
    "costAndExpenses": -102800000,
    "interestIncome": 27700000,
    "interestExpense": 18500000,
    "depreciationAndAmortization": 2000000,
    "ebitda": 0,
    "ebitdaratio": 0,
    "operatingIncome": 0,
    "operatingIncomeRatio": 0,
    "totalOtherIncomeExpensesNet": 23900000,
    "incomeBeforeTax": 23900000,
    "incomeBeforeTaxRatio": 0.164600551,
    "incomeTaxExpense": 9600000,
    "netIncome": 14300000,
    "netIncomeRatio": 0.0984848485,
    "eps": 0.091,
    "epsdiluted": 0.091,
    "weightedAverageShsOut": 157229000,
    "weightedAverageShsOutDil": 157229000,
    "link": "https://www.sec.gov/Archives/edgar/data/720005/000072000595000018/0000720005-95-000018-index.html",
    "finalLink": "https://www.sec.gov/Archives/edgar/data/720005/"
  }
]