[
  {
    "date": "2024-09-30",
    "symbol": "RJF",
    "reportedCurrency": "USD",
    "cik": "0000720005",
    "fillingDate": "2024-11-26",
    "acceptedDate": "2024-11-26 16:53:21",
    "calendarYear": "2024",
    "period": "FY",
    "revenue": 14741000000,
    "costOfRevenue": 2147000000,
    "grossProfit": 12594000000,
    "grossProfitRatio": 0.8543518079,
    "researchAndDevelopmentExpenses": 0,
    "generalAndAdministrativeExpenses": 8213000000,
    "sellingAndMarketingExpenses": 0,
    "sellingGeneralAndAdministrativeExpenses": 8213000000,
    "otherExpenses": 1738000000,
    "operatingExpenses": 9951000000,
    "costAndExpenses": 12098000000,
    "interestIncome": 4232000000,
    "interestExpense": 2102000000,
    "depreciationAndAmortization": 179000000,
    "ebitda": 2822000000,
    "ebitdaratio": 0.191438844,
    "operatingIncome": 2765000000,
    "operatingIncomeRatio": 0.1875720779,
    "totalOtherIncomeExpensesNet": -122000000,
    "incomeBeforeTax": 2643000000,
    "incomeBeforeTaxRatio": 0.1792958415,
    "incomeTaxExpense": 575000000,
    "netIncome": 2068000000,
    "netIncomeRatio": 0.1402889899,
    "eps": 9.94,
    "epsdiluted": 9.7,
    "weightedAverageShsOut": 207100000,
    "weightedAverageShsOutDil": 212300000,
    "link": "https://www.sec.gov/Archives/edgar/data/720005/000072000524000069/0000720005-24-000069-index.htm",
    "finalLink": "https://www.sec.gov/Archives/edgar/data/720005/000072000524000069/rjf-20240930.htm"
  },
  {
    "date": "2023-09-30",
    "symbol": "RJF",
    "reportedCurrency": "USD",
    "cik": "0000720005",
    "fillingDate": "2023-11-21",
    "acceptedDate": "2023-11-21 16:04:58",
    "calendarYear": "2023",
    "period": "FY",
    "revenue": 12841000000,
    "costOfRevenue": 1505000000,
    "grossProfit": 11336000000,
    "grossProfitRatio": 0.8827972899,
    "researchAndDevelopmentExpenses": 0,
    "generalAndAdministrativeExpenses": 7299000000,
    "sellingAndMarketingExpenses": 0,
    "sellingGeneralAndAdministrativeExpenses": 7299000000,
    "otherExpenses": 1757000000,
    "operatingExpenses": 9056000000,
    "costAndExpenses": 10561000000,
    "interestIncome": 3748000000,
    "interestExpense": 1373000000,
    "depreciationAndAmortization": 165000000,
    "ebitda": 2445000000,
    "ebitdaratio": 0.1904057316,
    "operatingIncome": 2356000000,
    "operatingIncomeRatio": 0.1834748073,
    "totalOtherIncomeExpensesNet": -76000000,
    "incomeBeforeTax": 2280000000,
    "incomeBeforeTaxRatio": 0.1775562651,
    "incomeTaxExpense": 541000000,
    "netIncome": 1739000000,
    "netIncomeRatio": 0.1354255899,
    "eps": 8.16,
    "epsdiluted": 7.97,
    "weightedAverageShsOut": 211800000,
    "weightedAverageShsOutDil": 216900000,
    "link": "https://www.sec.gov/Archives/edgar/data/720005/000072000523000079/0000720005-23-000079-index.htm",
    "finalLink": "https://www.sec.gov/Archives/edgar/data/720005/000072000523000079/rjf-20230930.htm"
  },
  {
    "date": "2022-09-30",
    "symbol": "RJF",
    "reportedCurrency": "USD",
    "cik": "0000720005",
    "fillingDate": "2022-11-22",
    "acceptedDate": "2022-11-22 16:40:10",
    "calendarYear": "2022",
    "period": "FY",
    "revenue": 11156000000,
    "costOfRevenue": 405000000,
    "grossProfit": 10751000000,
    "grossProfitRatio": 0.9636966655,
    "researchAndDevelopmentExpenses": 0,
    "generalAndAdministrativeExpenses": 7329000000,
    "sellingAndMarketingExpenses": 0,
    "sellingGeneralAndAdministrativeExpenses": 7329000000,
    "otherExpenses": 1400000000,
    "operatingExpenses": 8805000000,
    "costAndExpenses": 8805000000,
    "interestIncome": 1508000000,
    "interestExpense": 305000000,
    "depreciationAndAmortization": 145000000,
    "ebitda": 2281000000,
    "ebitdaratio": 0.2044639656,
    "operatingIncome": 2346000000,
    "operatingIncomeRatio": 0.2102904267,
    "totalOtherIncomeExpensesNet": -12000000,
    "incomeBeforeTax": 2022000000,
    "incomeBeforeTaxRatio": 0.1812477591,
    "incomeTaxExpense": 513000000,
    "netIncome": 1509000000,
    "netIncomeRatio": 0.1352635353,
    "eps": 7.16,
    "epsdiluted": 6.98,
    "weightedAverageShsOut": 209900000,
    "weightedAverageShsOutDil": 215300000,
    "link": "https://www.sec.gov/Archives/edgar/data/720005/000072000522000066/0000720005-22-000066-index.htm",
    "finalLink": "https://www.sec.gov/Archives/edgar/data/720005/000072000522000066/rjf-20220930.htm"
  },
  {
    "date": "2021-09-30",
    "symbol": "RJF",
    "reportedCurrency": "USD",
    "cik": "0000720005",
    "fillingDate": "2021-11-23",
    "acceptedDate": "2021-11-23 15:56:46",
    "calendarYear": "2021",
    "period": "FY",
    "revenue": 9780000000,
    "costOfRevenue": 118000000,
    "grossProfit": 9662000000,
    "grossProfitRatio": 0.9879345603,
    "researchAndDevelopmentExpenses": 0,
    "generalAndAdministrativeExpenses": 6584000000,
    "sellingAndMarketingExpenses": 0,
    "sellingGeneralAndAdministrativeExpenses": 6584000000,
    "otherExpenses": 1287000000,
    "operatingExpenses": 7871000000,
    "costAndExpenses": 8022000000,
    "interestIncome": 823000000,
    "interestExpense": 150000000,
    "depreciationAndAmortization": 134000000,
    "ebitda": 1925000000,
    "ebitdaratio": 0.1968302658,
    "operatingIncome": 1791000000,
    "operatingIncomeRatio": 0.1831288344,
    "totalOtherIncomeExpensesNet": -180000000,
    "incomeBeforeTax": 1791000000,
    "incomeBeforeTaxRatio": 0.1831288344,
    "incomeTaxExpense": 388000000,
    "netIncome": 1403000000,
    "netIncomeRatio": 0.1434560327,
    "eps": 6.81,
    "epsdiluted": 6.63,
    "weightedAverageShsOut": 205700000,
    "weightedAverageShsOutDil": 211200000,
    "link": "https://www.sec.gov/Archives/edgar/data/720005/000072000521000106/0000720005-21-000106-index.htm",
    "finalLink": "https://www.sec.gov/Archives/edgar/data/720005/000072000521000106/rjf-20210930.htm"
  },
  {
    "date": "2020-09-30",
    "symbol": "RJF",
    "reportedCurrency": "USD",
    "cik": "0000720005",
    "fillingDate": "2020-11-24",
    "acceptedDate": "2020-11-24 15:48:16",
    "calendarYear": "2020",
    "period": "FY",
    "revenue": 7889000000,
    "costOfRevenue": 225000000,
    "grossProfit": 7664000000,
    "grossProfitRatio": 0.9714792749,
    "researchAndDevelopmentExpenses": 0,
    "generalAndAdministrativeExpenses": 5992000000,
    "sellingAndMarketingExpenses": 0,
    "sellingGeneralAndAdministrativeExpenses": 5992000000,
    "otherExpenses": 1897000000,
    "operatingExpenses": 6705000000,
    "costAndExpenses": 6705000000,
    "interestIncome": 1000000000,
    "interestExpense": 178000000,
    "depreciationAndAmortization": 119000000,
    "ebitda": 1322000000,
    "ebitdaratio": 0.1675751046,
    "operatingIncome": 1098000000,
    "operatingIncomeRatio": 0.1391811383,
    "totalOtherIncomeExpensesNet": -46000000,
    "incomeBeforeTax": 1052000000,
    "incomeBeforeTaxRatio": 0.1333502345,
    "incomeTaxExpense": 234000000,
    "netIncome": 818000000,
    "netIncomeRatio": 0.1036886804,
    "eps": 3.96,
    "epsdiluted": 3.89,
    "weightedAverageShsOut": 206400000,
    "weightedAverageShsOutDil": 210300000,
    "link": "https://www.sec.gov/Archives/edgar/data/720005/000072000520000063/0000720005-20-000063-index.htm",
    "finalLink": "https://www.sec.gov/Archives/edgar/data/720005/000072000520000063/rjf-20200930.htm"
  },
  {
    "date": "2019-09-30",
    "symbol": "RJF",
    "reportedCurrency": "USD",
    "cik": "0000720005",
    "fillingDate": "2019-11-26",
    "acceptedDate": "2019-11-26 16:37:08",
    "calendarYear": "2019",
    "period": "FY",
    "revenue": 7646000000,
    "costOfRevenue": 218000000,
    "grossProfit": 7428000000,
    "grossProfitRatio": 0.9714883599,
    "researchAndDevelopmentExpenses": 0,
    "generalAndAdministrativeExpenses": 5654000000,
    "sellingAndMarketingExpenses": 0,
    "sellingGeneralAndAdministrativeExpenses": 5654000000,
    "otherExpenses": 1992000000,
    "operatingExpenses": 5584000000,
    "costAndExpenses": 5584000000,
    "interestIncome": 1281000000,
    "interestExpense": 283000000,
    "depreciationAndAmortization": 112000000,
    "ebitda": 1581000000,
    "ebitdaratio": 0.2067747842,
    "operatingIncome": 1375000000,
    "operatingIncomeRatio": 0.1798325922,
    "totalOtherIncomeExpensesNet": 0,
    "incomeBeforeTax": 1375000000,
    "incomeBeforeTaxRatio": 0.1798325922,
    "incomeTaxExpense": 341000000,
    "netIncome": 1034000000,
    "netIncomeRatio": 0.1352341093,
    "eps": 4.88,
    "epsdiluted": 4.78,
    "weightedAverageShsOut": 211500000,
    "weightedAverageShsOutDil": 216000000,
    "link": "https://www.sec.gov/Archives/edgar/data/720005/000072000519000086/0000720005-19-000086-index.htm",
    "finalLink": "https://www.sec.gov/Archives/edgar/data/720005/000072000519000086/rjf-20190930x10k.htm"
  },
  {
    "date": "2018-09-30",
    "symbol": "RJF",
    "reportedCurrency": "USD",
    "cik": "0000720005",
    "fillingDate": "2018-11-21",
    "acceptedDate": "2018-11-20 20:31:57",
    "calendarYear": "2018",
    "period": "FY",
    "revenue": 7181930000,
    "costOfRevenue": 201943000,
    "grossProfit": 6883361000,
    "grossProfitRatio": 0.9584277485,
    "researchAndDevelopmentExpenses": 0,
    "generalAndAdministrativeExpenses": 5328000000,
    "sellingAndMarketingExpenses": 0,
    "sellingGeneralAndAdministrativeExpenses": 5328000000,
    "otherExpenses": 1854000000,
    "operatingExpenses": 5252000000,
    "costAndExpenses": 5925000000,
    "interestIncome": 1043993000,
    "interestExpense": 201503000,
    "depreciationAndAmortization": 99000000,
    "ebitda": 0,
    "ebitdaratio": 0,
    "operatingIncome": 1310655000,
    "operatingIncomeRatio": 0.1824934245,
    "totalOtherIncomeExpensesNet": -5778000,
    "incomeBeforeTax": 1304877000,
    "incomeBeforeTaxRatio": 0.1816889053,
    "incomeTaxExpense": 453960000,
    "netIncome": 857000000,
    "netIncomeRatio": 0.119327256,
    "eps": 3.93,
    "epsdiluted": 3.84,
    "weightedAverageShsOut": 217906000,
    "weightedAverageShsOutDil": 223200000,
    "link": "https://www.sec.gov/Archives/edgar/data/720005/000072000518000083/0000720005-18-000083-index.htm",
    "finalLink": "https://www.sec.gov/Archives/edgar/data/720005/000072000518000083/rjf-20180930x10k.htm"
  },
  {
    "date": "2017-09-30",
    "symbol": "RJF",
    "reportedCurrency": "USD",
    "cik": "0000720005",
    "fillingDate": "2017-11-22",
    "acceptedDate": "2017-11-21 17:36:18",
    "calendarYear": "2017",
    "period": "FY",
    "revenue": 6243855000,
    "costOfRevenue": 190737000,
    "grossProfit": 6053118000,
    "grossProfitRatio": 0.9694520453,
    "researchAndDevelopmentExpenses": 0,
    "generalAndAdministrativeExpenses": 4680000000,
    "sellingAndMarketingExpenses": 0,
    "sellingGeneralAndAdministrativeExpenses": 4680000000,
    "otherExpenses": 1612000000,
    "operatingExpenses": 6292000000,
    "costAndExpenses": 4629000000,
    "interestIncome": 802000000,
    "interestExpense": 153778000,
    "depreciationAndAmortization": 84132000,
    "ebitda": 132000,
    "ebitdaratio": 0.0000211408,
    "operatingIncome": 1009000000,
    "operatingIncomeRatio": 0.161598884,
    "totalOtherIncomeExpensesNet": -81022000,
    "incomeBeforeTax": 927978000,
    "incomeBeforeTaxRatio": 0.1486226057,
    "incomeTaxExpense": 289111000,
    "netIncome": 636000000,
    "netIncomeRatio": 0.1018601489,
    "eps": 2.96,
    "epsdiluted": 2.89,
    "weightedAverageShsOut": 214912000,
    "weightedAverageShsOutDil": 219900000,
    "link": "https://www.sec.gov/Archives/edgar/data/720005/000072000517000089/0000720005-17-000089-index.htm",
    "finalLink": "https://www.sec.gov/Archives/edgar/data/720005/000072000517000089/rjf-20170930x10k.htm"
  },
  {
    "date": "2016-09-30",
    "symbol": "RJF",
    "reportedCurrency": "USD",
    "cik": "0000720005",
    "fillingDate": "2016-11-22",
    "acceptedDate": "2016-11-22 16:18:21",
    "calendarYear": "2016",
    "period": "FY",
    "revenue": 5520344000,
    "costOfRevenue": 167455000,
    "grossProfit": 5094544000,
    "grossProfitRatio": 0.9228671257,
    "researchAndDevelopmentExpenses": 0,
    "generalAndAdministrativeExpenses": 3792062000,
    "sellingAndMarketingExpenses": 148413000,
    "sellingGeneralAndAdministrativeExpenses": 3940475000,
    "otherExpenses": 1292368000,
    "operatingExpenses": 5345134000,
    "costAndExpenses": 4567615000,
    "interestIncome": 640325000,
    "interestExpense": 116056000,
    "depreciationAndAmortization": 72383000,
    "ebitda": 975817000,
    "ebitdaratio": 0.1767674261,
    "operatingIncome": 855312000,
    "operatingIncomeRatio": 0.1549381705,
    "totalOtherIncomeExpensesNet": -43368000,
    "incomeBeforeTax": 811944000,
    "incomeBeforeTaxRatio": 0.1470821384,
    "incomeTaxExpense": 271293000,
    "netIncome": 529350000,
    "netIncomeRatio": 0.0958907633,
    "eps": 2.48,
    "epsdiluted": 2.44,
    "weightedAverageShsOut": 212660000,
    "weightedAverageShsOutDil": 216770000,
    "link": "https://www.sec.gov/Archives/edgar/data/720005/000072000516000169/0000720005-16-000169-index.htm",
    "finalLink": "https://www.sec.gov/Archives/edgar/data/720005/000072000516000169/rjf-2016930x10k.htm"
  },
  {
    "date": "2015-09-30",
    "symbol": "RJF",
    "reportedCurrency": "USD",
    "cik": "0000720005",
    "fillingDate": "2015-11-25",
    "acceptedDate": "2015-11-25 11:20:52",
    "calendarYear": "2015",
    "period": "FY",
    "revenue": 5074323000,
    "costOfRevenue": 163229000,
    "grossProfit": 4911094000,
    "grossProfitRatio": 0.9678323591,
    "researchAndDevelopmentExpenses": 0,
    "generalAndAdministrativeExpenses": 3688479000,
    "sellingAndMarketingExpenses": 158966000,
    "sellingGeneralAndAdministrativeExpenses": 3847445000,
    "otherExpenses": 1150677000,
    "operatingExpenses": 5101289000,
    "costAndExpenses": 4344965000,
    "interestIncome": 543207000,
    "interestExpense": 106074000,
    "depreciationAndAmortization": 68315000,
    "ebitda": 927194000,
    "ebitdaratio": 0.1827227002,
    "operatingIncome": 798174000,
    "operatingIncomeRatio": 0.1572966482,
    "totalOtherIncomeExpensesNet": -21462000,
    "incomeBeforeTax": 776712000,
    "incomeBeforeTaxRatio": 0.1530671185,
    "incomeTaxExpense": 296034000,
    "netIncome": 502140000,
    "netIncomeRatio": 0.0989570431,
    "eps": 2.34,
    "epsdiluted": 2.29,
    "weightedAverageShsOut": 213822000,
    "weightedAverageShsOutDil": 218805000,
    "link": "https://www.sec.gov/Archives/edgar/data/720005/000072000515000075/0000720005-15-000075-index.htm",
    "finalLink": "https://www.sec.gov/Archives/edgar/data/720005/000072000515000075/rjf-2015930x10k.htm"
  },
  {
    "date": "2014-09-30",
    "symbol": "RJF",
    "reportedCurrency": "USD",
    "cik": "0000720005",
    "fillingDate": "2014-11-25",
    "acceptedDate": "2014-11-25 15:25:33",
    "calendarYear": "2014",
    "period": "FY",
    "revenue": 4769082000,
    "costOfRevenue": 161683000,
    "grossProfit": 4607399000,
    "grossProfitRatio": 0.9660976683,
    "researchAndDevelopmentExpenses": 0,
    "generalAndAdministrativeExpenses": 3474318000,
    "sellingAndMarketingExpenses": 139672000,
    "sellingGeneralAndAdministrativeExpenses": 3613990000,
    "otherExpenses": 1064081000,
    "operatingExpenses": 4769082000,
    "costAndExpenses": 4126162000,
    "interestIncome": 480886000,
    "interestExpense": 104091000,
    "depreciationAndAmortization": 64163000,
    "ebitda": 860115000,
    "ebitdaratio": 0.1803523194,
    "operatingIncome": 748045000,
    "operatingIncomeRatio": 0.156853038,
    "totalOtherIncomeExpensesNet": -32097000,
    "incomeBeforeTax": 715948000,
    "incomeBeforeTaxRatio": 0.1501228119,
    "incomeTaxExpense": 267797000,
    "netIncome": 480248000,
    "netIncomeRatio": 0.1007003025,
    "eps": 2.29,
    "epsdiluted": 2.21,
    "weightedAverageShsOut": 209902000,
    "weightedAverageShsOutDil": 215384000,
    "link": "https://www.sec.gov/Archives/edgar/data/720005/000072000514000077/0000720005-14-000077-index.htm",
    "finalLink": "https://www.sec.gov/Archives/edgar/data/720005/000072000514000077/rjf-2014930x10k.htm"
  },
  {
    "date": "2013-09-30",
    "symbol": "RJF",
    "reportedCurrency": "USD",
    "cik": "0000720005",
    "fillingDate": "2013-11-26",
    "acceptedDate": "2013-11-26 15:37:08",
    "calendarYear": "2013",
    "period": "FY",
    "revenue": 4405497000,
    "costOfRevenue": 157449000,
    "grossProfit": 4248048000,
    "grossProfitRatio": 0.964260786,
    "researchAndDevelopmentExpenses": 0,
    "generalAndAdministrativeExpenses": 3435780000,
    "sellingAndMarketingExpenses": 0,
    "sellingGeneralAndAdministrativeExpenses": 3435780000,
    "otherExpenses": 972282000,
    "operatingExpenses": 4408062000,
    "costAndExpenses": 3887375000,
    "interestIncome": 473599000,
    "interestExpense": 110371000,
    "depreciationAndAmortization": 66359000,
    "ebitda": 748642000,
    "ebitdaratio": 0.1699336079,
    "operatingIncome": 564187000,
    "operatingIncomeRatio": 0.1280643251,
    "totalOtherIncomeExpensesNet": 29723000,
    "incomeBeforeTax": 593910000,
    "incomeBeforeTaxRatio": 0.1348111235,
    "incomeTaxExpense": 197033000,
    "netIncome": 367154000,
    "netIncomeRatio": 0.0833399728,
    "eps": 1.76,
    "epsdiluted": 1.72,
    "weightedAverageShsOut": 206598000,
    "weightedAverageShsOutDil": 210812000,
    "link": "https://www.sec.gov/Archives/edgar/data/720005/000072000513000089/0000720005-13-000089-index.htm",
    "finalLink": "https://www.sec.gov/Archives/edgar/data/720005/000072000513000089/rjf-2013930x10k.htm"
  },
  {
    "date": "2012-09-30",
    "symbol": "RJF",
    "reportedCurrency": "USD",
    "cik": "0000720005",
    "fillingDate": "2012-11-21",
    "acceptedDate": "2012-11-21 15:37:43",
    "calendarYear": "2012",
    "period": "FY",
    "revenue": 3806531000,
    "costOfRevenue": 134199000,
    "grossProfit": 3672332000,
    "grossProfitRatio": 0.9647450658,
    "researchAndDevelopmentExpenses": 0,
    "generalAndAdministrativeExpenses": 2767980000,
    "sellingAndMarketingExpenses": 118712000,
    "sellingGeneralAndAdministrativeExpenses": 2872969000,
    "otherExpenses": 803234000,
    "operatingExpenses": 3737899000,
    "costAndExpenses": -3313307000,
    "interestIncome": 453258000,
    "interestExpense": 91369000,
    "depreciationAndAmortization": 51445000,
    "ebitda": 589079000,
    "ebitdaratio": 0.1547548148,
    "operatingIncome": 589079000,
    "operatingIncomeRatio": 0.1547548148,
    "totalOtherIncomeExpensesNet": -121158000,
    "incomeBeforeTax": 467921000,
    "incomeBeforeTaxRatio": 0.1229258346,
    "incomeTaxExpense": 175656000,
    "netIncome": 295869000,
    "netIncomeRatio": 0.0777266755,
    "eps": 1.48,
    "epsdiluted": 1.47,
    "weightedAverageShsOut": 196209000,
    "weightedAverageShsOutDil": 197687000,
    "link": "https://www.sec.gov/Archives/edgar/data/720005/000072000512000113/0000720005-12-000113-index.htm",
    "finalLink": "https://www.sec.gov/Archives/edgar/data/720005/000072000512000113/rjf-2012930x10k.htm"
  },
  {
    "date": "2011-09-30",
    "symbol": "RJF",
    "reportedCurrency": "USD",
    "cik": "0000720005",
    "fillingDate": "2011-11-23",
    "acceptedDate": "2011-11-23 16:41:06",
    "calendarYear": "2011",
    "period": "FY",
    "revenue": 3224104000,
    "costOfRevenue": 108600000,
    "grossProfit": 3115504000,
    "grossProfitRatio": 0.966316223,
    "researchAndDevelopmentExpenses": 0,
    "generalAndAdministrativeExpenses": 2300835000,
    "sellingAndMarketingExpenses": 137605000,
    "sellingGeneralAndAdministrativeExpenses": 2438440000,
    "otherExpenses": 720889000,
    "operatingExpenses": 3224104000,
    "costAndExpenses": 2841920000,
    "interestIncome": 392318000,
    "interestExpense": 65830000,
    "depreciationAndAmortization": 40337000,
    "ebitda": 608537000,
    "ebitdaratio": 0.1887460826,
    "operatingIncome": 461247000,
    "operatingIncomeRatio": 0.1430620724,
    "totalOtherIncomeExpensesNet": -10502000,
    "incomeBeforeTax": 450745000,
    "incomeBeforeTaxRatio": 0.1398047333,
    "incomeTaxExpense": 182894000,
    "netIncome": 278353000,
    "netIncomeRatio": 0.0863349942,
    "eps": 1.47,
    "epsdiluted": 1.46,
    "weightedAverageShsOut": 183672000,
    "weightedAverageShsOutDil": 184254000,
    "link": "https://www.sec.gov/Archives/edgar/data/720005/000072000511000101/0000720005-11-000101-index.htm",
    "finalLink": "https://www.sec.gov/Archives/edgar/data/720005/000072000511000101/k10093011.htm"
  },
  {
    "date": "2010-09-30",
    "symbol": "RJF",
    "reportedCurrency": "USD",
    "cik": "0000720005",
    "fillingDate": "2010-11-24",
    "acceptedDate": "2010-11-24 14:21:48",
    "calendarYear": "2010",
    "period": "FY",
    "revenue": 2916665000,
    "costOfRevenue": 104945,
    "grossProfit": 2916560000,
    "grossProfitRatio": 0.999964,
    "researchAndDevelopmentExpenses": 0,
    "generalAndAdministrativeExpenses": 2055384000,
    "sellingAndMarketingExpenses": 86834000,
    "sellingGeneralAndAdministrativeExpenses": 2142218000,
    "otherExpenses": 774447000,
    "operatingExpenses": 2916665000,
    "costAndExpenses": 2916665000,
    "interestIncome": 370892000,
    "interestExpense": 62851000,
    "depreciationAndAmortization": 39527000,
    "ebitda": 470552000,
    "ebitdaratio": 0.1613322065,
    "operatingIncome": 431025000,
    "operatingIncomeRatio": 0.1477800844,
    "totalOtherIncomeExpensesNet": -5764000,
    "incomeBeforeTax": 356144000,
    "incomeBeforeTaxRatio": 0.1221065841,
    "incomeTaxExpense": 133625000,
    "netIncome": 228283000,
    "netIncomeRatio": 0.0782685019,
    "eps": 1.28,
    "epsdiluted": 1.27,
    "weightedAverageShsOut": 179003000,
    "weightedAverageShsOutDil": 179388000,
    "link": "https://www.sec.gov/Archives/edgar/data/720005/000072000510000081/0000720005-10-000081-index.htm",
    "finalLink": "https://www.sec.gov/Archives/edgar/data/720005/000072000510000081/k10093010.htm"
  },
  {
    "date": "2009-09-30",
    "symbol": "RJF",
    "reportedCurrency": "USD",
    "cik": "0000720005",
    "fillingDate": "2009-11-27",
    "acceptedDate": "2009-11-25 18:24:10",
    "calendarYear": "2009",
    "period": "FY",
    "revenue": 2545566000,
    "costOfRevenue": 47232000,
    "grossProfit": 2498334000,
    "grossProfitRatio": 0.9814453839,
    "researchAndDevelopmentExpenses": 0,
    "generalAndAdministrativeExpenses": 1730011000,
    "sellingAndMarketingExpenses": 175516000,
    "sellingGeneralAndAdministrativeExpenses": 1905527000,
    "otherExpenses": 615282000,
    "operatingExpenses": 2545566000,
    "costAndExpenses": 2309162000,
    "interestIncome": 443584000,
    "interestExpense": 56953000,
    "depreciationAndAmortization": 34563000,
    "ebitda": 340810000,
    "ebitdaratio": 0.1338837807,
    "operatingIncome": 248774000,
    "operatingIncomeRatio": 0.0977283638,
    "totalOtherIncomeExpensesNet": -12373000,
    "incomeBeforeTax": 236401000,
    "incomeBeforeTaxRatio": 0.0928677551,
    "incomeTaxExpense": 96024000,
    "netIncome": 152750000,
    "netIncomeRatio": 0.0600063012,
    "eps": 0.87,
    "epsdiluted": 0.87,
    "weightedAverageShsOut": 175782000,
    "weightedAverageShsOutDil": 175932000,
    "link": "https://www.sec.gov/Archives/edgar/data/720005/000072000509000080/0000720005-09-000080-index.htm",
    "finalLink": "https://www.sec.gov/Archives/edgar/data/720005/000072000509000080/k10093009.htm"
  },
  {
    "date": "2008-09-30",
    "symbol": "RJF",
    "reportedCurrency": "USD",
    "cik": "0000720005",
    "fillingDate": "2008-11-28",
    "acceptedDate": "2008-11-28 16:37:10",
    "calendarYear": "2008",
    "period": "FY",
    "revenue": 2812703000,
    "costOfRevenue": 97613,
    "grossProfit": 2812605000,
    "grossProfitRatio": 0.9999651581,
    "researchAndDevelopmentExpenses": 0,
    "generalAndAdministrativeExpenses": 1988476000,
    "sellingAndMarketingExpenses": 0,
    "sellingGeneralAndAdministrativeExpenses": 1906366000,
    "otherExpenses": 604899000,
    "operatingExpenses": 2812703000,
    "costAndExpenses": 2812703000,
    "interestIncome": 724063000,
    "interestExpense": 392229000,
    "depreciationAndAmortization": 27982000,
    "ebitda": 0,
    "ebitdaratio": 0,
    "operatingIncome": 774777000,
    "operatingIncomeRatio": 0.2754563848,
    "totalOtherIncomeExpensesNet": -392229000,
    "incomeBeforeTax": 386854000,
    "incomeBeforeTaxRatio": 0.1375381617,
    "incomeTaxExpense": 151776000,
    "netIncome": 235078000,
    "netIncomeRatio": 0.0835772565,
    "eps": 1.35,
    "epsdiluted": 1.32,
    "weightedAverageShsOut": 174574000,
    "weightedAverageShsOutDil": 178589000,
    "link": "https://www.sec.gov/Archives/edgar/data/720005/000072000508000158/0000720005-08-000158-index.htm",
    "finalLink": "https://www.sec.gov/Archives/edgar/data/720005/000072000508000158/k10093008.htm"
  },
  {
    "date": "2007-09-30",
    "symbol": "RJF",
    "reportedCurrency": "USD",
    "cik": "0000720005",
    "fillingDate": "2007-11-29",
    "acceptedDate": "2007-11-29 15:34:53",
    "calendarYear": "2007",
    "period": "FY",
    "revenue": 2609915000,
    "costOfRevenue": 79881,
    "grossProfit": 2609835000,
    "grossProfitRatio": 0.9999693477,
    "researchAndDevelopmentExpenses": 0,
    "generalAndAdministrativeExpenses": 1766690000,
    "sellingAndMarketingExpenses": 0,
    "sellingGeneralAndAdministrativeExpenses": 1766690000,
    "otherExpenses": 843225000,
    "operatingExpenses": 2609915000,
    "costAndExpenses": -2227418000,
    "interestIncome": 726992000,
    "interestExpense": 499664000,
    "depreciationAndAmortization": 22631000,
    "ebitda": 0,
    "ebitdaratio": 0,
    "operatingIncome": 392224000,
    "operatingIncomeRatio": 0.1502822889,
    "totalOtherIncomeExpensesNet": 392224000,
    "incomeBeforeTax": 392224000,
    "incomeBeforeTaxRatio": 0.1502822889,
    "incomeTaxExpense": 141794000,
    "netIncome": 250430000,
    "netIncomeRatio": 0.0959533165,
    "eps": 1.45,
    "epsdiluted": 1.41,
    "weightedAverageShsOut": 173412000,
    "weightedAverageShsOutDil": 178039000,
    "link": "https://www.sec.gov/Archives/edgar/data/720005/000072000507000143/0000720005-07-000143-index.htm",
    "finalLink": "https://www.sec.gov/Archives/edgar/data/720005/000072000507000143/k1093007.htm"
  },
  {
    "date": "2006-09-30",
    "symbol": "RJF",
    "reportedCurrency": "USD",
    "cik": "0000720005",
    "fillingDate": "2006-12-14",
    "acceptedDate": "2006-12-14 14:49:42",
    "calendarYear": "2006",
    "period": "FY",
    "revenue": 2336087000,
    "costOfRevenue": 72593000,
    "grossProfit": 2263494000,
    "grossProfitRatio": 0.9689253868,
    "researchAndDevelopmentExpenses": 0,
    "generalAndAdministrativeExpenses": 1601037000,
    "sellingAndMarketingExpenses": 0,
    "sellingGeneralAndAdministrativeExpenses": 1601037000,
    "otherExpenses": 735050000,
    "operatingExpenses": 2336087000,
    "costAndExpenses": 2336087000,
    "interestIncome": 469981000,
    "interestExpense": 296670000,
    "depreciationAndAmortization": 19173000,
    "ebitda": 0,
    "ebitdaratio": 0,
    "operatingIncome": 342066000,
    "operatingIncomeRatio": 0.1464269096,
    "totalOtherIncomeExpensesNet": 0,
    "incomeBeforeTax": 342066000,
    "incomeBeforeTaxRatio": 0.1464269096,
    "incomeTaxExpense": 127724000,
    "netIncome": 214342000,
    "netIncomeRatio": 0.091752576,
    "eps": 1.27,
    "epsdiluted": 1.23,
    "weightedAverageShsOut": 168921000,
    "weightedAverageShsOutDil": 173607000,
    "link": "https://www.sec.gov/Archives/edgar/data/720005/000072000506000219/0000720005-06-000219-index.htm",
    "finalLink": "https://www.sec.gov/Archives/edgar/data/720005/000072000506000219/k10093006.htm"
  },
  {
    "date": "2005-09-30",
    "symbol": "RJF",
    "reportedCurrency": "USD",
    "cik": "0000720005",
    "fillingDate": "2005-12-14",
    "acceptedDate": "2005-12-14 15:30:59",
    "calendarYear": "2005",
    "period": "FY",
    "revenue": 2039208000,
    "costOfRevenue": -50841000,
    "grossProfit": 2090049000,
    "grossProfitRatio": 1.0249317382,
    "researchAndDevelopmentExpenses": 0,
    "generalAndAdministrativeExpenses": 1429104000,
    "sellingAndMarketingExpenses": 0,
    "sellingGeneralAndAdministrativeExpenses": 1429104000,
    "otherExpenses": 610104000,
    "operatingExpenses": 2039208000,
    "costAndExpenses": 2039208000,
    "interestIncome": 245562000,
    "interestExpense": 117789000,
    "depreciationAndAmortization": 17781000,
    "ebitda": 381023000,
    "ebitdaratio": 0.1868485216,
    "operatingIncome": 247971000,
    "operatingIncomeRatio": 0.1216016218,
    "totalOtherIncomeExpensesNet": 247971000,
    "incomeBeforeTax": 247971000,
    "incomeBeforeTaxRatio": 0.1216016218,
    "incomeTaxExpense": 96925000,
    "netIncome": 151046000,
    "netIncomeRatio": 0.0740709138,
    "eps": 0.91,
    "epsdiluted": 0.89,
    "weightedAverageShsOut": 165326000,
    "weightedAverageShsOutDil": 169572000,
    "link": "https://www.sec.gov/Archives/edgar/data/720005/000072000505000189/0000720005-05-000189-index.htm",
    "finalLink": "https://www.sec.gov/Archives/edgar/data/720005/000072000505000189/k10121405.htm"
  },
  {
    "date": "2004-09-24",
    "symbol": "RJF",
    "reportedCurrency": "USD",
    "cik": "0000720005",
    "fillingDate": "2004-12-08",
    "acceptedDate": "2004-12-08 16:27:07",
    "calendarYear": "2004",
    "period": "FY",
    "revenue": 1781259000,
    "costOfRevenue": 61339000,
    "grossProfit": 1719920000,
    "grossProfitRatio": 0.9655642442,
    "researchAndDevelopmentExpenses": 0,
    "generalAndAdministrativeExpenses": 1273420000,
    "sellingAndMarketingExpenses": 0,
    "sellingGeneralAndAdministrativeExpenses": 1273420000,
    "otherExpenses": 507839000,
    "operatingExpenses": 1781259000,
    "costAndExpenses": 1577138000,
    "interestIncome": 134764000,
    "interestExpense": 48517000,
    "depreciationAndAmortization": 16827000,
    "ebitda": 269465000,
    "ebitdaratio": 0.1512778321,
    "operatingIncome": 204121000,
    "operatingIncomeRatio": 0.1145936666,
    "totalOtherIncomeExpensesNet": 0,
    "incomeBeforeTax": 204121000,
    "incomeBeforeTaxRatio": 0.1145936666,
    "incomeTaxExpense": 76546000,
    "netIncome": 127575000,
    "netIncomeRatio": 0.0716206908,
    "eps": 0.77,
    "epsdiluted": 0.76,
    "weightedAverageShsOut": 165139000,
    "weightedAverageShsOutDil": 167405000,
    "link": "https://www.sec.gov/Archives/edgar/data/720005/000072000504000075/0000720005-04-000075-index.htm",
    "finalLink": "https://www.sec.gov/Archives/edgar/data/720005/000072000504000075/k102004.htm"
  },
  {
    "date": "2003-09-26",
    "symbol": "RJF",
    "reportedCurrency": "USD",
    "cik": "0000720005",
    "fillingDate": "2003-12-23",
    "acceptedDate": "2003-12-23 12:08:13",
    "calendarYear": "2003",
    "period": "FY",
    "revenue": 1451960000,
    "costOfRevenue": 61520000,
    "grossProfit": 1390440000,
    "grossProfitRatio": 0.9576296868,
    "researchAndDevelopmentExpenses": 0,
    "generalAndAdministrativeExpenses": 1034676000,
    "sellingAndMarketingExpenses": 0,
    "sellingGeneralAndAdministrativeExpenses": 1034676000,
    "otherExpenses": 417284000,
    "operatingExpenses": 1451960000,
    "costAndExpenses": 1451960000,
    "interestIncome": 127707000,
    "interestExpense": 45611000,
    "depreciationAndAmortization": 18344000,
    "ebitda": 0,
    "ebitdaratio": 0,
    "operatingIncome": 138275000,
    "operatingIncomeRatio": 0.0952333398,
    "totalOtherIncomeExpensesNet": 0,
    "incomeBeforeTax": 138275000,
    "incomeBeforeTaxRatio": 0.0952333398,
    "incomeTaxExpense": 51958000,
    "netIncome": 86317000,
    "netIncomeRatio": 0.0594486074,
    "eps": 0.53,
    "epsdiluted": 0.52,
    "weightedAverageShsOut": 163853000,
    "weightedAverageShsOutDil": 165328000,
    "link": "https://www.sec.gov/Archives/edgar/data/720005/000072000503000029/0000720005-03-000029-index.htm",
    "finalLink": "https://www.sec.gov/Archives/edgar/data/720005/000072000503000029/edgark1003.htm"
  },
  {
    "date": "2002-09-27",
    "symbol": "RJF",
    "reportedCurrency": "USD",
    "cik": "0000720005",
    "fillingDate": "2002-12-23",
    "acceptedDate": "2002-12-23 14:44:59",
    "calendarYear": "2002",
    "period": "FY",
    "revenue": 1441088000,
    "costOfRevenue": 0,
    "grossProfit": 1441088000,
    "grossProfitRatio": 1,
    "researchAndDevelopmentExpenses": 0,
    "generalAndAdministrativeExpenses": 1020157000,
    "sellingAndMarketingExpenses": 0,
    "sellingGeneralAndAdministrativeExpenses": 1020157000,
    "otherExpenses": 418931000,
    "operatingExpenses": 1441088000,
    "costAndExpenses": 1441088000,
    "interestIncome": 159803000,
    "interestExpense": 76335000,
    "depreciationAndAmortization": 22813000,
    "ebitda": 0,
    "ebitdaratio": 0,
    "operatingIncome": 131516000,
    "operatingIncomeRatio": 0.0912616023,
    "totalOtherIncomeExpensesNet": 131516000,
    "incomeBeforeTax": 131516000,
    "incomeBeforeTaxRatio": 0.0912616023,
    "incomeTaxExpense": 52213000,
    "netIncome": 79303000,
    "netIncomeRatio": 0.0550299496,
    "eps": 0.48,
    "epsdiluted": 0.47,
    "weightedAverageShsOut": 164276000,
    "weightedAverageShsOutDil": 167542000,
    "link": "https://www.sec.gov/Archives/edgar/data/720005/000072000502000028/0000720005-02-000028-index.htm",
    "finalLink": "https://www.sec.gov/Archives/edgar/data/720005/000072000502000028/k1002a.htm"
  },
  {
    "date": "2001-09-28",
    "symbol": "RJF",
    "reportedCurrency": "USD",
    "cik": "0000720005",
    "fillingDate": "2001-12-21",
    "acceptedDate": "2001-12-21 00:00:00",
    "calendarYear": "2001",
    "period": "FY",
    "revenue": 1429493000,
    "costOfRevenue": 60426000,
    "grossProfit": 1369067000,
    "grossProfitRatio": 0.957729069,
    "researchAndDevelopmentExpenses": 0,
    "generalAndAdministrativeExpenses": 1024423000,
    "sellingAndMarketingExpenses": 0,
    "sellingGeneralAndAdministrativeExpenses": 1024423000,
    "otherExpenses": 418216000,
    "operatingExpenses": 1442639000,
    "costAndExpenses": 1442639000,
    "interestIncome": 334387000,
    "interestExpense": 228351000,
    "depreciationAndAmortization": 31259000,
    "ebitda": 0,
    "ebitdaratio": 0,
    "operatingIncome": 157468000,
    "operatingIncomeRatio": 0.110156538,
    "totalOtherIncomeExpensesNet": 0,
    "incomeBeforeTax": 157468000,
    "incomeBeforeTaxRatio": 0.110156538,
    "incomeTaxExpense": 61058000,
    "netIncome": 96410000,
    "netIncomeRatio": 0.0674434922,
    "eps": 0.6,
    "epsdiluted": 0.59,
    "weightedAverageShsOut": 160683000,
    "weightedAverageShsOutDil": 164698000,
    "link": "https://www.sec.gov/Archives/edgar/data/720005/000072000501500034/0000720005-01-500034-index.htm",
    "finalLink": "https://www.sec.gov/Archives/edgar/data/720005/000072000501500034/k102001.htm"
  },
  {
    "date": "2000-09-29",
    "symbol": "RJF",
    "reportedCurrency": "USD",
    "cik": "0000720005",
    "fillingDate": "2000-12-22",
    "acceptedDate": "2000-12-22 00:00:00",
    "calendarYear": "2000",
    "period": "FY",
    "revenue": 1469942000,
    "costOfRevenue": 0,
    "grossProfit": 1469942000,
    "grossProfitRatio": 1,
    "researchAndDevelopmentExpenses": 0,
    "generalAndAdministrativeExpenses": 1009135000,
    "sellingAndMarketingExpenses": 0,
    "sellingGeneralAndAdministrativeExpenses": 1009135000,
    "otherExpenses": 460807000,
    "operatingExpenses": 1469942000,
    "costAndExpenses": 1469942000,
    "interestIncome": 345689000,
    "interestExpense": 228652000,
    "depreciationAndAmortization": 23854000,
    "ebitda": 0,
    "ebitdaratio": 0,
    "operatingIncome": 0,
    "operatingIncomeRatio": 0,
    "totalOtherIncomeExpensesNet": 204680000,
    "incomeBeforeTax": 204680000,
    "incomeBeforeTaxRatio": 0.1392435892,
    "incomeTaxExpense": 79485000,
    "netIncome": 125195000,
    "netIncomeRatio": 0.0851700271,
    "eps": 0.8,
    "epsdiluted": 0.79,
    "weightedAverageShsOut": 156232000,
    "weightedAverageShsOutDil": 158176000,
    "link": "https://www.sec.gov/Archives/edgar/data/720005/000072000500500017/0000720005-00-500017-index.htm",
    "finalLink": "https://www.sec.gov/Archives/edgar/data/720005/000072000500500017/sept00fff.txt"
  },
  {
    "date": "1999-09-24",
    "symbol": "RJF",
    "reportedCurrency": "USD",
    "cik": "0000720005",
    "fillingDate": "1999-12-22",
    "acceptedDate": "1999-12-22 00:00:00",
    "calendarYear": "1999",
    "period": "FY",
    "revenue": 1080600000,
    "costOfRevenue": 0,
    "grossProfit": 1080600000,
    "grossProfitRatio": 1,
    "researchAndDevelopmentExpenses": 0,
    "generalAndAdministrativeExpenses": 754700000,
    "sellingAndMarketingExpenses": 0,
    "sellingGeneralAndAdministrativeExpenses": 754700000,
    "otherExpenses": 325900000,
    "operatingExpenses": 1080600000,
    "costAndExpenses": 1080600000,
    "interestIncome": 229800000,
    "interestExpense": 151500000,
    "depreciationAndAmortization": 20000000,
    "ebitda": 0,
    "ebitdaratio": 0,
    "operatingIncome": 0,
    "operatingIncomeRatio": 0,
    "totalOtherIncomeExpensesNet": 137500000,
    "incomeBeforeTax": 137500000,
    "incomeBeforeTaxRatio": 0.1272441236,
    "incomeTaxExpense": 52400000,
    "netIncome": 85100000,
    "netIncomeRatio": 0.0787525449,
    "eps": 0.53,
    "epsdiluted": 0.52,
    "weightedAverageShsOut": 160670000,
    "weightedAverageShsOutDil": 163515000,
    "link": "https://www.sec.gov/Archives/edgar/data/720005/000072000599000025/0000720005-99-000025-index.html",
    "finalLink": "https://www.sec.gov/Archives/edgar/data/720005/000072000599000025/"
  },
  {
    "date": "1998-09-25",
    "symbol": "RJF",
    "reportedCurrency": "USD",
    "cik": "0000720005",
    "fillingDate": "1998-12-24",
    "acceptedDate": "1998-12-24 00:00:00",
    "calendarYear": "1998",
    "period": "FY",
    "revenue": 951900000,
    "costOfRevenue": 0,
    "grossProfit": 951900000,
    "grossProfitRatio": 1,
    "researchAndDevelopmentExpenses": 0,
    "generalAndAdministrativeExpenses": 650300000,
    "sellingAndMarketingExpenses": 0,
    "sellingGeneralAndAdministrativeExpenses": 650300000,
    "otherExpenses": 303700000,
    "operatingExpenses": 951900000,
    "costAndExpenses": 951900000,
    "interestIncome": 202300000,
    "interestExpense": 131000000,
    "depreciationAndAmortization": 16800000,
    "ebitda": 0,
    "ebitdaratio": 0,
    "operatingIncome": 0,
    "operatingIncomeRatio": 0,
    "totalOtherIncomeExpensesNet": 150200000,
    "incomeBeforeTax": 150200000,
    "incomeBeforeTaxRatio": 0.1577896838,
    "incomeTaxExpense": 57500000,
    "netIncome": 92700000,
    "netIncomeRatio": 0.097384179,
    "eps": 0.57,
    "epsdiluted": 0.55,
    "weightedAverageShsOut": 162540000,
    "weightedAverageShsOutDil": 168585000,
    "link": "https://www.sec.gov/Archives/edgar/data/720005/000072000598000022/0000720005-98-000022-index.html",
    "finalLink": "https://www.sec.gov/Archives/edgar/data/720005/"
  },
  {
    "date": "1997-09-26",
    "symbol": "RJF",
    "reportedCurrency": "USD",
    "cik": "0000720005",
    "fillingDate": "1997-12-24",
    "acceptedDate": "1997-12-24 00:00:00",
    "calendarYear": "1997",
    "period": "FY",
    "revenue": 826300000,
    "costOfRevenue": 0,
    "grossProfit": 826300000,
    "grossProfitRatio": 1,
    "researchAndDevelopmentExpenses": 0,
    "generalAndAdministrativeExpenses": 537400000,
    "sellingAndMarketingExpenses": 0,
    "sellingGeneralAndAdministrativeExpenses": 537400000,
    "otherExpenses": 288900000,
    "operatingExpenses": 826300000,
    "costAndExpenses": 826300000,
    "interestIncome": 155700000,
    "interestExpense": 101300000,
    "depreciationAndAmortization": 13300000,
    "ebitda": 0,
    "ebitdaratio": 0,
    "operatingIncome": 0,
    "operatingIncomeRatio": 0,
    "totalOtherIncomeExpensesNet": 160500000,
    "incomeBeforeTax": 160500000,
    "incomeBeforeTaxRatio": 0.1942393804,
    "incomeTaxExpense": 61600000,
    "netIncome": 98900000,
    "netIncomeRatio": 0.1196901852,
    "eps": 0.62,
    "epsdiluted": 0.61,
    "weightedAverageShsOut": 159547000,
    "weightedAverageShsOutDil": 163458000,
    "link": "https://www.sec.gov/Archives/edgar/data/720005/000072000597000015/0000720005-97-000015-index.html",
    "finalLink": "https://www.sec.gov/Archives/edgar/data/720005/"
  },
  {
    "date": "1996-09-27",
    "symbol": "RJF",
    "reportedCurrency": "USD",
    "cik": "0000720005",
    "fillingDate": "1996-12-23",
    "acceptedDate": "1996-12-23 00:00:00",
    "calendarYear": "1996",
    "period": "FY",
    "revenue": 638300000,
    "costOfRevenue": 0,
    "grossProfit": 638300000,
    "grossProfitRatio": 1,
    "researchAndDevelopmentExpenses": 0,
    "generalAndAdministrativeExpenses": 423900000,
    "sellingAndMarketingExpenses": 0,
    "sellingGeneralAndAdministrativeExpenses": 423900000,
    "otherExpenses": 214400000,
    "operatingExpenses": 638300000,
    "costAndExpenses": 638300000,
    "interestIncome": 126500000,
    "interestExpense": 83500000,
    "depreciationAndAmortization": 11300000,
    "ebitda": 0,
    "ebitdaratio": 0,
    "operatingIncome": 0,
    "operatingIncomeRatio": 0,
    "totalOtherIncomeExpensesNet": 108500000,
    "incomeBeforeTax": 108500000,
    "incomeBeforeTaxRatio": 0.1699827667,
    "incomeTaxExpense": 42500000,
    "netIncome": 66000000,
    "netIncomeRatio": 0.1033996553,
    "eps": 0.41,
    "epsdiluted": 0.41,
    "weightedAverageShsOut": 159659000,
    "weightedAverageShsOutDil": 159659000,
    "link": "https://www.sec.gov/Archives/edgar/data/720005/000101684396000139/0001016843-96-000139-index.html",
    "finalLink": "https://www.sec.gov/Archives/edgar/data/720005/"
  },
  {
    "date": "1995-09-29",
    "symbol": "RJF",
    "reportedCurrency": "USD",
    "cik": "0000720005",
    "fillingDate": "1995-12-29",
    "acceptedDate": "1995-12-29 00:00:00",
    "calendarYear": "1995",
    "period": "FY",
    "revenue": 489200000,
    "costOfRevenue": 0,
    "grossProfit": 489200000,
    "grossProfitRatio": 1,
    "researchAndDevelopmentExpenses": 0,
    "generalAndAdministrativeExpenses": 326400000,
    "sellingAndMarketingExpenses": 0,
    "sellingGeneralAndAdministrativeExpenses": 326400000,
    "otherExpenses": 162800000,
    "operatingExpenses": 489200000,
    "costAndExpenses": 489200000,
    "interestIncome": 97200000,
    "interestExpense": 64800000,
    "depreciationAndAmortization": 9700000,
    "ebitda": 0,
    "ebitdaratio": 0,
    "operatingIncome": 0,
    "operatingIncomeRatio": 0,
    "totalOtherIncomeExpensesNet": 74400000,
    "incomeBeforeTax": 74400000,
    "incomeBeforeTaxRatio": 0.1520850368,
    "incomeTaxExpense": 28300000,
    "netIncome": 46100000,
    "netIncomeRatio": 0.0942354865,
    "eps": 0.29,
    "epsdiluted": 0.29,
    "weightedAverageShsOut": 157229000,
    "weightedAverageShsOutDil": 157229000,
    "link": "https://www.sec.gov/Archives/edgar/data/720005/000072000595000018/0000720005-95-000018-index.html",
    "finalLink": "https://www.sec.gov/Archives/edgar/data/720005/"
  },
  {
    "date": "1994-09-30",
    "symbol": "RJF",
    "reportedCurrency": "USD",
    "cik": "0000720005",
    "fillingDate": "1995-02-22",
    "acceptedDate": "1995-02-22 00:00:00",
    "calendarYear": "1994",
    "period": "FY",
    "revenue": 470900000,
    "costOfRevenue": 0,
    "grossProfit": 470900000,
    "grossProfitRatio": 1,
    "researchAndDevelopmentExpenses": 0,
    "generalAndAdministrativeExpenses": 318000000,
    "sellingAndMarketingExpenses": 0,
    "sellingGeneralAndAdministrativeExpenses": 318000000,
    "otherExpenses": 152900000,
    "operatingExpenses": 470900000,
    "costAndExpenses": 470900000,
    "interestIncome": 58500000,
    "interestExpense": 36200000,
    "depreciationAndAmortization": 7000000,
    "ebitda": 0,
    "ebitdaratio": 0,
    "operatingIncome": 0,
    "operatingIncomeRatio": 0,
    "totalOtherIncomeExpensesNet": 67200000,
    "incomeBeforeTax": 67200000,
    "incomeBeforeTaxRatio": 0.1427054576,
    "incomeTaxExpense": 25100000,
    "netIncome": 42100000,
    "netIncomeRatio": 0.0894032703,
    "eps": 0.26,
    "epsdiluted": 0.26,
    "weightedAverageShsOut": 161302000,
    "weightedAverageShsOutDil": 163156000,
    "link": "https://www.sec.gov/Archives/edgar/data/720005/000072000595000005/0000720005-95-000005-index.html",
    "finalLink": "https://www.sec.gov/Archives/edgar/data/720005/"
  },
  {
    "date": "1993-09-30",
    "symbol": "RJF",
    "reportedCurrency": "USD",
    "cik": "0000720005",
    "fillingDate": "1993-09-30",
    "acceptedDate": "1993-09-30 00:00:00",
    "calendarYear": "1993",
    "period": "FY",
    "revenue": 434600000,
    "costOfRevenue": 0,
    "grossProfit": 434600000,
    "grossProfitRatio": 1,
    "researchAndDevelopmentExpenses": 0,
    "generalAndAdministrativeExpenses": 282900000,
    "sellingAndMarketingExpenses": 0,
    "sellingGeneralAndAdministrativeExpenses": 282900000,
    "otherExpenses": 151700000,
    "operatingExpenses": 434600000,
    "costAndExpenses": 434600000,
    "interestIncome": 33600000,
    "interestExpense": 17200000,
    "depreciationAndAmortization": 5000000,
    "ebitda": 0,
    "ebitdaratio": 0,
    "operatingIncome": 0,
    "operatingIncomeRatio": 0,
    "totalOtherIncomeExpensesNet": 80200000,
    "incomeBeforeTax": 80200000,
    "incomeBeforeTaxRatio": 0.1845375058,
    "incomeTaxExpense": 30900000,
    "netIncome": 49300000,
    "netIncomeRatio": 0.1134376438,
    "eps": 0.3,
    "epsdiluted": 0.3,
    "weightedAverageShsOut": 164575000,
    "weightedAverageShsOutDil": 164575000,
    "link": null,
    "finalLink": null
  },
  {
    "date": "1992-09-30",
    "symbol": "RJF",
    "reportedCurrency": "USD",
    "cik": "0000720005",
    "fillingDate": "1992-09-30",
    "acceptedDate": "1992-09-30 00:00:00",
    "calendarYear": "1992",
    "period": "FY",
    "revenue": 339700000,
    "costOfRevenue": 0,
    "grossProfit": 339700000,
    "grossProfitRatio": 1,
    "researchAndDevelopmentExpenses": 0,
    "generalAndAdministrativeExpenses": 216800000,
    "sellingAndMarketingExpenses": 0,
    "sellingGeneralAndAdministrativeExpenses": 216800000,
    "otherExpenses": 122900000,
    "operatingExpenses": 339700000,
    "costAndExpenses": 339700000,
    "interestIncome": 36400000,
    "interestExpense": 21400000,
    "depreciationAndAmortization": 5000000,
    "ebitda": 0,
    "ebitdaratio": 0,
    "operatingIncome": 0,
    "operatingIncomeRatio": 0,
    "totalOtherIncomeExpensesNet": 65800000,
    "incomeBeforeTax": 65800000,
    "incomeBeforeTaxRatio": 0.1937003238,
    "incomeTaxExpense": 24800000,
    "netIncome": 41000000,
    "netIncomeRatio": 0.1206947306,
    "eps": 0.25,
    "epsdiluted": 0.25,
    "weightedAverageShsOut": 164567000,
    "weightedAverageShsOutDil": 164567000,
    "link": null,
    "finalLink": null
  },
  {
    "date": "1991-09-30",
    "symbol": "RJF",
    "reportedCurrency": "USD",
    "cik": "0000720005",
    "fillingDate": "1991-09-30",
    "acceptedDate": "1991-09-30 00:00:00",
    "calendarYear": "1991",
    "period": "FY",
    "revenue": 245700000,
    "costOfRevenue": 0,
    "grossProfit": 245700000,
    "grossProfitRatio": 1,
    "researchAndDevelopmentExpenses": 0,
    "generalAndAdministrativeExpenses": 153900000,
    "sellingAndMarketingExpenses": 0,
    "sellingGeneralAndAdministrativeExpenses": 153900000,
    "otherExpenses": 91800000,
    "operatingExpenses": 245700000,
    "costAndExpenses": 245700000,
    "interestIncome": 55000000,
    "interestExpense": 40300000,
    "depreciationAndAmortization": 4100000,
    "ebitda": 0,
    "ebitdaratio": 0,
    "operatingIncome": 0,
    "operatingIncomeRatio": 0,
    "totalOtherIncomeExpensesNet": 43500000,
    "incomeBeforeTax": 43500000,
    "incomeBeforeTaxRatio": 0.177045177,
    "incomeTaxExpense": 16800000,
    "netIncome": 26700000,
    "netIncomeRatio": 0.1086691087,
    "eps": 0.17,
    "epsdiluted": 0.16,
    "weightedAverageShsOut": 160754000,
    "weightedAverageShsOutDil": 163677000,
    "link": null,
    "finalLink": null
  },
  {
    "date": "1990-09-30",
    "symbol": "RJF",
    "reportedCurrency": "USD",
    "cik": "0000720005",
    "fillingDate": "1990-09-30",
    "acceptedDate": "1990-09-30 00:00:00",
    "calendarYear": "1990",
    "period": "FY",
    "revenue": 208100000,
    "costOfRevenue": 0,
    "grossProfit": 208100000,
    "grossProfitRatio": 1,
    "researchAndDevelopmentExpenses": 0,
    "generalAndAdministrativeExpenses": 133100000,
    "sellingAndMarketingExpenses": 0,
    "sellingGeneralAndAdministrativeExpenses": 133100000,
    "otherExpenses": 75000000,
    "operatingExpenses": 208100000,
    "costAndExpenses": 208100000,
    "interestIncome": 61300000,
    "interestExpense": 48600000,
    "depreciationAndAmortization": 4400000,
    "ebitda": 0,
    "ebitdaratio": 0,
    "operatingIncome": 0,
    "operatingIncomeRatio": 0,
    "totalOtherIncomeExpensesNet": 29200000,
    "incomeBeforeTax": 29200000,
    "incomeBeforeTaxRatio": 0.1403171552,
    "incomeTaxExpense": 11300000,
    "netIncome": 17900000,
    "netIncomeRatio": 0.0860163383,
    "eps": 0.12,
    "epsdiluted": 0.11,
    "weightedAverageShsOut": 147201000,
    "weightedAverageShsOutDil": 163114000,
    "link": null,
    "finalLink": null
  },
  {
    "date": "1989-09-30",
    "symbol": "RJF",
    "reportedCurrency": "USD",
    "cik": "0000720005",
    "fillingDate": "1989-09-30",
    "acceptedDate": "1989-09-30 00:00:00",
    "calendarYear": "1989",
    "period": "FY",
    "revenue": 181700000,
    "costOfRevenue": 0,
    "grossProfit": 181700000,
    "grossProfitRatio": 1,
    "researchAndDevelopmentExpenses": 0,
    "generalAndAdministrativeExpenses": 120700000,
    "sellingAndMarketingExpenses": 0,
    "sellingGeneralAndAdministrativeExpenses": 120700000,
    "otherExpenses": 61000000,
    "operatingExpenses": 181700000,
    "costAndExpenses": 181700000,
    "interestIncome": 55800000,
    "interestExpense": 44700000,
    "depreciationAndAmortization": 3900000,
    "ebitda": 0,
    "ebitdaratio": 0,
    "operatingIncome": 0,
    "operatingIncomeRatio": 0,
    "totalOtherIncomeExpensesNet": 20500000,
    "incomeBeforeTax": 20500000,
    "incomeBeforeTaxRatio": 0.1128233352,
    "incomeTaxExpense": 8100000,
    "netIncome": 12400000,
    "netIncomeRatio": 0.0682443588,
    "eps": 0.086,
    "epsdiluted": 0.0771,
    "weightedAverageShsOut": 144166000,
    "weightedAverageShsOutDil": 160801000,
    "link": null,
    "finalLink": null
  },
  {
    "date": "1988-09-30",
    "symbol": "RJF",
    "reportedCurrency": "USD",
    "cik": "0000720005",
    "fillingDate": "1988-09-30",
    "acceptedDate": "1988-09-29 20:00:00",
    "calendarYear": "1988",
    "period": "FY",
    "revenue": 0,
    "costOfRevenue": 0,
    "grossProfit": 0,
    "grossProfitRatio": 0,
    "researchAndDevelopmentExpenses": 0,
    "generalAndAdministrativeExpenses": 0,
    "sellingAndMarketingExpenses": 0,
    "sellingGeneralAndAdministrativeExpenses": 0,
    "otherExpenses": 5500000,
    "operatingExpenses": 5500000,
    "costAndExpenses": 5500000,
    "interestIncome": 0,
    "interestExpense": 0,
    "depreciationAndAmortization": 0,
    "ebitda": 5500000,
    "ebitdaratio": null,
    "operatingIncome": 5500000,
    "operatingIncomeRatio": null,
    "totalOtherIncomeExpensesNet": 0,
    "incomeBeforeTax": 0,
    "incomeBeforeTaxRatio": 0,
    "incomeTaxExpense": -5500000,
    "netIncome": 5500000,
    "netIncomeRatio": null,
    "eps": 0.0386,
    "epsdiluted": 0.0386,
    "weightedAverageShsOut": 142645000,
    "weightedAverageShsOutDil": 142645000,
    "link": "",
    "finalLink": ""
  },
  {
    "date": "1987-09-30",
    "symbol": "RJF",
    "reportedCurrency": "USD",
    "cik": "0000720005",
    "fillingDate": "1987-09-30",
    "acceptedDate": "1987-09-29 20:00:00",
    "calendarYear": "1987",
    "period": "FY",
    "revenue": 0,
    "costOfRevenue": 0,
    "grossProfit": 0,
    "grossProfitRatio": 0,
    "researchAndDevelopmentExpenses": 0,
    "generalAndAdministrativeExpenses": 0,
    "sellingAndMarketingExpenses": 0,
    "sellingGeneralAndAdministrativeExpenses": 0,
    "otherExpenses": 9600000,
    "operatingExpenses": 9600000,
    "costAndExpenses": 9600000,
    "interestIncome": 0,
    "interestExpense": 0,
    "depreciationAndAmortization": 0,
    "ebitda": 9600000,
    "ebitdaratio": null,
    "operatingIncome": 9600000,
    "operatingIncomeRatio": null,
    "totalOtherIncomeExpensesNet": 0,
    "incomeBeforeTax": 0,
    "incomeBeforeTaxRatio": 0,
    "incomeTaxExpense": -9600000,
    "netIncome": 9600000,
    "netIncomeRatio": null,
    "eps": 0.0682,
    "epsdiluted": 0.0593,
    "weightedAverageShsOut": 140729000,
    "weightedAverageShsOutDil": 161838000,
    "link": "",
    "finalLink": ""
  },
  {
    "date": "1986-09-30",
    "symbol": "RJF",
    "reportedCurrency": "USD",
    "cik": "0000720005",
    "fillingDate": "1986-09-30",
    "acceptedDate": "1986-09-29 20:00:00",
    "calendarYear": "1986",
    "period": "FY",
    "revenue": 0,
    "costOfRevenue": 0,
    "grossProfit": 0,
    "grossProfitRatio": 0,
    "researchAndDevelopmentExpenses": 0,
    "generalAndAdministrativeExpenses": 0,
    "sellingAndMarketingExpenses": 0,
    "sellingGeneralAndAdministrativeExpenses": 0,
    "otherExpenses": 6200000,
    "operatingExpenses": 6200000,
    "costAndExpenses": 6200000,
    "interestIncome": 0,
    "interestExpense": 0,
    "depreciationAndAmortization": 0,
    "ebitda": 6200000,
    "ebitdaratio": null,
    "operatingIncome": 6200000,
    "operatingIncomeRatio": null,
    "totalOtherIncomeExpensesNet": 0,
    "incomeBeforeTax": 0,
    "incomeBeforeTaxRatio": 0,
    "incomeTaxExpense": -6200000,
    "netIncome": 6200000,
    "netIncomeRatio": null,
    "eps": 0.0504,
    "epsdiluted": 0.0504,
    "weightedAverageShsOut": 122965000,
    "weightedAverageShsOutDil": 122965000,
    "link": "",
    "finalLink": ""
  },
  {
    "date": "1985-09-30",
    "symbol": "RJF",
    "reportedCurrency": "USD",
    "cik": "0000720005",
    "fillingDate": "1985-09-30",
    "acceptedDate": "1985-09-29 20:00:00",
    "calendarYear": "1985",
    "period": "FY",
    "revenue": 0,
    "costOfRevenue": 0,
    "grossProfit": 0,
    "grossProfitRatio": 0,
    "researchAndDevelopmentExpenses": 0,
    "generalAndAdministrativeExpenses": 0,
    "sellingAndMarketingExpenses": 0,
    "sellingGeneralAndAdministrativeExpenses": 0,
    "otherExpenses": 4600000,
    "operatingExpenses": 4600000,
    "costAndExpenses": 4600000,
    "interestIncome": 0,
    "interestExpense": 0,
    "depreciationAndAmortization": 0,
    "ebitda": 4600000,
    "ebitdaratio": null,
    "operatingIncome": 4600000,
    "operatingIncomeRatio": null,
    "totalOtherIncomeExpensesNet": 0,
    "incomeBeforeTax": 0,
    "incomeBeforeTaxRatio": 0,
    "incomeTaxExpense": -4600000,
    "netIncome": 4600000,
    "netIncomeRatio": null,
    "eps": 0.0386,
    "epsdiluted": 0.0386,
    "weightedAverageShsOut": 119303000,
    "weightedAverageShsOutDil": 119303000,
    "link": "",
    "finalLink": ""
  }
]