[
  {
    "date": "2025-06-28",
    "symbol": "RL",
    "reportedCurrency": "USD",
    "cik": "0001037038",
    "fillingDate": "2025-08-07",
    "acceptedDate": "2025-08-07 10:56:19",
    "calendarYear": "2026",
    "period": "Q1",
    "revenue": 1719100000,
    "costOfRevenue": 476800000,
    "grossProfit": 1242300000,
    "grossProfitRatio": 0.7226455704,
    "researchAndDevelopmentExpenses": 0,
    "generalAndAdministrativeExpenses": 0,
    "sellingAndMarketingExpenses": 0,
    "sellingGeneralAndAdministrativeExpenses": 949400000,
    "otherExpenses": 19300000,
    "operatingExpenses": 968700000,
    "costAndExpenses": 1445500000,
    "interestIncome": 14800000,
    "interestExpense": 11500000,
    "depreciationAndAmortization": 55500000,
    "ebitda": 345000000,
    "ebitdaratio": 0.2006864057,
    "operatingIncome": 273600000,
    "operatingIncomeRatio": 0.1591530452,
    "totalOtherIncomeExpensesNet": 4400000,
    "incomeBeforeTax": 278000000,
    "incomeBeforeTaxRatio": 0.161712524,
    "incomeTaxExpense": 57600000,
    "netIncome": 220400000,
    "netIncomeRatio": 0.1282066197,
    "eps": 3.6131,
    "epsdiluted": 3.5264,
    "weightedAverageShsOut": 61000000,
    "weightedAverageShsOutDil": 62500000,
    "link": "https://www.sec.gov/Archives/edgar/data/1037038/000103703825000018/0001037038-25-000018-index.htm",
    "finalLink": "https://www.sec.gov/Archives/edgar/data/1037038/000103703825000018/rl-20250628.htm"
  },
  {
    "date": "2025-03-29",
    "symbol": "RL",
    "reportedCurrency": "USD",
    "cik": "0001037038",
    "fillingDate": "2025-05-22",
    "acceptedDate": "2025-05-22 10:13:45",
    "calendarYear": "2025",
    "period": "Q4",
    "revenue": 1697300000,
    "costOfRevenue": 532000000,
    "grossProfit": 1165300000,
    "grossProfitRatio": 0.6865610087,
    "researchAndDevelopmentExpenses": 0,
    "generalAndAdministrativeExpenses": 990500000,
    "sellingAndMarketingExpenses": 0,
    "sellingGeneralAndAdministrativeExpenses": 990500000,
    "otherExpenses": 19800000,
    "operatingExpenses": 1010300000,
    "costAndExpenses": 1542300000,
    "interestIncome": 18200000,
    "interestExpense": 10200000,
    "depreciationAndAmortization": 55000000,
    "ebitda": 227500000,
    "ebitdaratio": 0.1340364108,
    "operatingIncome": 155000000,
    "operatingIncomeRatio": 0.0913215106,
    "totalOtherIncomeExpensesNet": 7300000,
    "incomeBeforeTax": 162300000,
    "incomeBeforeTaxRatio": 0.0956224592,
    "incomeTaxExpense": 33300000,
    "netIncome": 129000000,
    "netIncomeRatio": 0.0760030637,
    "eps": 2.07,
    "epsdiluted": 2.03,
    "weightedAverageShsOut": 62200000,
    "weightedAverageShsOutDil": 63700000,
    "link": "https://www.sec.gov/Archives/edgar/data/1037038/000103703825000011/0001037038-25-000011-index.htm",
    "finalLink": "https://www.sec.gov/Archives/edgar/data/1037038/000103703825000011/rl-20250329.htm"
  },
  {
    "date": "2024-12-28",
    "symbol": "RL",
    "reportedCurrency": "USD",
    "cik": "0001037038",
    "fillingDate": "2025-02-06",
    "acceptedDate": "2025-02-06 10:18:00",
    "calendarYear": "2025",
    "period": "Q3",
    "revenue": 2143500000,
    "costOfRevenue": 677400000,
    "grossProfit": 1466100000,
    "grossProfitRatio": 0.6839748076,
    "researchAndDevelopmentExpenses": 0,
    "generalAndAdministrativeExpenses": 1064200000,
    "sellingAndMarketingExpenses": 0,
    "sellingGeneralAndAdministrativeExpenses": 1064200000,
    "otherExpenses": 12200000,
    "operatingExpenses": 1076400000,
    "costAndExpenses": 1753800000,
    "interestIncome": 17800000,
    "interestExpense": 11600000,
    "depreciationAndAmortization": 54300000,
    "ebitda": 449600000,
    "ebitdaratio": 0.2097504082,
    "operatingIncome": 389700000,
    "operatingIncomeRatio": 0.1818054584,
    "totalOtherIncomeExpensesNet": -6000000,
    "incomeBeforeTax": 383700000,
    "incomeBeforeTaxRatio": 0.1790062981,
    "incomeTaxExpense": 86300000,
    "netIncome": 297400000,
    "netIncomeRatio": 0.1387450432,
    "eps": 4.76,
    "epsdiluted": 4.66,
    "weightedAverageShsOut": 62500000,
    "weightedAverageShsOutDil": 63800000,
    "link": "https://www.sec.gov/Archives/edgar/data/1037038/000103703825000007/0001037038-25-000007-index.htm",
    "finalLink": "https://www.sec.gov/Archives/edgar/data/1037038/000103703825000007/rl-20241228.htm"
  },
  {
    "date": "2024-09-28",
    "symbol": "RL",
    "reportedCurrency": "USD",
    "cik": "0001037038",
    "fillingDate": "2024-11-07",
    "acceptedDate": "2024-11-07 10:33:56",
    "calendarYear": "2025",
    "period": "Q2",
    "revenue": 1726000000,
    "costOfRevenue": 570300000,
    "grossProfit": 1155700000,
    "grossProfitRatio": 0.6695828505,
    "researchAndDevelopmentExpenses": 0,
    "generalAndAdministrativeExpenses": 958400000,
    "sellingAndMarketingExpenses": 0,
    "sellingGeneralAndAdministrativeExpenses": 958400000,
    "otherExpenses": 18400000,
    "operatingExpenses": 976800000,
    "costAndExpenses": 1547100000,
    "interestIncome": 17900000,
    "interestExpense": 11400000,
    "depreciationAndAmortization": 55900000,
    "ebitda": 255400000,
    "ebitdaratio": 0.14797219,
    "operatingIncome": 178900000,
    "operatingIncomeRatio": 0.1036500579,
    "totalOtherIncomeExpensesNet": 9200000,
    "incomeBeforeTax": 188100000,
    "incomeBeforeTaxRatio": 0.1089803013,
    "incomeTaxExpense": 40200000,
    "netIncome": 147900000,
    "netIncomeRatio": 0.0856894554,
    "eps": 2.36,
    "epsdiluted": 2.31,
    "weightedAverageShsOut": 62600000,
    "weightedAverageShsOutDil": 63900000,
    "link": "https://www.sec.gov/Archives/edgar/data/1037038/000103703824000029/0001037038-24-000029-index.htm",
    "finalLink": "https://www.sec.gov/Archives/edgar/data/1037038/000103703824000029/rl-20240928.htm"
  },
  {
    "date": "2024-06-29",
    "symbol": "RL",
    "reportedCurrency": "USD",
    "cik": "0001037038",
    "fillingDate": "2024-08-07",
    "acceptedDate": "2024-08-07 10:43:32",
    "calendarYear": "2025",
    "period": "Q1",
    "revenue": 1512200000,
    "costOfRevenue": 446400000,
    "grossProfit": 1065800000,
    "grossProfitRatio": 0.7048009523,
    "researchAndDevelopmentExpenses": 0,
    "generalAndAdministrativeExpenses": 0,
    "sellingAndMarketingExpenses": 0,
    "sellingGeneralAndAdministrativeExpenses": 849900000,
    "otherExpenses": 7400000,
    "operatingExpenses": 857300000,
    "costAndExpenses": 1303700000,
    "interestIncome": 20100000,
    "interestExpense": 10900000,
    "depreciationAndAmortization": 54400000,
    "ebitda": 281900000,
    "ebitdaratio": 0.1864171406,
    "operatingIncome": 208500000,
    "operatingIncomeRatio": 0.1378785875,
    "totalOtherIncomeExpensesNet": 8100000,
    "incomeBeforeTax": 216600000,
    "incomeBeforeTaxRatio": 0.1432350218,
    "incomeTaxExpense": 48000000,
    "netIncome": 168600000,
    "netIncomeRatio": 0.1114931887,
    "eps": 2.67,
    "epsdiluted": 2.61,
    "weightedAverageShsOut": 63200000,
    "weightedAverageShsOutDil": 64600000,
    "link": "https://www.sec.gov/Archives/edgar/data/1037038/000103703824000022/0001037038-24-000022-index.htm",
    "finalLink": "https://www.sec.gov/Archives/edgar/data/1037038/000103703824000022/rl-20240629.htm"
  },
  {
    "date": "2024-03-30",
    "symbol": "RL",
    "reportedCurrency": "USD",
    "cik": "0001037038",
    "fillingDate": "2024-05-23",
    "acceptedDate": "2024-05-23 16:26:26",
    "calendarYear": "2024",
    "period": "Q4",
    "revenue": 1567900000,
    "costOfRevenue": 524200000,
    "grossProfit": 1043700000,
    "grossProfitRatio": 0.6656674533,
    "researchAndDevelopmentExpenses": 0,
    "generalAndAdministrativeExpenses": 911400000,
    "sellingAndMarketingExpenses": 0,
    "sellingGeneralAndAdministrativeExpenses": 911400000,
    "otherExpenses": 24500000,
    "operatingExpenses": 935900000,
    "costAndExpenses": 1460100000,
    "interestIncome": 20800000,
    "interestExpense": 11600000,
    "depreciationAndAmortization": 56000000,
    "ebitda": 179100000,
    "ebitdaratio": 0.1142292238,
    "operatingIncome": 107800000,
    "operatingIncomeRatio": 0.0687543848,
    "totalOtherIncomeExpensesNet": 3700000,
    "incomeBeforeTax": 111500000,
    "incomeBeforeTaxRatio": 0.0711142292,
    "incomeTaxExpense": 20800000,
    "netIncome": 90700000,
    "netIncomeRatio": 0.057848077,
    "eps": 1.41,
    "epsdiluted": 1.38,
    "weightedAverageShsOut": 64300000,
    "weightedAverageShsOutDil": 65500000,
    "link": "https://www.sec.gov/Archives/edgar/data/1037038/000103703824000014/0001037038-24-000014-index.htm",
    "finalLink": "https://www.sec.gov/Archives/edgar/data/1037038/000103703824000014/rl-20240330.htm"
  },
  {
    "date": "2023-12-30",
    "symbol": "RL",
    "reportedCurrency": "USD",
    "cik": "0001037038",
    "fillingDate": "2024-02-08",
    "acceptedDate": "2024-02-08 10:09:14",
    "calendarYear": "2024",
    "period": "Q3",
    "revenue": 1934000000,
    "costOfRevenue": 648000000,
    "grossProfit": 1286000000,
    "grossProfitRatio": 0.6649431231,
    "researchAndDevelopmentExpenses": 0,
    "generalAndAdministrativeExpenses": 972300000,
    "sellingAndMarketingExpenses": 0,
    "sellingGeneralAndAdministrativeExpenses": 972300000,
    "otherExpenses": -4000000,
    "operatingExpenses": 968300000,
    "costAndExpenses": 1616300000,
    "interestIncome": 20700000,
    "interestExpense": 10600000,
    "depreciationAndAmortization": 56200000,
    "ebitda": 396600000,
    "ebitdaratio": 0.2050672182,
    "operatingIncome": 317700000,
    "operatingIncomeRatio": 0.1642709411,
    "totalOtherIncomeExpensesNet": 12100000,
    "incomeBeforeTax": 329800000,
    "incomeBeforeTaxRatio": 0.1705274043,
    "incomeTaxExpense": 53200000,
    "netIncome": 276600000,
    "netIncomeRatio": 0.1430196484,
    "eps": 4.25,
    "epsdiluted": 4.19,
    "weightedAverageShsOut": 65000000,
    "weightedAverageShsOutDil": 66000000,
    "link": "https://www.sec.gov/Archives/edgar/data/1037038/000103703824000008/0001037038-24-000008-index.htm",
    "finalLink": "https://www.sec.gov/Archives/edgar/data/1037038/000103703824000008/rl-20231230.htm"
  },
  {
    "date": "2023-09-30",
    "symbol": "RL",
    "reportedCurrency": "USD",
    "cik": "0001037038",
    "fillingDate": "2023-11-08",
    "acceptedDate": "2023-11-08 10:17:02",
    "calendarYear": "2024",
    "period": "Q2",
    "revenue": 1633000000,
    "costOfRevenue": 562900000,
    "grossProfit": 1070100000,
    "grossProfitRatio": 0.6552969994,
    "researchAndDevelopmentExpenses": 0,
    "generalAndAdministrativeExpenses": 900800000,
    "sellingAndMarketingExpenses": 0,
    "sellingGeneralAndAdministrativeExpenses": 900800000,
    "otherExpenses": 4800000,
    "operatingExpenses": 905600000,
    "costAndExpenses": 1468500000,
    "interestIncome": 15800000,
    "interestExpense": 10000000,
    "depreciationAndAmortization": 58500000,
    "ebitda": 234000000,
    "ebitdaratio": 0.1432945499,
    "operatingIncome": 164500000,
    "operatingIncomeRatio": 0.1007348438,
    "totalOtherIncomeExpensesNet": 1000000,
    "incomeBeforeTax": 165500000,
    "incomeBeforeTaxRatio": 0.1013472137,
    "incomeTaxExpense": 18600000,
    "netIncome": 146900000,
    "netIncomeRatio": 0.0899571341,
    "eps": 2.24,
    "epsdiluted": 2.19,
    "weightedAverageShsOut": 65600000,
    "weightedAverageShsOutDil": 67200000,
    "link": "https://www.sec.gov/Archives/edgar/data/1037038/000103703823000030/0001037038-23-000030-index.htm",
    "finalLink": "https://www.sec.gov/Archives/edgar/data/1037038/000103703823000030/rl-20230930.htm"
  },
  {
    "date": "2023-07-01",
    "symbol": "RL",
    "reportedCurrency": "USD",
    "cik": "0001037038",
    "fillingDate": "2023-08-10",
    "acceptedDate": "2023-08-10 10:21:35",
    "calendarYear": "2024",
    "period": "Q1",
    "revenue": 1496500000,
    "costOfRevenue": 464500000,
    "grossProfit": 1032000000,
    "grossProfitRatio": 0.6896090879,
    "researchAndDevelopmentExpenses": 0,
    "generalAndAdministrativeExpenses": 835100000,
    "sellingAndMarketingExpenses": -5100000,
    "sellingGeneralAndAdministrativeExpenses": 830000000,
    "otherExpenses": 35600000,
    "operatingExpenses": 865600000,
    "costAndExpenses": 1330100000,
    "interestIncome": 15700000,
    "interestExpense": 10000000,
    "depreciationAndAmortization": 58300000,
    "ebitda": 238900000,
    "ebitdaratio": 0.159639158,
    "operatingIncome": 166400000,
    "operatingIncomeRatio": 0.1111927832,
    "totalOtherIncomeExpensesNet": 4200000,
    "incomeBeforeTax": 170600000,
    "incomeBeforeTaxRatio": 0.1139993318,
    "incomeTaxExpense": 38500000,
    "netIncome": 132100000,
    "netIncomeRatio": 0.0882726362,
    "eps": 2.01,
    "epsdiluted": 1.96,
    "weightedAverageShsOut": 65900000,
    "weightedAverageShsOutDil": 67400000,
    "link": "https://www.sec.gov/Archives/edgar/data/1037038/000103703823000023/0001037038-23-000023-index.htm",
    "finalLink": "https://www.sec.gov/Archives/edgar/data/1037038/000103703823000023/rl-20230701.htm"
  },
  {
    "date": "2023-04-01",
    "symbol": "RL",
    "reportedCurrency": "USD",
    "cik": "0001037038",
    "fillingDate": "2023-05-25",
    "acceptedDate": "2023-05-25 10:26:48",
    "calendarYear": "2023",
    "period": "Q4",
    "revenue": 1540800000,
    "costOfRevenue": 590200000,
    "grossProfit": 950600000,
    "grossProfitRatio": 0.6169522326,
    "researchAndDevelopmentExpenses": 0,
    "generalAndAdministrativeExpenses": 884400000,
    "sellingAndMarketingExpenses": 0,
    "sellingGeneralAndAdministrativeExpenses": 884400000,
    "otherExpenses": 26000000,
    "operatingExpenses": 910400000,
    "costAndExpenses": 1500600000,
    "interestIncome": 13400000,
    "interestExpense": 7100000,
    "depreciationAndAmortization": 57200000,
    "ebitda": 113500000,
    "ebitdaratio": 0.0736630322,
    "operatingIncome": 40200000,
    "operatingIncomeRatio": 0.0260903427,
    "totalOtherIncomeExpensesNet": 9000000,
    "incomeBeforeTax": 49200000,
    "incomeBeforeTaxRatio": 0.0319314642,
    "incomeTaxExpense": 16900000,
    "netIncome": 32300000,
    "netIncomeRatio": 0.020963136,
    "eps": 0.49,
    "epsdiluted": 0.48,
    "weightedAverageShsOut": 66400000,
    "weightedAverageShsOutDil": 67800000,
    "link": "https://www.sec.gov/Archives/edgar/data/1037038/000103703823000015/0001037038-23-000015-index.htm",
    "finalLink": "https://www.sec.gov/Archives/edgar/data/1037038/000103703823000015/rl-20230401.htm"
  },
  {
    "date": "2022-12-31",
    "symbol": "RL",
    "reportedCurrency": "USD",
    "cik": "0001037038",
    "fillingDate": "2023-02-09",
    "acceptedDate": "2023-02-09 10:06:50",
    "calendarYear": "2023",
    "period": "Q3",
    "revenue": 1832300000,
    "costOfRevenue": 641600000,
    "grossProfit": 1190700000,
    "grossProfitRatio": 0.6498390002,
    "researchAndDevelopmentExpenses": 0,
    "generalAndAdministrativeExpenses": 907800000,
    "sellingAndMarketingExpenses": 0,
    "sellingGeneralAndAdministrativeExpenses": 907800000,
    "otherExpenses": 800000,
    "operatingExpenses": 908600000,
    "costAndExpenses": 1550200000,
    "interestIncome": 8600000,
    "interestExpense": 12000000,
    "depreciationAndAmortization": 55200000,
    "ebitda": 347600000,
    "ebitdaratio": 0.1897069257,
    "operatingIncome": 282100000,
    "operatingIncomeRatio": 0.1539595044,
    "totalOtherIncomeExpensesNet": -1700000,
    "incomeBeforeTax": 280400000,
    "incomeBeforeTaxRatio": 0.1530317088,
    "incomeTaxExpense": 63900000,
    "netIncome": 216500000,
    "netIncomeRatio": 0.118157507,
    "eps": 3.26,
    "epsdiluted": 3.2,
    "weightedAverageShsOut": 66500000,
    "weightedAverageShsOutDil": 67600000,
    "link": "https://www.sec.gov/Archives/edgar/data/1037038/000103703823000009/0001037038-23-000009-index.htm",
    "finalLink": "https://www.sec.gov/Archives/edgar/data/1037038/000103703823000009/rl-20221231.htm"
  },
  {
    "date": "2022-10-01",
    "symbol": "RL",
    "reportedCurrency": "USD",
    "cik": "0001037038",
    "fillingDate": "2022-11-10",
    "acceptedDate": "2022-11-10 10:11:02",
    "calendarYear": "2023",
    "period": "Q2",
    "revenue": 1579900000,
    "costOfRevenue": 556800000,
    "grossProfit": 1023100000,
    "grossProfitRatio": 0.6475726312,
    "researchAndDevelopmentExpenses": 0,
    "generalAndAdministrativeExpenses": 815200000,
    "sellingAndMarketingExpenses": 0,
    "sellingGeneralAndAdministrativeExpenses": 815200000,
    "otherExpenses": 1200000,
    "operatingExpenses": 816400000,
    "costAndExpenses": 1373200000,
    "interestIncome": 6600000,
    "interestExpense": 9500000,
    "depreciationAndAmortization": 53300000,
    "ebitda": 262900000,
    "ebitdaratio": 0.1664029369,
    "operatingIncome": 206700000,
    "operatingIncomeRatio": 0.1308310653,
    "totalOtherIncomeExpensesNet": -6600000,
    "incomeBeforeTax": 200100000,
    "incomeBeforeTaxRatio": 0.1266535857,
    "incomeTaxExpense": 49600000,
    "netIncome": 150500000,
    "netIncomeRatio": 0.0952591936,
    "eps": 2.21,
    "epsdiluted": 2.18,
    "weightedAverageShsOut": 68000000,
    "weightedAverageShsOutDil": 69000000,
    "link": "https://www.sec.gov/Archives/edgar/data/1037038/000103703822000031/0001037038-22-000031-index.htm",
    "finalLink": "https://www.sec.gov/Archives/edgar/data/1037038/000103703822000031/rl-20221001.htm"
  },
  {
    "date": "2022-07-02",
    "symbol": "RL",
    "reportedCurrency": "USD",
    "cik": "0001037038",
    "fillingDate": "2022-08-09",
    "acceptedDate": "2022-08-09 10:19:37",
    "calendarYear": "2023",
    "period": "Q1",
    "revenue": 1490600000,
    "costOfRevenue": 489200000,
    "grossProfit": 1001400000,
    "grossProfitRatio": 0.6718100094,
    "researchAndDevelopmentExpenses": 0,
    "generalAndAdministrativeExpenses": 825500000,
    "sellingAndMarketingExpenses": 0,
    "sellingGeneralAndAdministrativeExpenses": 825500000,
    "otherExpenses": 700000,
    "operatingExpenses": 826200000,
    "costAndExpenses": 1315400000,
    "interestIncome": 3600000,
    "interestExpense": 11800000,
    "depreciationAndAmortization": 54800000,
    "ebitda": 228800000,
    "ebitdaratio": 0.1534952368,
    "operatingIncome": 175200000,
    "operatingIncomeRatio": 0.1175365625,
    "totalOtherIncomeExpensesNet": -13000000,
    "incomeBeforeTax": 162200000,
    "incomeBeforeTaxRatio": 0.1088152422,
    "incomeTaxExpense": 38800000,
    "netIncome": 123400000,
    "netIncomeRatio": 0.0827854555,
    "eps": 1.76,
    "epsdiluted": 1.73,
    "weightedAverageShsOut": 70100000,
    "weightedAverageShsOutDil": 71500000,
    "link": "https://www.sec.gov/Archives/edgar/data/1037038/000103703822000023/0001037038-22-000023-index.htm",
    "finalLink": "https://www.sec.gov/Archives/edgar/data/1037038/000103703822000023/rl-20220702.htm"
  },
  {
    "date": "2022-04-02",
    "symbol": "RL",
    "reportedCurrency": "USD",
    "cik": "0001037038",
    "fillingDate": "2022-05-24",
    "acceptedDate": "2022-05-24 13:14:05",
    "calendarYear": "2022",
    "period": "Q4",
    "revenue": 1522700000,
    "costOfRevenue": 556600000,
    "grossProfit": 966100000,
    "grossProfitRatio": 0.6344650949,
    "researchAndDevelopmentExpenses": 0,
    "generalAndAdministrativeExpenses": 924600000,
    "sellingAndMarketingExpenses": 0,
    "sellingGeneralAndAdministrativeExpenses": 924600000,
    "otherExpenses": 4700000,
    "operatingExpenses": 929300000,
    "costAndExpenses": 1485900000,
    "interestIncome": 1100000,
    "interestExpense": 13700000,
    "depreciationAndAmortization": 60400000,
    "ebitda": 103400000,
    "ebitdaratio": 0.0679056938,
    "operatingIncome": 36800000,
    "operatingIncomeRatio": 0.024167597,
    "totalOtherIncomeExpensesNet": -7500000,
    "incomeBeforeTax": 29300000,
    "incomeBeforeTaxRatio": 0.0192421357,
    "incomeTaxExpense": 4900000,
    "netIncome": 24400000,
    "netIncomeRatio": 0.0160241676,
    "eps": 0.34,
    "epsdiluted": 0.34,
    "weightedAverageShsOut": 70900000,
    "weightedAverageShsOutDil": 72500000,
    "link": "https://www.sec.gov/Archives/edgar/data/1037038/000103703822000014/0001037038-22-000014-index.htm",
    "finalLink": "https://www.sec.gov/Archives/edgar/data/1037038/000103703822000014/rl-20220402.htm"
  },
  {
    "date": "2021-12-25",
    "symbol": "RL",
    "reportedCurrency": "USD",
    "cik": "0001037038",
    "fillingDate": "2022-02-03",
    "acceptedDate": "2022-02-03 09:00:01",
    "calendarYear": "2022",
    "period": "Q3",
    "revenue": 1815400000,
    "costOfRevenue": 617300000,
    "grossProfit": 1198100000,
    "grossProfitRatio": 0.6599647461,
    "researchAndDevelopmentExpenses": 0,
    "generalAndAdministrativeExpenses": 910200000,
    "sellingAndMarketingExpenses": 0,
    "sellingGeneralAndAdministrativeExpenses": 910200000,
    "otherExpenses": -1200000,
    "operatingExpenses": 909000000,
    "costAndExpenses": 1526300000,
    "interestIncome": 1400000,
    "interestExpense": 13400000,
    "depreciationAndAmortization": 56200000,
    "ebitda": 346800000,
    "ebitdaratio": 0.1910322794,
    "operatingIncome": 289100000,
    "operatingIncomeRatio": 0.1592486504,
    "totalOtherIncomeExpensesNet": -11900000,
    "incomeBeforeTax": 277200000,
    "incomeBeforeTaxRatio": 0.1526936212,
    "incomeTaxExpense": 59500000,
    "netIncome": 217700000,
    "netIncomeRatio": 0.1199184753,
    "eps": 2.98,
    "epsdiluted": 2.93,
    "weightedAverageShsOut": 73200000,
    "weightedAverageShsOutDil": 74300000,
    "link": "https://www.sec.gov/Archives/edgar/data/1037038/000103703822000007/0001037038-22-000007-index.htm",
    "finalLink": "https://www.sec.gov/Archives/edgar/data/1037038/000103703822000007/rl-20211225.htm"
  },
  {
    "date": "2021-09-25",
    "symbol": "RL",
    "reportedCurrency": "USD",
    "cik": "0001037038",
    "fillingDate": "2021-11-03",
    "acceptedDate": "2021-11-03 16:26:54",
    "calendarYear": "2022",
    "period": "Q2",
    "revenue": 1504100000,
    "costOfRevenue": 488900000,
    "grossProfit": 1015200000,
    "grossProfitRatio": 0.6749551227,
    "researchAndDevelopmentExpenses": 0,
    "generalAndAdministrativeExpenses": 760000000,
    "sellingAndMarketingExpenses": 0,
    "sellingGeneralAndAdministrativeExpenses": 760000000,
    "otherExpenses": 3300000,
    "operatingExpenses": 763300000,
    "costAndExpenses": 1252200000,
    "interestIncome": 1200000,
    "interestExpense": 13600000,
    "depreciationAndAmortization": 55900000,
    "ebitda": 307600000,
    "ebitdaratio": 0.204507679,
    "operatingIncome": 251900000,
    "operatingIncomeRatio": 0.1674755668,
    "totalOtherIncomeExpensesNet": -13800000,
    "incomeBeforeTax": 238100000,
    "incomeBeforeTaxRatio": 0.1583006449,
    "incomeTaxExpense": 44800000,
    "netIncome": 193300000,
    "netIncomeRatio": 0.1285153913,
    "eps": 2.61,
    "epsdiluted": 2.57,
    "weightedAverageShsOut": 74000000,
    "weightedAverageShsOutDil": 75300000,
    "link": "https://www.sec.gov/Archives/edgar/data/1037038/000103703821000037/0001037038-21-000037-index.htm",
    "finalLink": "https://www.sec.gov/Archives/edgar/data/1037038/000103703821000037/rl-20210925.htm"
  },
  {
    "date": "2021-06-26",
    "symbol": "RL",
    "reportedCurrency": "USD",
    "cik": "0001037038",
    "fillingDate": "2021-08-03",
    "acceptedDate": "2021-08-03 10:39:19",
    "calendarYear": "2022",
    "period": "Q1",
    "revenue": 1376300000,
    "costOfRevenue": 408200000,
    "grossProfit": 968100000,
    "grossProfitRatio": 0.7034076873,
    "researchAndDevelopmentExpenses": 0,
    "generalAndAdministrativeExpenses": 729000000,
    "sellingAndMarketingExpenses": 0,
    "sellingGeneralAndAdministrativeExpenses": 729000000,
    "otherExpenses": 18500000,
    "operatingExpenses": 747500000,
    "costAndExpenses": 1155700000,
    "interestIncome": 1800000,
    "interestExpense": 13300000,
    "depreciationAndAmortization": 57200000,
    "ebitda": 280500000,
    "ebitdaratio": 0.2038073095,
    "operatingIncome": 220600000,
    "operatingIncomeRatio": 0.1602848216,
    "totalOtherIncomeExpensesNet": -10600000,
    "incomeBeforeTax": 210000000,
    "incomeBeforeTaxRatio": 0.1525830124,
    "incomeTaxExpense": 45300000,
    "netIncome": 164700000,
    "netIncomeRatio": 0.1196686769,
    "eps": 2.23,
    "epsdiluted": 2.18,
    "weightedAverageShsOut": 73800000,
    "weightedAverageShsOutDil": 75400000,
    "link": "https://www.sec.gov/Archives/edgar/data/1037038/000103703821000029/0001037038-21-000029-index.htm",
    "finalLink": "https://www.sec.gov/Archives/edgar/data/1037038/000103703821000029/rl-20210626.htm"
  },
  {
    "date": "2021-03-27",
    "symbol": "RL",
    "reportedCurrency": "USD",
    "cik": "0001037038",
    "fillingDate": "2021-05-20",
    "acceptedDate": "2021-05-20 08:41:21",
    "calendarYear": "2021",
    "period": "Q4",
    "revenue": 1287000000,
    "costOfRevenue": 504100000,
    "grossProfit": 782900000,
    "grossProfitRatio": 0.6083139083,
    "researchAndDevelopmentExpenses": 0,
    "generalAndAdministrativeExpenses": 758300000,
    "sellingAndMarketingExpenses": 0,
    "sellingGeneralAndAdministrativeExpenses": 758300000,
    "otherExpenses": 50300000,
    "operatingExpenses": 808600000,
    "costAndExpenses": 1312700000,
    "interestIncome": 2200000,
    "interestExpense": 13900000,
    "depreciationAndAmortization": 62100000,
    "ebitda": 40700000,
    "ebitdaratio": 0.0316239316,
    "operatingIncome": -25700000,
    "operatingIncomeRatio": -0.01996892,
    "totalOtherIncomeExpensesNet": -9600000,
    "incomeBeforeTax": -35300000,
    "incomeBeforeTaxRatio": -0.0274281274,
    "incomeTaxExpense": 38800000,
    "netIncome": -74100000,
    "netIncomeRatio": -0.0575757576,
    "eps": -1.01,
    "epsdiluted": -1.01,
    "weightedAverageShsOut": 73402892,
    "weightedAverageShsOutDil": 73600000,
    "link": "https://www.sec.gov/Archives/edgar/data/1037038/000103703821000022/0001037038-21-000022-index.htm",
    "finalLink": "https://www.sec.gov/Archives/edgar/data/1037038/000103703821000022/rl-20210327.htm"
  },
  {
    "date": "2020-12-26",
    "symbol": "RL",
    "reportedCurrency": "USD",
    "cik": "0001037038",
    "fillingDate": "2021-02-04",
    "acceptedDate": "2021-02-04 08:24:36",
    "calendarYear": "2021",
    "period": "Q3",
    "revenue": 1432800000,
    "costOfRevenue": 502400000,
    "grossProfit": 930400000,
    "grossProfitRatio": 0.6493579006,
    "researchAndDevelopmentExpenses": 0,
    "generalAndAdministrativeExpenses": 748500000,
    "sellingAndMarketingExpenses": 0,
    "sellingGeneralAndAdministrativeExpenses": 748500000,
    "otherExpenses": 11500000,
    "operatingExpenses": 760000000,
    "costAndExpenses": 1262400000,
    "interestIncome": 2400000,
    "interestExpense": 12200000,
    "depreciationAndAmortization": 60300000,
    "ebitda": 234700000,
    "ebitdaratio": 0.1638051368,
    "operatingIncome": 170400000,
    "operatingIncomeRatio": 0.1189279732,
    "totalOtherIncomeExpensesNet": -8200000,
    "incomeBeforeTax": 162200000,
    "incomeBeforeTaxRatio": 0.1132049135,
    "incomeTaxExpense": 42400000,
    "netIncome": 119800000,
    "netIncomeRatio": 0.083612507,
    "eps": 1.63,
    "epsdiluted": 1.61,
    "weightedAverageShsOut": 73600000,
    "weightedAverageShsOutDil": 74600000,
    "link": "https://www.sec.gov/Archives/edgar/data/1037038/000103703821000009/0001037038-21-000009-index.htm",
    "finalLink": "https://www.sec.gov/Archives/edgar/data/1037038/000103703821000009/rl-20201226.htm"
  },
  {
    "date": "2020-09-26",
    "symbol": "RL",
    "reportedCurrency": "USD",
    "cik": "0001037038",
    "fillingDate": "2020-11-05",
    "acceptedDate": "2020-11-05 16:13:04",
    "calendarYear": "2021",
    "period": "Q2",
    "revenue": 1193500000,
    "costOfRevenue": 394100000,
    "grossProfit": 799400000,
    "grossProfitRatio": 0.6697947214,
    "researchAndDevelopmentExpenses": 0,
    "generalAndAdministrativeExpenses": 631100000,
    "sellingAndMarketingExpenses": 0,
    "sellingGeneralAndAdministrativeExpenses": 631100000,
    "otherExpenses": 188600000,
    "operatingExpenses": 819700000,
    "costAndExpenses": 1213800000,
    "interestIncome": 2200000,
    "interestExpense": 12800000,
    "depreciationAndAmortization": 61500000,
    "ebitda": 45200000,
    "ebitdaratio": 0.0378718056,
    "operatingIncome": -20300000,
    "operatingIncomeRatio": -0.0170087977,
    "totalOtherIncomeExpensesNet": -8800000,
    "incomeBeforeTax": -29100000,
    "incomeBeforeTaxRatio": -0.0243820695,
    "incomeTaxExpense": 10000000,
    "netIncome": -39100000,
    "netIncomeRatio": -0.0327607876,
    "eps": -0.53,
    "epsdiluted": -0.53,
    "weightedAverageShsOut": 73500000,
    "weightedAverageShsOutDil": 73500000,
    "link": "https://www.sec.gov/Archives/edgar/data/1037038/000103703820000030/0001037038-20-000030-index.htm",
    "finalLink": "https://www.sec.gov/Archives/edgar/data/1037038/000103703820000030/rl-20200926x10q.htm"
  },
  {
    "date": "2020-06-27",
    "symbol": "RL",
    "reportedCurrency": "USD",
    "cik": "0001037038",
    "fillingDate": "2020-08-04",
    "acceptedDate": "2020-08-04 08:35:40",
    "calendarYear": "2021",
    "period": "Q1",
    "revenue": 487500000,
    "costOfRevenue": 138800000,
    "grossProfit": 348700000,
    "grossProfitRatio": 0.7152820513,
    "researchAndDevelopmentExpenses": 0,
    "generalAndAdministrativeExpenses": 512000000,
    "sellingAndMarketingExpenses": 0,
    "sellingGeneralAndAdministrativeExpenses": 512000000,
    "otherExpenses": 4700000,
    "operatingExpenses": 516700000,
    "costAndExpenses": 655500000,
    "interestIncome": 2900000,
    "interestExpense": 9600000,
    "depreciationAndAmortization": 63700000,
    "ebitda": -99300000,
    "ebitdaratio": -0.2036923077,
    "operatingIncome": -168000000,
    "operatingIncomeRatio": -0.3446153846,
    "totalOtherIncomeExpensesNet": -4600000,
    "incomeBeforeTax": -172600000,
    "incomeBeforeTaxRatio": -0.3540512821,
    "incomeTaxExpense": -44900000,
    "netIncome": -127700000,
    "netIncomeRatio": -0.2619487179,
    "eps": -1.75,
    "epsdiluted": -1.75,
    "weightedAverageShsOut": 72971428,
    "weightedAverageShsOutDil": 73100000,
    "link": "https://www.sec.gov/Archives/edgar/data/1037038/000103703820000023/0001037038-20-000023-index.htm",
    "finalLink": "https://www.sec.gov/Archives/edgar/data/1037038/000103703820000023/rl-20200627x10q.htm"
  },
  {
    "date": "2020-03-28",
    "symbol": "RL",
    "reportedCurrency": "USD",
    "cik": "0001037038",
    "fillingDate": "2020-05-27",
    "acceptedDate": "2020-05-27 08:29:35",
    "calendarYear": "2020",
    "period": "Q4",
    "revenue": 1274100000,
    "costOfRevenue": 679700000,
    "grossProfit": 594400000,
    "grossProfitRatio": 0.4665253905,
    "researchAndDevelopmentExpenses": 0,
    "generalAndAdministrativeExpenses": 854800000,
    "sellingAndMarketingExpenses": 0,
    "sellingGeneralAndAdministrativeExpenses": 854800000,
    "otherExpenses": 23400000,
    "operatingExpenses": 878200000,
    "costAndExpenses": 1557900000,
    "interestIncome": 5900000,
    "interestExpense": 4800000,
    "depreciationAndAmortization": 68500000,
    "ebitda": -213900000,
    "ebitdaratio": -0.1678832117,
    "operatingIncome": -283800000,
    "operatingIncomeRatio": -0.2227454674,
    "totalOtherIncomeExpensesNet": -3400000,
    "incomeBeforeTax": -287200000,
    "incomeBeforeTaxRatio": -0.2254140177,
    "incomeTaxExpense": -38200000,
    "netIncome": -249000000,
    "netIncomeRatio": -0.1954320697,
    "eps": -3.38,
    "epsdiluted": -3.38,
    "weightedAverageShsOut": 73700000,
    "weightedAverageShsOutDil": 73700000,
    "link": "https://www.sec.gov/Archives/edgar/data/1037038/000103703820000014/0001037038-20-000014-index.htm",
    "finalLink": "https://www.sec.gov/Archives/edgar/data/1037038/000103703820000014/rl-20200328x10k.htm"
  },
  {
    "date": "2019-12-28",
    "symbol": "RL",
    "reportedCurrency": "USD",
    "cik": "0001037038",
    "fillingDate": "2020-02-06",
    "acceptedDate": "2020-02-06 16:36:03",
    "calendarYear": "2020",
    "period": "Q3",
    "revenue": 1750700000,
    "costOfRevenue": 661600000,
    "grossProfit": 1089100000,
    "grossProfitRatio": 0.6220940195,
    "researchAndDevelopmentExpenses": 0,
    "generalAndAdministrativeExpenses": 846300000,
    "sellingAndMarketingExpenses": 0,
    "sellingGeneralAndAdministrativeExpenses": 846300000,
    "otherExpenses": 18400000,
    "operatingExpenses": 864700000,
    "costAndExpenses": 1526300000,
    "interestIncome": 7300000,
    "interestExpense": 4200000,
    "depreciationAndAmortization": 68200000,
    "ebitda": 302800000,
    "ebitdaratio": 0.1729593877,
    "operatingIncome": 224400000,
    "operatingIncomeRatio": 0.1281773005,
    "totalOtherIncomeExpensesNet": 6000000,
    "incomeBeforeTax": 230400000,
    "incomeBeforeTaxRatio": 0.1316045011,
    "incomeTaxExpense": -103700000,
    "netIncome": 334100000,
    "netIncomeRatio": 0.1908379505,
    "eps": 4.47,
    "epsdiluted": 4.41,
    "weightedAverageShsOut": 74700000,
    "weightedAverageShsOutDil": 75800000,
    "link": "https://www.sec.gov/Archives/edgar/data/1037038/000103703820000007/0001037038-20-000007-index.htm",
    "finalLink": "https://www.sec.gov/Archives/edgar/data/1037038/000103703820000007/rl-20191228x10q.htm"
  },
  {
    "date": "2019-09-28",
    "symbol": "RL",
    "reportedCurrency": "USD",
    "cik": "0001037038",
    "fillingDate": "2019-11-07",
    "acceptedDate": "2019-11-07 11:11:16",
    "calendarYear": "2020",
    "period": "Q2",
    "revenue": 1706200000,
    "costOfRevenue": 657200000,
    "grossProfit": 1049000000,
    "grossProfitRatio": 0.6148165514,
    "researchAndDevelopmentExpenses": 0,
    "generalAndAdministrativeExpenses": 796700000,
    "sellingAndMarketingExpenses": 0,
    "sellingGeneralAndAdministrativeExpenses": 796700000,
    "otherExpenses": 19200000,
    "operatingExpenses": 815900000,
    "costAndExpenses": 1473100000,
    "interestIncome": 9600000,
    "interestExpense": 4400000,
    "depreciationAndAmortization": 66600000,
    "ebitda": 307600000,
    "ebitdaratio": 0.1802836713,
    "operatingIncome": 233100000,
    "operatingIncomeRatio": 0.1366193881,
    "totalOtherIncomeExpensesNet": 3500000,
    "incomeBeforeTax": 236600000,
    "incomeBeforeTaxRatio": 0.1386707303,
    "incomeTaxExpense": 54500000,
    "netIncome": 182100000,
    "netIncomeRatio": 0.1067284023,
    "eps": 2.37,
    "epsdiluted": 2.34,
    "weightedAverageShsOut": 76700000,
    "weightedAverageShsOutDil": 77900000,
    "link": "https://www.sec.gov/Archives/edgar/data/1037038/000103703819000010/0001037038-19-000010-index.htm",
    "finalLink": "https://www.sec.gov/Archives/edgar/data/1037038/000103703819000010/rl-20190928x10q.htm"
  },
  {
    "date": "2019-06-29",
    "symbol": "RL",
    "reportedCurrency": "USD",
    "cik": "0001037038",
    "fillingDate": "2019-08-01",
    "acceptedDate": "2019-08-01 16:05:40",
    "calendarYear": "2020",
    "period": "Q1",
    "revenue": 1428800000,
    "costOfRevenue": 508000000,
    "grossProfit": 920800000,
    "grossProfitRatio": 0.6444568869,
    "researchAndDevelopmentExpenses": 0,
    "generalAndAdministrativeExpenses": 769300000,
    "sellingAndMarketingExpenses": 0,
    "sellingGeneralAndAdministrativeExpenses": 769300000,
    "otherExpenses": 8200000,
    "operatingExpenses": 777500000,
    "costAndExpenses": 1285500000,
    "interestIncome": 11600000,
    "interestExpense": 4200000,
    "depreciationAndAmortization": 66200000,
    "ebitda": 217000000,
    "ebitdaratio": 0.1518756999,
    "operatingIncome": 143300000,
    "operatingIncomeRatio": 0.100293953,
    "totalOtherIncomeExpensesNet": 3300000,
    "incomeBeforeTax": 146600000,
    "incomeBeforeTaxRatio": 0.1026035834,
    "incomeTaxExpense": 29500000,
    "netIncome": 117100000,
    "netIncomeRatio": 0.0819568869,
    "eps": 1.5,
    "epsdiluted": 1.47,
    "weightedAverageShsOut": 78200000,
    "weightedAverageShsOutDil": 79900000,
    "link": "https://www.sec.gov/Archives/edgar/data/1037038/000103703819000008/0001037038-19-000008-index.htm",
    "finalLink": "https://www.sec.gov/Archives/edgar/data/1037038/000103703819000008/rl-20190629x10q.htm"
  },
  {
    "date": "2019-03-30",
    "symbol": "RL",
    "reportedCurrency": "USD",
    "cik": "0001037038",
    "fillingDate": "2019-05-16",
    "acceptedDate": "2019-05-16 16:39:12",
    "calendarYear": "2019",
    "period": "Q4",
    "revenue": 1505700000,
    "costOfRevenue": 604200000,
    "grossProfit": 901500000,
    "grossProfitRatio": 0.5987248456,
    "researchAndDevelopmentExpenses": 0,
    "generalAndAdministrativeExpenses": 0,
    "sellingAndMarketingExpenses": 0,
    "sellingGeneralAndAdministrativeExpenses": 845900000,
    "otherExpenses": 27700000,
    "operatingExpenses": 873600000,
    "costAndExpenses": 1477800000,
    "interestIncome": 11300000,
    "interestExpense": 5100000,
    "depreciationAndAmortization": 69300000,
    "ebitda": 109700000,
    "ebitdaratio": 0.0728564787,
    "operatingIncome": 27900000,
    "operatingIncomeRatio": 0.0185295876,
    "totalOtherIncomeExpensesNet": 7400000,
    "incomeBeforeTax": 35300000,
    "incomeBeforeTaxRatio": 0.0234442452,
    "incomeTaxExpense": 3700000,
    "netIncome": 31600000,
    "netIncomeRatio": 0.0209869164,
    "eps": 0.4,
    "epsdiluted": 0.39,
    "weightedAverageShsOut": 79000000,
    "weightedAverageShsOutDil": 80100000,
    "link": "https://www.sec.gov/Archives/edgar/data/1037038/000103703819000005/0001037038-19-000005-index.htm",
    "finalLink": "https://www.sec.gov/Archives/edgar/data/1037038/000103703819000005/rl-20190330x10k.htm"
  },
  {
    "date": "2018-12-29",
    "symbol": "RL",
    "reportedCurrency": "USD",
    "cik": "0001037038",
    "fillingDate": "2019-02-07",
    "acceptedDate": "2019-02-07 16:11:02",
    "calendarYear": "2019",
    "period": "Q3",
    "revenue": 1725800000,
    "costOfRevenue": 666300000,
    "grossProfit": 1059500000,
    "grossProfitRatio": 0.6139181829,
    "researchAndDevelopmentExpenses": 0,
    "generalAndAdministrativeExpenses": 826900000,
    "sellingAndMarketingExpenses": 0,
    "sellingGeneralAndAdministrativeExpenses": 826900000,
    "otherExpenses": 38800000,
    "operatingExpenses": 865700000,
    "costAndExpenses": 1532000000,
    "interestIncome": 9900000,
    "interestExpense": 5200000,
    "depreciationAndAmortization": 72000000,
    "ebitda": 276700000,
    "ebitdaratio": 0.1603314405,
    "operatingIncome": 193800000,
    "operatingIncomeRatio": 0.1122957469,
    "totalOtherIncomeExpensesNet": 5700000,
    "incomeBeforeTax": 199500000,
    "incomeBeforeTaxRatio": 0.115598563,
    "incomeTaxExpense": 79500000,
    "netIncome": 120000000,
    "netIncomeRatio": 0.0695329702,
    "eps": 1.5,
    "epsdiluted": 1.48,
    "weightedAverageShsOut": 80200000,
    "weightedAverageShsOutDil": 81200000,
    "link": "https://www.sec.gov/Archives/edgar/data/1037038/000103703819000002/0001037038-19-000002-index.htm",
    "finalLink": "https://www.sec.gov/Archives/edgar/data/1037038/000103703819000002/rl-20181229x10q.htm"
  },
  {
    "date": "2018-09-29",
    "symbol": "RL",
    "reportedCurrency": "USD",
    "cik": "0001037038",
    "fillingDate": "2018-11-08",
    "acceptedDate": "2018-11-08 17:10:11",
    "calendarYear": "2019",
    "period": "Q2",
    "revenue": 1690900000,
    "costOfRevenue": 661600000,
    "grossProfit": 1029300000,
    "grossProfitRatio": 0.6087290792,
    "researchAndDevelopmentExpenses": 0,
    "generalAndAdministrativeExpenses": 797100000,
    "sellingAndMarketingExpenses": 0,
    "sellingGeneralAndAdministrativeExpenses": 797100000,
    "otherExpenses": 22200000,
    "operatingExpenses": 819300000,
    "costAndExpenses": 1480900000,
    "interestIncome": 10400000,
    "interestExpense": 6000000,
    "depreciationAndAmortization": 69700000,
    "ebitda": 290500000,
    "ebitdaratio": 0.1718019989,
    "operatingIncome": 210000000,
    "operatingIncomeRatio": 0.1241942161,
    "totalOtherIncomeExpensesNet": 4800000,
    "incomeBeforeTax": 214800000,
    "incomeBeforeTaxRatio": 0.127032941,
    "incomeTaxExpense": 44500000,
    "netIncome": 170300000,
    "netIncomeRatio": 0.1007155952,
    "eps": 2.09,
    "epsdiluted": 2.07,
    "weightedAverageShsOut": 81300000,
    "weightedAverageShsOutDil": 82300000,
    "link": "https://www.sec.gov/Archives/edgar/data/1037038/000103703818000015/0001037038-18-000015-index.htm",
    "finalLink": "https://www.sec.gov/Archives/edgar/data/1037038/000103703818000015/rl-20180929x10q.htm"
  },
  {
    "date": "2018-06-30",
    "symbol": "RL",
    "reportedCurrency": "USD",
    "cik": "0001037038",
    "fillingDate": "2018-08-03",
    "acceptedDate": "2018-08-03 16:03:37",
    "calendarYear": "2019",
    "period": "Q1",
    "revenue": 1390600000,
    "costOfRevenue": 494900000,
    "grossProfit": 895700000,
    "grossProfitRatio": 0.6441104559,
    "researchAndDevelopmentExpenses": 0,
    "generalAndAdministrativeExpenses": 749600000,
    "sellingAndMarketingExpenses": 0,
    "sellingGeneralAndAdministrativeExpenses": 749600000,
    "otherExpenses": 16000000,
    "operatingExpenses": 765600000,
    "costAndExpenses": 1260500000,
    "interestIncome": 9200000,
    "interestExpense": 4400000,
    "depreciationAndAmortization": 70300000,
    "ebitda": 207600000,
    "ebitdaratio": 0.1492880771,
    "operatingIncome": 130100000,
    "operatingIncomeRatio": 0.0935567381,
    "totalOtherIncomeExpensesNet": 2800000,
    "incomeBeforeTax": 132900000,
    "incomeBeforeTaxRatio": 0.0955702574,
    "incomeTaxExpense": 23900000,
    "netIncome": 109000000,
    "netIncomeRatio": 0.0783834316,
    "eps": 1.33,
    "epsdiluted": 1.31,
    "weightedAverageShsOut": 81900000,
    "weightedAverageShsOutDil": 83300000,
    "link": "https://www.sec.gov/Archives/edgar/data/1037038/000103703818000010/0001037038-18-000010-index.htm",
    "finalLink": "https://www.sec.gov/Archives/edgar/data/1037038/000103703818000010/rl-20180630x10q.htm"
  },
  {
    "date": "2018-03-31",
    "symbol": "RL",
    "reportedCurrency": "USD",
    "cik": "0001037038",
    "fillingDate": "2018-05-23",
    "acceptedDate": "2018-05-23 16:32:14",
    "calendarYear": "2018",
    "period": "Q4",
    "revenue": 1529200000,
    "costOfRevenue": 620700000,
    "grossProfit": 908500000,
    "grossProfitRatio": 0.594101491,
    "researchAndDevelopmentExpenses": 0,
    "generalAndAdministrativeExpenses": 0,
    "sellingAndMarketingExpenses": 0,
    "sellingGeneralAndAdministrativeExpenses": 846600000,
    "otherExpenses": 36500000,
    "operatingExpenses": 883100000,
    "costAndExpenses": 1503800000,
    "interestIncome": 5200000,
    "interestExpense": 3800000,
    "depreciationAndAmortization": 75800000,
    "ebitda": 104500000,
    "ebitdaratio": 0.068336385,
    "operatingIncome": 25400000,
    "operatingIncomeRatio": 0.0166099922,
    "totalOtherIncomeExpensesNet": -500000,
    "incomeBeforeTax": 24900000,
    "incomeBeforeTaxRatio": 0.0162830238,
    "incomeTaxExpense": -16400000,
    "netIncome": 41300000,
    "netIncomeRatio": 0.0270075857,
    "eps": 0.51,
    "epsdiluted": 0.5,
    "weightedAverageShsOut": 81700000,
    "weightedAverageShsOutDil": 82800000,
    "link": "https://www.sec.gov/Archives/edgar/data/1037038/000103703818000007/0001037038-18-000007-index.htm",
    "finalLink": "https://www.sec.gov/Archives/edgar/data/1037038/000103703818000007/rl-20180331x10k.htm"
  },
  {
    "date": "2017-12-30",
    "symbol": "RL",
    "reportedCurrency": "USD",
    "cik": "0001037038",
    "fillingDate": "2018-02-08",
    "acceptedDate": "2018-02-08 08:11:32",
    "calendarYear": "2018",
    "period": "Q3",
    "revenue": 1641800000,
    "costOfRevenue": 645600000,
    "grossProfit": 996200000,
    "grossProfitRatio": 0.606773054,
    "researchAndDevelopmentExpenses": 0,
    "generalAndAdministrativeExpenses": 0,
    "sellingAndMarketingExpenses": 0,
    "sellingGeneralAndAdministrativeExpenses": 779800000,
    "otherExpenses": 27200000,
    "operatingExpenses": 807000000,
    "costAndExpenses": 1452600000,
    "interestIncome": 3300000,
    "interestExpense": 4800000,
    "depreciationAndAmortization": 72700000,
    "ebitda": 263800000,
    "ebitdaratio": 0.1606773054,
    "operatingIncome": 189200000,
    "operatingIncomeRatio": 0.1152393714,
    "totalOtherIncomeExpensesNet": -2900000,
    "incomeBeforeTax": 186300000,
    "incomeBeforeTaxRatio": 0.1134730174,
    "incomeTaxExpense": 268100000,
    "netIncome": -81800000,
    "netIncomeRatio": -0.0498233646,
    "eps": -1,
    "epsdiluted": -1,
    "weightedAverageShsOut": 81700000,
    "weightedAverageShsOutDil": 81700000,
    "link": "https://www.sec.gov/Archives/edgar/data/1037038/000103703818000005/0001037038-18-000005-index.htm",
    "finalLink": "https://www.sec.gov/Archives/edgar/data/1037038/000103703818000005/rl-20171230x10q.htm"
  },
  {
    "date": "2017-09-30",
    "symbol": "RL",
    "reportedCurrency": "USD",
    "cik": "0001037038",
    "fillingDate": "2017-11-09",
    "acceptedDate": "2017-11-09 08:57:37",
    "calendarYear": "2018",
    "period": "Q2",
    "revenue": 1664200000,
    "costOfRevenue": 668400000,
    "grossProfit": 995800000,
    "grossProfitRatio": 0.5983655811,
    "researchAndDevelopmentExpenses": 0,
    "generalAndAdministrativeExpenses": 0,
    "sellingAndMarketingExpenses": 0,
    "sellingGeneralAndAdministrativeExpenses": 772700000,
    "otherExpenses": 29800000,
    "operatingExpenses": 802500000,
    "costAndExpenses": 1470900000,
    "interestIncome": 2300000,
    "interestExpense": 4600000,
    "depreciationAndAmortization": 73800000,
    "ebitda": 269600000,
    "ebitdaratio": 0.1619997596,
    "operatingIncome": 193300000,
    "operatingIncomeRatio": 0.1161519048,
    "totalOtherIncomeExpensesNet": -2100000,
    "incomeBeforeTax": 191200000,
    "incomeBeforeTaxRatio": 0.1148900373,
    "incomeTaxExpense": 47400000,
    "netIncome": 143800000,
    "netIncomeRatio": 0.0864078837,
    "eps": 1.76,
    "epsdiluted": 1.75,
    "weightedAverageShsOut": 81700000,
    "weightedAverageShsOutDil": 82300000,
    "link": "https://www.sec.gov/Archives/edgar/data/1037038/000103703817000010/0001037038-17-000010-index.htm",
    "finalLink": "https://www.sec.gov/Archives/edgar/data/1037038/000103703817000010/rl-20170930x10q.htm"
  },
  {
    "date": "2017-07-01",
    "symbol": "RL",
    "reportedCurrency": "USD",
    "cik": "0001037038",
    "fillingDate": "2017-08-10",
    "acceptedDate": "2017-08-10 16:54:23",
    "calendarYear": "2018",
    "period": "Q1",
    "revenue": 1347100000,
    "costOfRevenue": 495900000,
    "grossProfit": 851200000,
    "grossProfitRatio": 0.6318758815,
    "researchAndDevelopmentExpenses": 0,
    "generalAndAdministrativeExpenses": 0,
    "sellingAndMarketingExpenses": 0,
    "sellingGeneralAndAdministrativeExpenses": 714400000,
    "otherExpenses": 46500000,
    "operatingExpenses": 760900000,
    "costAndExpenses": 1256800000,
    "interestIncome": 2000000,
    "interestExpense": 5000000,
    "depreciationAndAmortization": 72900000,
    "ebitda": 164700000,
    "ebitdaratio": 0.1222626383,
    "operatingIncome": 90300000,
    "operatingIncomeRatio": 0.0670328855,
    "totalOtherIncomeExpensesNet": -3500000,
    "incomeBeforeTax": 86800000,
    "incomeBeforeTaxRatio": 0.0644347116,
    "incomeTaxExpense": 27300000,
    "netIncome": 59500000,
    "netIncomeRatio": 0.0441689555,
    "eps": 0.73,
    "epsdiluted": 0.72,
    "weightedAverageShsOut": 81600000,
    "weightedAverageShsOutDil": 82500000,
    "link": "https://www.sec.gov/Archives/edgar/data/1037038/000103703817000008/0001037038-17-000008-index.htm",
    "finalLink": "https://www.sec.gov/Archives/edgar/data/1037038/000103703817000008/rl-20170701x10q.htm"
  },
  {
    "date": "2017-04-01",
    "symbol": "RL",
    "reportedCurrency": "USD",
    "cik": "0001037038",
    "fillingDate": "2017-05-18",
    "acceptedDate": "2017-05-18 16:10:01",
    "calendarYear": "2017",
    "period": "Q4",
    "revenue": 1565800000,
    "costOfRevenue": 746700000,
    "grossProfit": 819100000,
    "grossProfitRatio": 0.5231191723,
    "researchAndDevelopmentExpenses": 0,
    "generalAndAdministrativeExpenses": 0,
    "sellingAndMarketingExpenses": 0,
    "sellingGeneralAndAdministrativeExpenses": 759400000,
    "otherExpenses": 327500000,
    "operatingExpenses": 1086900000,
    "costAndExpenses": 1833600000,
    "interestIncome": 400000,
    "interestExpense": 1400000,
    "depreciationAndAmortization": 75500000,
    "ebitda": -192000000,
    "ebitdaratio": -0.1226210244,
    "operatingIncome": -267800000,
    "operatingIncomeRatio": -0.171030783,
    "totalOtherIncomeExpensesNet": -1100000,
    "incomeBeforeTax": -268900000,
    "incomeBeforeTaxRatio": -0.1717332993,
    "incomeTaxExpense": -64600000,
    "netIncome": -204300000,
    "netIncomeRatio": -0.1304764338,
    "eps": -2.49,
    "epsdiluted": -2.49,
    "weightedAverageShsOut": 82100000,
    "weightedAverageShsOutDil": 82100000,
    "link": "https://www.sec.gov/Archives/edgar/data/1037038/000103703817000004/0001037038-17-000004-index.htm",
    "finalLink": "https://www.sec.gov/Archives/edgar/data/1037038/000103703817000004/rl-20170401x10k.htm"
  },
  {
    "date": "2016-12-31",
    "symbol": "RL",
    "reportedCurrency": "USD",
    "cik": "0001037038",
    "fillingDate": "2017-02-09",
    "acceptedDate": "2017-02-09 07:01:47",
    "calendarYear": "2017",
    "period": "Q3",
    "revenue": 1714000000,
    "costOfRevenue": 731400000,
    "grossProfit": 983200000,
    "grossProfitRatio": 0.5736289382,
    "researchAndDevelopmentExpenses": 0,
    "generalAndAdministrativeExpenses": 0,
    "sellingAndMarketingExpenses": 0,
    "sellingGeneralAndAdministrativeExpenses": 771900000,
    "otherExpenses": 83000000,
    "operatingExpenses": 854900000,
    "costAndExpenses": 1586300000,
    "interestIncome": 2500000,
    "interestExpense": 3600000,
    "depreciationAndAmortization": 6000000,
    "ebitda": 204600000,
    "ebitdaratio": 0.119369895,
    "operatingIncome": 128300000,
    "operatingIncomeRatio": 0.0748541424,
    "totalOtherIncomeExpensesNet": -5200000,
    "incomeBeforeTax": 124000000,
    "incomeBeforeTaxRatio": 0.0723453909,
    "incomeTaxExpense": 41800000,
    "netIncome": 82000000,
    "netIncomeRatio": 0.0478413069,
    "eps": 0.98,
    "epsdiluted": 0.98,
    "weightedAverageShsOut": 82600000,
    "weightedAverageShsOutDil": 83300000,
    "link": "https://www.sec.gov/Archives/edgar/data/1037038/000103703817000002/0001037038-17-000002-index.htm",
    "finalLink": "https://www.sec.gov/Archives/edgar/data/1037038/000103703817000002/rl-20161231x10q.htm"
  },
  {
    "date": "2016-10-01",
    "symbol": "RL",
    "reportedCurrency": "USD",
    "cik": "0001037038",
    "fillingDate": "2016-11-10",
    "acceptedDate": "2016-11-10 16:03:05",
    "calendarYear": "2017",
    "period": "Q2",
    "revenue": 1821000000,
    "costOfRevenue": 866400000,
    "grossProfit": 954200000,
    "grossProfitRatio": 0.5239978034,
    "researchAndDevelopmentExpenses": 0,
    "generalAndAdministrativeExpenses": 0,
    "sellingAndMarketingExpenses": 0,
    "sellingGeneralAndAdministrativeExpenses": 803300000,
    "otherExpenses": 74600000,
    "operatingExpenses": 877900000,
    "costAndExpenses": 1744300000,
    "interestIncome": 2300000,
    "interestExpense": 4100000,
    "depreciationAndAmortization": 76000000,
    "ebitda": 153400000,
    "ebitdaratio": 0.0842394289,
    "operatingIncome": 76300000,
    "operatingIncomeRatio": 0.0419000549,
    "totalOtherIncomeExpensesNet": -2600000,
    "incomeBeforeTax": 73000000,
    "incomeBeforeTaxRatio": 0.0400878638,
    "incomeTaxExpense": 28000000,
    "netIncome": 45000000,
    "netIncomeRatio": 0.0247116969,
    "eps": 0.55,
    "epsdiluted": 0.55,
    "weightedAverageShsOut": 82700000,
    "weightedAverageShsOutDil": 83200000,
    "link": "https://www.sec.gov/Archives/edgar/data/1037038/000103703816000024/0001037038-16-000024-index.htm",
    "finalLink": "https://www.sec.gov/Archives/edgar/data/1037038/000103703816000024/rl-20161001x10q.htm"
  },
  {
    "date": "2016-07-02",
    "symbol": "RL",
    "reportedCurrency": "USD",
    "cik": "0001037038",
    "fillingDate": "2016-08-11",
    "acceptedDate": "2016-08-11 16:12:36",
    "calendarYear": "2017",
    "period": "Q1",
    "revenue": 1552000000,
    "costOfRevenue": 657600000,
    "grossProfit": 894600000,
    "grossProfitRatio": 0.5764175258,
    "researchAndDevelopmentExpenses": 0,
    "generalAndAdministrativeExpenses": 0,
    "sellingAndMarketingExpenses": 0,
    "sellingGeneralAndAdministrativeExpenses": 814700000,
    "otherExpenses": 111100000,
    "operatingExpenses": 925800000,
    "costAndExpenses": 1583400000,
    "interestIncome": 1000000,
    "interestExpense": 3400000,
    "depreciationAndAmortization": 6000000,
    "ebitda": 48600000,
    "ebitdaratio": 0.031314433,
    "operatingIncome": -31200000,
    "operatingIncomeRatio": -0.0201030928,
    "totalOtherIncomeExpensesNet": -2000000,
    "incomeBeforeTax": -33000000,
    "incomeBeforeTaxRatio": -0.0212628866,
    "incomeTaxExpense": -10900000,
    "netIncome": -22000000,
    "netIncomeRatio": -0.0141752577,
    "eps": -0.27,
    "epsdiluted": -0.26,
    "weightedAverageShsOut": 82592592,
    "weightedAverageShsOutDil": 83300000,
    "link": "https://www.sec.gov/Archives/edgar/data/1037038/000103703816000022/0001037038-16-000022-index.htm",
    "finalLink": "https://www.sec.gov/Archives/edgar/data/1037038/000103703816000022/rl-20160702x10q.htm"
  },
  {
    "date": "2016-04-02",
    "symbol": "RL",
    "reportedCurrency": "USD",
    "cik": "0001037038",
    "fillingDate": "2016-05-19",
    "acceptedDate": "2016-05-19 16:06:04",
    "calendarYear": "2016",
    "period": "Q4",
    "revenue": 1871000000,
    "costOfRevenue": 857000000,
    "grossProfit": 1014000000,
    "grossProfitRatio": 0.5419561732,
    "researchAndDevelopmentExpenses": 0,
    "generalAndAdministrativeExpenses": 0,
    "sellingAndMarketingExpenses": 0,
    "sellingGeneralAndAdministrativeExpenses": 895000000,
    "otherExpenses": 52000000,
    "operatingExpenses": 947000000,
    "costAndExpenses": 1804000000,
    "interestIncome": 1000000,
    "interestExpense": 7000000,
    "depreciationAndAmortization": 7000000,
    "ebitda": 152000000,
    "ebitdaratio": 0.0812399786,
    "operatingIncome": 67000000,
    "operatingIncomeRatio": 0.0358097274,
    "totalOtherIncomeExpensesNet": -5000000,
    "incomeBeforeTax": 62000000,
    "incomeBeforeTaxRatio": 0.0331373597,
    "incomeTaxExpense": 21000000,
    "netIncome": 41000000,
    "netIncomeRatio": 0.0219134153,
    "eps": 0.49,
    "epsdiluted": 0.49,
    "weightedAverageShsOut": 83900000,
    "weightedAverageShsOutDil": 84500000,
    "link": "https://www.sec.gov/Archives/edgar/data/1037038/000103703816000019/0001037038-16-000019-index.htm",
    "finalLink": "https://www.sec.gov/Archives/edgar/data/1037038/000103703816000019/rl-20160402x10k.htm"
  },
  {
    "date": "2015-12-26",
    "symbol": "RL",
    "reportedCurrency": "USD",
    "cik": "0001037038",
    "fillingDate": "2016-02-04",
    "acceptedDate": "2016-02-04 16:07:58",
    "calendarYear": "2016",
    "period": "Q3",
    "revenue": 1946000000,
    "costOfRevenue": 852000000,
    "grossProfit": 1094000000,
    "grossProfitRatio": 0.5621788284,
    "researchAndDevelopmentExpenses": 0,
    "generalAndAdministrativeExpenses": 0,
    "sellingAndMarketingExpenses": 0,
    "sellingGeneralAndAdministrativeExpenses": 833000000,
    "otherExpenses": 72000000,
    "operatingExpenses": 905000000,
    "costAndExpenses": 1757000000,
    "interestIncome": 2000000,
    "interestExpense": 6000000,
    "depreciationAndAmortization": 76000000,
    "ebitda": 263000000,
    "ebitdaratio": 0.1351490236,
    "operatingIncome": 189000000,
    "operatingIncomeRatio": 0.0971223022,
    "totalOtherIncomeExpensesNet": -8000000,
    "incomeBeforeTax": 181000000,
    "incomeBeforeTaxRatio": 0.0930113052,
    "incomeTaxExpense": 50000000,
    "netIncome": 131000000,
    "netIncomeRatio": 0.0673175745,
    "eps": 1.55,
    "epsdiluted": 1.54,
    "weightedAverageShsOut": 84900000,
    "weightedAverageShsOutDil": 85500000,
    "link": "https://www.sec.gov/Archives/edgar/data/1037038/000103703816000016/0001037038-16-000016-index.htm",
    "finalLink": "https://www.sec.gov/Archives/edgar/data/1037038/000103703816000016/rl-20151226x10q.htm"
  },
  {
    "date": "2015-09-26",
    "symbol": "RL",
    "reportedCurrency": "USD",
    "cik": "0001037038",
    "fillingDate": "2015-11-05",
    "acceptedDate": "2015-11-05 16:03:54",
    "calendarYear": "2016",
    "period": "Q2",
    "revenue": 1970000000,
    "costOfRevenue": 857000000,
    "grossProfit": 1113000000,
    "grossProfitRatio": 0.5649746193,
    "researchAndDevelopmentExpenses": 0,
    "generalAndAdministrativeExpenses": 0,
    "sellingAndMarketingExpenses": 0,
    "sellingGeneralAndAdministrativeExpenses": 839000000,
    "otherExpenses": 44000000,
    "operatingExpenses": 883000000,
    "costAndExpenses": 1740000000,
    "interestIncome": 1000000,
    "interestExpense": 4000000,
    "depreciationAndAmortization": 77000000,
    "ebitda": 300000000,
    "ebitdaratio": 0.152284264,
    "operatingIncome": 230000000,
    "operatingIncomeRatio": 0.116751269,
    "totalOtherIncomeExpensesNet": -11000000,
    "incomeBeforeTax": 219000000,
    "incomeBeforeTaxRatio": 0.1111675127,
    "incomeTaxExpense": 59000000,
    "netIncome": 160000000,
    "netIncomeRatio": 0.0812182741,
    "eps": 1.87,
    "epsdiluted": 1.86,
    "weightedAverageShsOut": 85600000,
    "weightedAverageShsOutDil": 86000000,
    "link": "https://www.sec.gov/Archives/edgar/data/1037038/000103703815000013/0001037038-15-000013-index.htm",
    "finalLink": "https://www.sec.gov/Archives/edgar/data/1037038/000103703815000013/rl-20150926x10q.htm"
  },
  {
    "date": "2015-06-27",
    "symbol": "RL",
    "reportedCurrency": "USD",
    "cik": "0001037038",
    "fillingDate": "2015-08-06",
    "acceptedDate": "2015-08-06 16:11:33",
    "calendarYear": "2016",
    "period": "Q1",
    "revenue": 1618000000,
    "costOfRevenue": 652000000,
    "grossProfit": 966000000,
    "grossProfitRatio": 0.5970333745,
    "researchAndDevelopmentExpenses": 0,
    "generalAndAdministrativeExpenses": 0,
    "sellingAndMarketingExpenses": 0,
    "sellingGeneralAndAdministrativeExpenses": 822000000,
    "otherExpenses": 48000000,
    "operatingExpenses": 870000000,
    "costAndExpenses": 1522000000,
    "interestIncome": 2000000,
    "interestExpense": 4000000,
    "depreciationAndAmortization": 6000000,
    "ebitda": 168000000,
    "ebitdaratio": 0.1038318912,
    "operatingIncome": 96000000,
    "operatingIncomeRatio": 0.0593325093,
    "totalOtherIncomeExpensesNet": -6000000,
    "incomeBeforeTax": 90000000,
    "incomeBeforeTaxRatio": 0.0556242274,
    "incomeTaxExpense": 26000000,
    "netIncome": 64000000,
    "netIncomeRatio": 0.0395550062,
    "eps": 0.74,
    "epsdiluted": 0.73,
    "weightedAverageShsOut": 86500000,
    "weightedAverageShsOutDil": 87500000,
    "link": "https://www.sec.gov/Archives/edgar/data/1037038/000103703815000009/0001037038-15-000009-index.htm",
    "finalLink": "https://www.sec.gov/Archives/edgar/data/1037038/000103703815000009/rl-20150627x10q.htm"
  },
  {
    "date": "2015-03-28",
    "symbol": "RL",
    "reportedCurrency": "USD",
    "cik": "0001037038",
    "fillingDate": "2015-05-15",
    "acceptedDate": "2015-05-15 16:14:51",
    "calendarYear": "2015",
    "period": "Q4",
    "revenue": 1885000000,
    "costOfRevenue": 841000000,
    "grossProfit": 1044000000,
    "grossProfitRatio": 0.5538461538,
    "researchAndDevelopmentExpenses": 0,
    "generalAndAdministrativeExpenses": 0,
    "sellingAndMarketingExpenses": 0,
    "sellingGeneralAndAdministrativeExpenses": 838000000,
    "otherExpenses": 16000000,
    "operatingExpenses": 854000000,
    "costAndExpenses": 1695000000,
    "interestIncome": 2000000,
    "interestExpense": 5000000,
    "depreciationAndAmortization": 6000000,
    "ebitda": 253000000,
    "ebitdaratio": 0.1342175066,
    "operatingIncome": 190000000,
    "operatingIncomeRatio": 0.100795756,
    "totalOtherIncomeExpensesNet": -17000000,
    "incomeBeforeTax": 173000000,
    "incomeBeforeTaxRatio": 0.0917771883,
    "incomeTaxExpense": 49000000,
    "netIncome": 124000000,
    "netIncomeRatio": 0.0657824934,
    "eps": 1.43,
    "epsdiluted": 1.41,
    "weightedAverageShsOut": 87300000,
    "weightedAverageShsOutDil": 88200000,
    "link": "https://www.sec.gov/Archives/edgar/data/1037038/000103703815000006/0001037038-15-000006-index.htm",
    "finalLink": "https://www.sec.gov/Archives/edgar/data/1037038/000103703815000006/rl-20150328x10k.htm"
  },
  {
    "date": "2014-12-27",
    "symbol": "RL",
    "reportedCurrency": "USD",
    "cik": "0001037038",
    "fillingDate": "2015-02-04",
    "acceptedDate": "2015-02-04 16:09:24",
    "calendarYear": "2015",
    "period": "Q3",
    "revenue": 2033000000,
    "costOfRevenue": 874000000,
    "grossProfit": 1159000000,
    "grossProfitRatio": 0.5700934579,
    "researchAndDevelopmentExpenses": 0,
    "generalAndAdministrativeExpenses": 0,
    "sellingAndMarketingExpenses": 0,
    "sellingGeneralAndAdministrativeExpenses": 837000000,
    "otherExpenses": 7000000,
    "operatingExpenses": 844000000,
    "costAndExpenses": 1718000000,
    "interestIncome": 0,
    "interestExpense": 3000000,
    "depreciationAndAmortization": 78000000,
    "ebitda": 382000000,
    "ebitdaratio": 0.1878996557,
    "operatingIncome": 315000000,
    "operatingIncomeRatio": 0.1549434333,
    "totalOtherIncomeExpensesNet": -14000000,
    "incomeBeforeTax": 301000000,
    "incomeBeforeTaxRatio": 0.1480570585,
    "incomeTaxExpense": 86000000,
    "netIncome": 215000000,
    "netIncomeRatio": 0.1057550418,
    "eps": 2.44,
    "epsdiluted": 2.41,
    "weightedAverageShsOut": 88100000,
    "weightedAverageShsOutDil": 89000000,
    "link": "https://www.sec.gov/Archives/edgar/data/1037038/000103703815000003/0001037038-15-000003-index.htm",
    "finalLink": "https://www.sec.gov/Archives/edgar/data/1037038/000103703815000003/rl-20141227x10q.htm"
  },
  {
    "date": "2014-09-27",
    "symbol": "RL",
    "reportedCurrency": "USD",
    "cik": "0001037038",
    "fillingDate": "2014-10-30",
    "acceptedDate": "2014-10-30 16:19:58",
    "calendarYear": "2015",
    "period": "Q2",
    "revenue": 1994000000,
    "costOfRevenue": 862000000,
    "grossProfit": 1132000000,
    "grossProfitRatio": 0.5677031093,
    "researchAndDevelopmentExpenses": 0,
    "generalAndAdministrativeExpenses": 0,
    "sellingAndMarketingExpenses": 0,
    "sellingGeneralAndAdministrativeExpenses": 836000000,
    "otherExpenses": 10000000,
    "operatingExpenses": 846000000,
    "costAndExpenses": 1708000000,
    "interestIncome": 3000000,
    "interestExpense": 5000000,
    "depreciationAndAmortization": 7000000,
    "ebitda": 355000000,
    "ebitdaratio": 0.1780341023,
    "operatingIncome": 286000000,
    "operatingIncomeRatio": 0.1434302909,
    "totalOtherIncomeExpensesNet": -8000000,
    "incomeBeforeTax": 278000000,
    "incomeBeforeTaxRatio": 0.1394182548,
    "incomeTaxExpense": 77000000,
    "netIncome": 201000000,
    "netIncomeRatio": 0.1008024072,
    "eps": 2.27,
    "epsdiluted": 2.25,
    "weightedAverageShsOut": 88400000,
    "weightedAverageShsOutDil": 89200000,
    "link": "https://www.sec.gov/Archives/edgar/data/1037038/000103703814000014/0001037038-14-000014-index.htm",
    "finalLink": "https://www.sec.gov/Archives/edgar/data/1037038/000103703814000014/rl-20140927x10q.htm"
  },
  {
    "date": "2014-06-28",
    "symbol": "RL",
    "reportedCurrency": "USD",
    "cik": "0001037038",
    "fillingDate": "2014-08-07",
    "acceptedDate": "2014-08-07 16:04:14",
    "calendarYear": "2015",
    "period": "Q1",
    "revenue": 1708000000,
    "costOfRevenue": 665000000,
    "grossProfit": 1043000000,
    "grossProfitRatio": 0.6106557377,
    "researchAndDevelopmentExpenses": 0,
    "generalAndAdministrativeExpenses": 0,
    "sellingAndMarketingExpenses": 0,
    "sellingGeneralAndAdministrativeExpenses": 788000000,
    "otherExpenses": 11000000,
    "operatingExpenses": 799000000,
    "costAndExpenses": 1464000000,
    "interestIncome": 1000000,
    "interestExpense": 4000000,
    "depreciationAndAmortization": 6000000,
    "ebitda": 308000000,
    "ebitdaratio": 0.1803278689,
    "operatingIncome": 244000000,
    "operatingIncomeRatio": 0.1428571429,
    "totalOtherIncomeExpensesNet": -9000000,
    "incomeBeforeTax": 235000000,
    "incomeBeforeTaxRatio": 0.137587822,
    "incomeTaxExpense": 73000000,
    "netIncome": 162000000,
    "netIncomeRatio": 0.0948477752,
    "eps": 1.82,
    "epsdiluted": 1.8,
    "weightedAverageShsOut": 88900000,
    "weightedAverageShsOutDil": 90200000,
    "link": "https://www.sec.gov/Archives/edgar/data/1037038/000103703814000009/0001037038-14-000009-index.htm",
    "finalLink": "https://www.sec.gov/Archives/edgar/data/1037038/000103703814000009/rl-20140628x10q.htm"
  },
  {
    "date": "2014-03-29",
    "symbol": "RL",
    "reportedCurrency": "USD",
    "cik": "0001037038",
    "fillingDate": "2014-05-15",
    "acceptedDate": "2014-05-15 16:58:03",
    "calendarYear": "2014",
    "period": "Q4",
    "revenue": 1867000000,
    "costOfRevenue": 817000000,
    "grossProfit": 1050000000,
    "grossProfitRatio": 0.5623995715,
    "researchAndDevelopmentExpenses": 0,
    "generalAndAdministrativeExpenses": 0,
    "sellingAndMarketingExpenses": 0,
    "sellingGeneralAndAdministrativeExpenses": 815000000,
    "otherExpenses": 10000000,
    "operatingExpenses": 825000000,
    "costAndExpenses": 1642000000,
    "interestIncome": 0,
    "interestExpense": 4000000,
    "depreciationAndAmortization": 7000000,
    "ebitda": 288000000,
    "ebitdaratio": 0.1542581682,
    "operatingIncome": 225000000,
    "operatingIncomeRatio": 0.1205141939,
    "totalOtherIncomeExpensesNet": -6000000,
    "incomeBeforeTax": 219000000,
    "incomeBeforeTaxRatio": 0.1173004821,
    "incomeTaxExpense": 66000000,
    "netIncome": 153000000,
    "netIncomeRatio": 0.0819496518,
    "eps": 1.71,
    "epsdiluted": 1.68,
    "weightedAverageShsOut": 89200000,
    "weightedAverageShsOutDil": 90900000,
    "link": "https://www.sec.gov/Archives/edgar/data/1037038/000103703814000006/0001037038-14-000006-index.htm",
    "finalLink": "https://www.sec.gov/Archives/edgar/data/1037038/000103703814000006/rl-20140329x10k.htm"
  },
  {
    "date": "2013-12-28",
    "symbol": "RL",
    "reportedCurrency": "USD",
    "cik": "0001037038",
    "fillingDate": "2014-02-05",
    "acceptedDate": "2014-02-05 16:02:22",
    "calendarYear": "2014",
    "period": "Q3",
    "revenue": 2015000000,
    "costOfRevenue": 843000000,
    "grossProfit": 1172000000,
    "grossProfitRatio": 0.5816377171,
    "researchAndDevelopmentExpenses": 0,
    "generalAndAdministrativeExpenses": 0,
    "sellingAndMarketingExpenses": 0,
    "sellingGeneralAndAdministrativeExpenses": 815000000,
    "otherExpenses": 23000000,
    "operatingExpenses": 838000000,
    "costAndExpenses": 1681000000,
    "interestIncome": 0,
    "interestExpense": 4000000,
    "depreciationAndAmortization": 67000000,
    "ebitda": 395000000,
    "ebitdaratio": 0.1960297767,
    "operatingIncome": 334000000,
    "operatingIncomeRatio": 0.1657568238,
    "totalOtherIncomeExpensesNet": -10000000,
    "incomeBeforeTax": 324000000,
    "incomeBeforeTaxRatio": 0.1607940447,
    "incomeTaxExpense": 87000000,
    "netIncome": 237000000,
    "netIncomeRatio": 0.117617866,
    "eps": 2.62,
    "epsdiluted": 2.57,
    "weightedAverageShsOut": 90100000,
    "weightedAverageShsOutDil": 91800000,
    "link": "https://www.sec.gov/Archives/edgar/data/1037038/000103703814000003/0001037038-14-000003-index.htm",
    "finalLink": "https://www.sec.gov/Archives/edgar/data/1037038/000103703814000003/rl-20131228x10q.htm"
  },
  {
    "date": "2013-09-28",
    "symbol": "RL",
    "reportedCurrency": "USD",
    "cik": "0001037038",
    "fillingDate": "2013-11-06",
    "acceptedDate": "2013-11-06 16:14:49",
    "calendarYear": "2014",
    "period": "Q2",
    "revenue": 1915000000,
    "costOfRevenue": 831000000,
    "grossProfit": 1084000000,
    "grossProfitRatio": 0.5660574413,
    "researchAndDevelopmentExpenses": 0,
    "generalAndAdministrativeExpenses": 0,
    "sellingAndMarketingExpenses": 0,
    "sellingGeneralAndAdministrativeExpenses": 777000000,
    "otherExpenses": 12000000,
    "operatingExpenses": 789000000,
    "costAndExpenses": 1620000000,
    "interestIncome": 2000000,
    "interestExpense": 7000000,
    "depreciationAndAmortization": 66000000,
    "ebitda": 361000000,
    "ebitdaratio": 0.1885117493,
    "operatingIncome": 295000000,
    "operatingIncomeRatio": 0.1540469974,
    "totalOtherIncomeExpensesNet": -7000000,
    "incomeBeforeTax": 288000000,
    "incomeBeforeTaxRatio": 0.1503916449,
    "incomeTaxExpense": 83000000,
    "netIncome": 205000000,
    "netIncomeRatio": 0.1070496084,
    "eps": 2.28,
    "epsdiluted": 2.23,
    "weightedAverageShsOut": 90400000,
    "weightedAverageShsOutDil": 92200000,
    "link": "https://www.sec.gov/Archives/edgar/data/1037038/000103703813000021/0001037038-13-000021-index.htm",
    "finalLink": "https://www.sec.gov/Archives/edgar/data/1037038/000103703813000021/rl-20130928x10q.htm"
  },
  {
    "date": "2013-06-29",
    "symbol": "RL",
    "reportedCurrency": "USD",
    "cik": "0001037038",
    "fillingDate": "2013-08-08",
    "acceptedDate": "2013-08-08 16:16:34",
    "calendarYear": "2014",
    "period": "Q1",
    "revenue": 1653000000,
    "costOfRevenue": 649000000,
    "grossProfit": 1004000000,
    "grossProfitRatio": 0.6073805203,
    "researchAndDevelopmentExpenses": 0,
    "generalAndAdministrativeExpenses": 0,
    "sellingAndMarketingExpenses": 0,
    "sellingGeneralAndAdministrativeExpenses": 735000000,
    "otherExpenses": -7000000,
    "operatingExpenses": 728000000,
    "costAndExpenses": 1377000000,
    "interestIncome": 2000000,
    "interestExpense": 5000000,
    "depreciationAndAmortization": 9000000,
    "ebitda": 330000000,
    "ebitdaratio": 0.1996370236,
    "operatingIncome": 276000000,
    "operatingIncomeRatio": 0.166969147,
    "totalOtherIncomeExpensesNet": -11000000,
    "incomeBeforeTax": 265000000,
    "incomeBeforeTaxRatio": 0.1603145796,
    "incomeTaxExpense": 84000000,
    "netIncome": 181000000,
    "netIncomeRatio": 0.1094978826,
    "eps": 1.99,
    "epsdiluted": 1.94,
    "weightedAverageShsOut": 90800000,
    "weightedAverageShsOutDil": 93100000,
    "link": "https://www.sec.gov/Archives/edgar/data/1037038/000103703813000014/0001037038-13-000014-index.htm",
    "finalLink": "https://www.sec.gov/Archives/edgar/data/1037038/000103703813000014/rl-20130629x10q.htm"
  },
  {
    "date": "2013-03-30",
    "symbol": "RL",
    "reportedCurrency": "USD",
    "cik": "0001037038",
    "fillingDate": "2013-05-23",
    "acceptedDate": "2013-05-23 16:18:28",
    "calendarYear": "2013",
    "period": "Q4",
    "revenue": 1643300000,
    "costOfRevenue": 669000000,
    "grossProfit": 974300000,
    "grossProfitRatio": 0.5928923508,
    "researchAndDevelopmentExpenses": 0,
    "generalAndAdministrativeExpenses": 0,
    "sellingAndMarketingExpenses": 0,
    "sellingGeneralAndAdministrativeExpenses": 770900000,
    "otherExpenses": 21400000,
    "operatingExpenses": 792300000,
    "costAndExpenses": 1461300000,
    "interestIncome": 1600000,
    "interestExpense": 5600000,
    "depreciationAndAmortization": 58300000,
    "ebitda": 232500000,
    "ebitdaratio": 0.1414836001,
    "operatingIncome": 182000000,
    "operatingIncomeRatio": 0.1107527536,
    "totalOtherIncomeExpensesNet": -13400000,
    "incomeBeforeTax": 168600000,
    "incomeBeforeTaxRatio": 0.10259843,
    "incomeTaxExpense": 41400000,
    "netIncome": 127200000,
    "netIncomeRatio": 0.0774052212,
    "eps": 1.37,
    "epsdiluted": 1.37,
    "weightedAverageShsOut": 90400000,
    "weightedAverageShsOutDil": 93100000,
    "link": "https://www.sec.gov/Archives/edgar/data/1037038/000103703813000009/0001037038-13-000009-index.htm",
    "finalLink": "https://www.sec.gov/Archives/edgar/data/1037038/000103703813000009/rl-20130330x10k.htm"
  },
  {
    "date": "2012-12-29",
    "symbol": "RL",
    "reportedCurrency": "USD",
    "cik": "0001037038",
    "fillingDate": "2013-02-06",
    "acceptedDate": "2013-02-06 17:08:22",
    "calendarYear": "2013",
    "period": "Q3",
    "revenue": 1846100000,
    "costOfRevenue": 752000000,
    "grossProfit": 1094000000,
    "grossProfitRatio": 0.5926006175,
    "researchAndDevelopmentExpenses": 0,
    "generalAndAdministrativeExpenses": 0,
    "sellingAndMarketingExpenses": 0,
    "sellingGeneralAndAdministrativeExpenses": 768000000,
    "otherExpenses": 21000000,
    "operatingExpenses": 789000000,
    "costAndExpenses": 1541000000,
    "interestIncome": 1500000,
    "interestExpense": 5000000,
    "depreciationAndAmortization": 6800000,
    "ebitda": 361000000,
    "ebitdaratio": 0.1955473701,
    "operatingIncome": 305000000,
    "operatingIncomeRatio": 0.1652131521,
    "totalOtherIncomeExpensesNet": -10000000,
    "incomeBeforeTax": 294600000,
    "incomeBeforeTaxRatio": 0.1595796544,
    "incomeTaxExpense": 79000000,
    "netIncome": 215700000,
    "netIncomeRatio": 0.1168409079,
    "eps": 2.37,
    "epsdiluted": 2.31,
    "weightedAverageShsOut": 91100000,
    "weightedAverageShsOutDil": 93300000,
    "link": "https://www.sec.gov/Archives/edgar/data/1037038/000103703813000005/0001037038-13-000005-index.htm",
    "finalLink": "https://www.sec.gov/Archives/edgar/data/1037038/000103703813000005/rl-20121229x10q.htm"
  },
  {
    "date": "2012-09-29",
    "symbol": "RL",
    "reportedCurrency": "USD",
    "cik": "0001037038",
    "fillingDate": "2012-11-02",
    "acceptedDate": "2012-11-02 16:09:19",
    "calendarYear": "2013",
    "period": "Q2",
    "revenue": 1862000000,
    "costOfRevenue": 767000000,
    "grossProfit": 1095000000,
    "grossProfitRatio": 0.5880773362,
    "researchAndDevelopmentExpenses": 0,
    "generalAndAdministrativeExpenses": 0,
    "sellingAndMarketingExpenses": 0,
    "sellingGeneralAndAdministrativeExpenses": 741000000,
    "otherExpenses": 6000000,
    "operatingExpenses": 747000000,
    "costAndExpenses": 1514000000,
    "interestIncome": 1300000,
    "interestExpense": 6000000,
    "depreciationAndAmortization": 57300000,
    "ebitda": 405000000,
    "ebitdaratio": 0.2175080559,
    "operatingIncome": 348000000,
    "operatingIncomeRatio": 0.186895811,
    "totalOtherIncomeExpensesNet": -6000000,
    "incomeBeforeTax": 342200000,
    "incomeBeforeTaxRatio": 0.1837808808,
    "incomeTaxExpense": 128000000,
    "netIncome": 213700000,
    "netIncomeRatio": 0.1147690655,
    "eps": 2.34,
    "epsdiluted": 2.29,
    "weightedAverageShsOut": 91300000,
    "weightedAverageShsOutDil": 93400000,
    "link": "https://www.sec.gov/Archives/edgar/data/1037038/000119312512449096/0001193125-12-449096-index.htm",
    "finalLink": "https://www.sec.gov/Archives/edgar/data/1037038/000119312512449096/d400171d10q.htm"
  },
  {
    "date": "2012-06-30",
    "symbol": "RL",
    "reportedCurrency": "USD",
    "cik": "0001037038",
    "fillingDate": "2012-08-09",
    "acceptedDate": "2012-08-09 16:18:37",
    "calendarYear": "2013",
    "period": "Q1",
    "revenue": 1593400000,
    "costOfRevenue": 601000000,
    "grossProfit": 992000000,
    "grossProfitRatio": 0.6225680934,
    "researchAndDevelopmentExpenses": 0,
    "generalAndAdministrativeExpenses": 0,
    "sellingAndMarketingExpenses": 0,
    "sellingGeneralAndAdministrativeExpenses": 693000000,
    "otherExpenses": 7000000,
    "operatingExpenses": 700000000,
    "costAndExpenses": 1301000000,
    "interestIncome": 1300000,
    "interestExpense": 5000000,
    "depreciationAndAmortization": 6700000,
    "ebitda": 345000000,
    "ebitdaratio": 0.2165181373,
    "operatingIncome": 292000000,
    "operatingIncomeRatio": 0.1832559307,
    "totalOtherIncomeExpensesNet": -8000000,
    "incomeBeforeTax": 283900000,
    "incomeBeforeTaxRatio": 0.1781724614,
    "incomeTaxExpense": 91000000,
    "netIncome": 193400000,
    "netIncomeRatio": 0.1213756747,
    "eps": 2.1,
    "epsdiluted": 2.03,
    "weightedAverageShsOut": 92200000,
    "weightedAverageShsOutDil": 95100000,
    "link": "https://www.sec.gov/Archives/edgar/data/1037038/000119312512347580/0001193125-12-347580-index.htm",
    "finalLink": "https://www.sec.gov/Archives/edgar/data/1037038/000119312512347580/d364236d10q.htm"
  },
  {
    "date": "2012-03-31",
    "symbol": "RL",
    "reportedCurrency": "USD",
    "cik": "0001037038",
    "fillingDate": "2012-05-24",
    "acceptedDate": "2012-05-24 16:16:49",
    "calendarYear": "2012",
    "period": "Q4",
    "revenue": 1622900000,
    "costOfRevenue": 696500000,
    "grossProfit": 926400000,
    "grossProfitRatio": 0.5708299957,
    "researchAndDevelopmentExpenses": 0,
    "generalAndAdministrativeExpenses": 0,
    "sellingAndMarketingExpenses": 0,
    "sellingGeneralAndAdministrativeExpenses": 768300000,
    "otherExpenses": 21700000,
    "operatingExpenses": 790000000,
    "costAndExpenses": 1486500000,
    "interestIncome": 1700000,
    "interestExpense": 5700000,
    "depreciationAndAmortization": 57000000,
    "ebitda": 193700000,
    "ebitdaratio": 0.1193542424,
    "operatingIncome": 136400000,
    "operatingIncomeRatio": 0.0840470762,
    "totalOtherIncomeExpensesNet": -5400000,
    "incomeBeforeTax": 131000000,
    "incomeBeforeTaxRatio": 0.0807196993,
    "incomeTaxExpense": 36600000,
    "netIncome": 94400000,
    "netIncomeRatio": 0.058167478,
    "eps": 1.02,
    "epsdiluted": 1.02,
    "weightedAverageShsOut": 92200000,
    "weightedAverageShsOutDil": 92200000,
    "link": "https://www.sec.gov/Archives/edgar/data/1037038/000119312512247066/0001193125-12-247066-index.htm",
    "finalLink": "https://www.sec.gov/Archives/edgar/data/1037038/000119312512247066/d299519d10k.htm"
  },
  {
    "date": "2011-12-31",
    "symbol": "RL",
    "reportedCurrency": "USD",
    "cik": "0001037038",
    "fillingDate": "2012-02-08",
    "acceptedDate": "2012-02-08 17:22:42",
    "calendarYear": "2012",
    "period": "Q3",
    "revenue": 1805600000,
    "costOfRevenue": 774000000,
    "grossProfit": 1031600000,
    "grossProfitRatio": 0.5713336287,
    "researchAndDevelopmentExpenses": 0,
    "generalAndAdministrativeExpenses": 0,
    "sellingAndMarketingExpenses": 0,
    "sellingGeneralAndAdministrativeExpenses": 750700000,
    "otherExpenses": 10800000,
    "operatingExpenses": 761500000,
    "costAndExpenses": 1535500000,
    "interestIncome": 2700000,
    "interestExpense": 6300000,
    "depreciationAndAmortization": 56800000,
    "ebitda": 325200000,
    "ebitdaratio": 0.1801063358,
    "operatingIncome": 270100000,
    "operatingIncomeRatio": 0.1495901639,
    "totalOtherIncomeExpensesNet": -8000000,
    "incomeBeforeTax": 262100000,
    "incomeBeforeTaxRatio": 0.1451595038,
    "incomeTaxExpense": 93100000,
    "netIncome": 169000000,
    "netIncomeRatio": 0.0935976961,
    "eps": 1.83,
    "epsdiluted": 1.78,
    "weightedAverageShsOut": 92200000,
    "weightedAverageShsOutDil": 94900000,
    "link": "https://www.sec.gov/Archives/edgar/data/1037038/000119312512046897/0001193125-12-046897-index.htm",
    "finalLink": "https://www.sec.gov/Archives/edgar/data/1037038/000119312512046897/d274729d10q.htm"
  },
  {
    "date": "2011-10-01",
    "symbol": "RL",
    "reportedCurrency": "USD",
    "cik": "0001037038",
    "fillingDate": "2011-11-09",
    "acceptedDate": "2011-11-09 16:14:15",
    "calendarYear": "2012",
    "period": "Q2",
    "revenue": 1904600000,
    "costOfRevenue": 826000000,
    "grossProfit": 1078600000,
    "grossProfitRatio": 0.5663131366,
    "researchAndDevelopmentExpenses": 0,
    "generalAndAdministrativeExpenses": 0,
    "sellingAndMarketingExpenses": 0,
    "sellingGeneralAndAdministrativeExpenses": 671800000,
    "otherExpenses": 56000000,
    "operatingExpenses": 727800000,
    "costAndExpenses": 1553800000,
    "interestIncome": 2400000,
    "interestExpense": 6400000,
    "depreciationAndAmortization": 56000000,
    "ebitda": 409900000,
    "ebitdaratio": 0.2152157933,
    "operatingIncome": 350800000,
    "operatingIncomeRatio": 0.1841856558,
    "totalOtherIncomeExpensesNet": -3300000,
    "incomeBeforeTax": 347500000,
    "incomeBeforeTaxRatio": 0.1824530085,
    "incomeTaxExpense": 114000000,
    "netIncome": 233500000,
    "netIncomeRatio": 0.1225979208,
    "eps": 2.53,
    "epsdiluted": 2.46,
    "weightedAverageShsOut": 92200000,
    "weightedAverageShsOutDil": 94900000,
    "link": "https://www.sec.gov/Archives/edgar/data/1037038/000095012311097033/0000950123-11-097033-index.htm",
    "finalLink": "https://www.sec.gov/Archives/edgar/data/1037038/000095012311097033/y92581e10vq.htm"
  },
  {
    "date": "2011-07-02",
    "symbol": "RL",
    "reportedCurrency": "USD",
    "cik": "0001037038",
    "fillingDate": "2011-08-11",
    "acceptedDate": "2011-08-11 16:54:56",
    "calendarYear": "2012",
    "period": "Q1",
    "revenue": 1526400000,
    "costOfRevenue": 564900000,
    "grossProfit": 961500000,
    "grossProfitRatio": 0.629913522,
    "researchAndDevelopmentExpenses": 0,
    "generalAndAdministrativeExpenses": 0,
    "sellingAndMarketingExpenses": 0,
    "sellingGeneralAndAdministrativeExpenses": 672300000,
    "otherExpenses": 7100000,
    "operatingExpenses": 679400000,
    "costAndExpenses": 1244300000,
    "interestIncome": 4200000,
    "interestExpense": 6100000,
    "depreciationAndAmortization": 55400000,
    "ebitda": 336000000,
    "ebitdaratio": 0.2201257862,
    "operatingIncome": 282100000,
    "operatingIncomeRatio": 0.1848139413,
    "totalOtherIncomeExpensesNet": -7600000,
    "incomeBeforeTax": 274500000,
    "incomeBeforeTaxRatio": 0.1798349057,
    "incomeTaxExpense": 90400000,
    "netIncome": 184100000,
    "netIncomeRatio": 0.120610587,
    "eps": 1.96,
    "epsdiluted": 1.9,
    "weightedAverageShsOut": 93900000,
    "weightedAverageShsOutDil": 96800000,
    "link": "https://www.sec.gov/Archives/edgar/data/1037038/000095012311076199/0000950123-11-076199-index.htm",
    "finalLink": "https://www.sec.gov/Archives/edgar/data/1037038/000095012311076199/y87859e10vq.htm"
  },
  {
    "date": "2011-04-02",
    "symbol": "RL",
    "reportedCurrency": "USD",
    "cik": "0001037038",
    "fillingDate": "2011-05-26",
    "acceptedDate": "2011-05-26 16:27:16",
    "calendarYear": "2011",
    "period": "Q4",
    "revenue": 1426900000,
    "costOfRevenue": 616600000,
    "grossProfit": 810300000,
    "grossProfitRatio": 0.5678744131,
    "researchAndDevelopmentExpenses": 0,
    "generalAndAdministrativeExpenses": 0,
    "sellingAndMarketingExpenses": 0,
    "sellingGeneralAndAdministrativeExpenses": 682500000,
    "otherExpenses": 10600000,
    "operatingExpenses": 693100000,
    "costAndExpenses": 1309700000,
    "interestIncome": 2500000,
    "interestExpense": 5100000,
    "depreciationAndAmortization": 6900000,
    "ebitda": 167900000,
    "ebitdaratio": 0.1176676712,
    "operatingIncome": 117200000,
    "operatingIncomeRatio": 0.0821360992,
    "totalOtherIncomeExpensesNet": -5700000,
    "incomeBeforeTax": 111500000,
    "incomeBeforeTaxRatio": 0.0781414255,
    "incomeTaxExpense": 38300000,
    "netIncome": 73200000,
    "netIncomeRatio": 0.051300021,
    "eps": 0.76,
    "epsdiluted": 0.74,
    "weightedAverageShsOut": 95800000,
    "weightedAverageShsOutDil": 98600000,
    "link": "https://www.sec.gov/Archives/edgar/data/1037038/000095012311054456/0000950123-11-054456-index.htm",
    "finalLink": "https://www.sec.gov/Archives/edgar/data/1037038/000095012311054456/y91269e10vk.htm"
  },
  {
    "date": "2011-01-01",
    "symbol": "RL",
    "reportedCurrency": "USD",
    "cik": "0001037038",
    "fillingDate": "2011-02-09",
    "acceptedDate": "2011-02-09 16:47:22",
    "calendarYear": "2011",
    "period": "Q3",
    "revenue": 1548000000,
    "costOfRevenue": 640100000,
    "grossProfit": 907900000,
    "grossProfitRatio": 0.586498708,
    "researchAndDevelopmentExpenses": 0,
    "generalAndAdministrativeExpenses": 0,
    "sellingAndMarketingExpenses": 0,
    "sellingGeneralAndAdministrativeExpenses": 655300000,
    "otherExpenses": 6300000,
    "operatingExpenses": 661600000,
    "costAndExpenses": 1301700000,
    "interestIncome": 1800000,
    "interestExpense": 4300000,
    "depreciationAndAmortization": 50400000,
    "ebitda": 293100000,
    "ebitdaratio": 0.1893410853,
    "operatingIncome": 246300000,
    "operatingIncomeRatio": 0.1591085271,
    "totalOtherIncomeExpensesNet": -7900000,
    "incomeBeforeTax": 238400000,
    "incomeBeforeTaxRatio": 0.154005168,
    "incomeTaxExpense": 70000000,
    "netIncome": 168400000,
    "netIncomeRatio": 0.1087855297,
    "eps": 1.76,
    "epsdiluted": 1.72,
    "weightedAverageShsOut": 95500000,
    "weightedAverageShsOutDil": 98100000,
    "link": "https://www.sec.gov/Archives/edgar/data/1037038/000095012311011050/0000950123-11-011050-index.htm",
    "finalLink": "https://www.sec.gov/Archives/edgar/data/1037038/000095012311011050/y88981e10vq.htm"
  },
  {
    "date": "2010-10-02",
    "symbol": "RL",
    "reportedCurrency": "USD",
    "cik": "0001037038",
    "fillingDate": "2010-11-10",
    "acceptedDate": "2010-11-10 16:15:30",
    "calendarYear": "2011",
    "period": "Q2",
    "revenue": 1532100000,
    "costOfRevenue": 644200000,
    "grossProfit": 887900000,
    "grossProfitRatio": 0.5795313622,
    "researchAndDevelopmentExpenses": 0,
    "generalAndAdministrativeExpenses": 0,
    "sellingAndMarketingExpenses": 0,
    "sellingGeneralAndAdministrativeExpenses": 574300000,
    "otherExpenses": 6200000,
    "operatingExpenses": 580500000,
    "costAndExpenses": 1224700000,
    "interestIncome": 1600000,
    "interestExpense": 4400000,
    "depreciationAndAmortization": 46400000,
    "ebitda": 356800000,
    "ebitdaratio": 0.2328829711,
    "operatingIncome": 307400000,
    "operatingIncomeRatio": 0.2006396449,
    "totalOtherIncomeExpensesNet": -1400000,
    "incomeBeforeTax": 306000000,
    "incomeBeforeTaxRatio": 0.1997258665,
    "incomeTaxExpense": 100800000,
    "netIncome": 205200000,
    "netIncomeRatio": 0.1339338163,
    "eps": 2.15,
    "epsdiluted": 2.09,
    "weightedAverageShsOut": 95500000,
    "weightedAverageShsOutDil": 98000000,
    "link": "https://www.sec.gov/Archives/edgar/data/1037038/000095012310103908/0000950123-10-103908-index.htm",
    "finalLink": "https://www.sec.gov/Archives/edgar/data/1037038/000095012310103908/y86861e10vq.htm"
  },
  {
    "date": "2010-07-03",
    "symbol": "RL",
    "reportedCurrency": "USD",
    "cik": "0001037038",
    "fillingDate": "2010-08-10",
    "acceptedDate": "2010-08-10 16:49:25",
    "calendarYear": "2011",
    "period": "Q1",
    "revenue": 1153300000,
    "costOfRevenue": 441100000,
    "grossProfit": 712200000,
    "grossProfitRatio": 0.6175322986,
    "researchAndDevelopmentExpenses": 0,
    "generalAndAdministrativeExpenses": 0,
    "sellingAndMarketingExpenses": 0,
    "sellingGeneralAndAdministrativeExpenses": 532000000,
    "otherExpenses": 6000000,
    "operatingExpenses": 538000000,
    "costAndExpenses": 979100000,
    "interestIncome": 1800000,
    "interestExpense": 4500000,
    "depreciationAndAmortization": 6000000,
    "ebitda": 220000000,
    "ebitdaratio": 0.1907569583,
    "operatingIncome": 174200000,
    "operatingIncomeRatio": 0.1510448279,
    "totalOtherIncomeExpensesNet": -4700000,
    "incomeBeforeTax": 169500000,
    "incomeBeforeTaxRatio": 0.1469695656,
    "incomeTaxExpense": 48700000,
    "netIncome": 120800000,
    "netIncomeRatio": 0.1047429116,
    "eps": 1.24,
    "epsdiluted": 1.21,
    "weightedAverageShsOut": 97200000,
    "weightedAverageShsOutDil": 99900000,
    "link": "https://www.sec.gov/Archives/edgar/data/1037038/000095012310075672/0000950123-10-075672-index.htm",
    "finalLink": "https://www.sec.gov/Archives/edgar/data/1037038/000095012310075672/y85876e10vq.htm"
  },
  {
    "date": "2010-04-03",
    "symbol": "RL",
    "reportedCurrency": "USD",
    "cik": "0001037038",
    "fillingDate": "2010-06-02",
    "acceptedDate": "2010-06-02 16:17:38",
    "calendarYear": "2010",
    "period": "Q4",
    "revenue": 1337100000,
    "costOfRevenue": 547700000,
    "grossProfit": 789400000,
    "grossProfitRatio": 0.5903821704,
    "researchAndDevelopmentExpenses": 0,
    "generalAndAdministrativeExpenses": 0,
    "sellingAndMarketingExpenses": 0,
    "sellingGeneralAndAdministrativeExpenses": 612000000,
    "otherExpenses": 5600000,
    "operatingExpenses": 617600000,
    "costAndExpenses": 1165300000,
    "interestIncome": 2000000,
    "interestExpense": 5400000,
    "depreciationAndAmortization": 47700000,
    "ebitda": 220500000,
    "ebitdaratio": 0.1649091317,
    "operatingIncome": 171800000,
    "operatingIncomeRatio": 0.1284870242,
    "totalOtherIncomeExpensesNet": -4400000,
    "incomeBeforeTax": 167400000,
    "incomeBeforeTaxRatio": 0.1251963204,
    "incomeTaxExpense": 53300000,
    "netIncome": 114100000,
    "netIncomeRatio": 0.0853339316,
    "eps": 1.13,
    "epsdiluted": 1.13,
    "weightedAverageShsOut": 98300000,
    "weightedAverageShsOutDil": 100900000,
    "link": "https://www.sec.gov/Archives/edgar/data/1037038/000095012310055188/0000950123-10-055188-index.htm",
    "finalLink": "https://www.sec.gov/Archives/edgar/data/1037038/000095012310055188/y81773e10vk.htm"
  },
  {
    "date": "2009-12-26",
    "symbol": "RL",
    "reportedCurrency": "USD",
    "cik": "0001037038",
    "fillingDate": "2010-02-04",
    "acceptedDate": "2010-02-04 16:50:24",
    "calendarYear": "2010",
    "period": "Q3",
    "revenue": 1243900000,
    "costOfRevenue": 520200000,
    "grossProfit": 723700000,
    "grossProfitRatio": 0.58179918,
    "researchAndDevelopmentExpenses": 0,
    "generalAndAdministrativeExpenses": 0,
    "sellingAndMarketingExpenses": 0,
    "sellingGeneralAndAdministrativeExpenses": 540400000,
    "otherExpenses": 10800000,
    "operatingExpenses": 551200000,
    "costAndExpenses": 1071400000,
    "interestIncome": 1200000,
    "interestExpense": 4600000,
    "depreciationAndAmortization": 5300000,
    "ebitda": 214200000,
    "ebitdaratio": 0.1722003376,
    "operatingIncome": 172500000,
    "operatingIncomeRatio": 0.1386767425,
    "totalOtherIncomeExpensesNet": -7000000,
    "incomeBeforeTax": 165500000,
    "incomeBeforeTaxRatio": 0.1330492805,
    "incomeTaxExpense": 54400000,
    "netIncome": 111100000,
    "netIncomeRatio": 0.0893158614,
    "eps": 1.12,
    "epsdiluted": 1.1,
    "weightedAverageShsOut": 98800000,
    "weightedAverageShsOutDil": 101400000,
    "link": "https://www.sec.gov/Archives/edgar/data/1037038/000095012310008822/0000950123-10-008822-index.htm",
    "finalLink": "https://www.sec.gov/Archives/edgar/data/1037038/000095012310008822/y80725e10vq.htm"
  },
  {
    "date": "2009-09-26",
    "symbol": "RL",
    "reportedCurrency": "USD",
    "cik": "0001037038",
    "fillingDate": "2009-11-05",
    "acceptedDate": "2009-11-05 16:49:08",
    "calendarYear": "2010",
    "period": "Q2",
    "revenue": 1374200000,
    "costOfRevenue": 589400000,
    "grossProfit": 784800000,
    "grossProfitRatio": 0.5710959103,
    "researchAndDevelopmentExpenses": 0,
    "generalAndAdministrativeExpenses": 0,
    "sellingAndMarketingExpenses": 0,
    "sellingGeneralAndAdministrativeExpenses": 525700000,
    "otherExpenses": 13200000,
    "operatingExpenses": 538900000,
    "costAndExpenses": 1128300000,
    "interestIncome": 6400000,
    "interestExpense": 5600000,
    "depreciationAndAmortization": 5200000,
    "ebitda": 293000000,
    "ebitdaratio": 0.2132149614,
    "operatingIncome": 245900000,
    "operatingIncomeRatio": 0.1789404745,
    "totalOtherIncomeExpensesNet": -3600000,
    "incomeBeforeTax": 242300000,
    "incomeBeforeTaxRatio": 0.1763207684,
    "incomeTaxExpense": 64800000,
    "netIncome": 177500000,
    "netIncomeRatio": 0.1291660603,
    "eps": 1.79,
    "epsdiluted": 1.75,
    "weightedAverageShsOut": 99400000,
    "weightedAverageShsOutDil": 101600000,
    "link": "https://www.sec.gov/Archives/edgar/data/1037038/000095012309058474/0000950123-09-058474-index.htm",
    "finalLink": "https://www.sec.gov/Archives/edgar/data/1037038/000095012309058474/y80110e10vq.htm"
  },
  {
    "date": "2009-06-27",
    "symbol": "RL",
    "reportedCurrency": "USD",
    "cik": "0001037038",
    "fillingDate": "2009-08-06",
    "acceptedDate": "2009-08-06 16:55:43",
    "calendarYear": "2010",
    "period": "Q1",
    "revenue": 1023700000,
    "costOfRevenue": 422500000,
    "grossProfit": 601200000,
    "grossProfitRatio": 0.5872814301,
    "researchAndDevelopmentExpenses": 0,
    "generalAndAdministrativeExpenses": 0,
    "sellingAndMarketingExpenses": 0,
    "sellingGeneralAndAdministrativeExpenses": 478900000,
    "otherExpenses": 5600000,
    "operatingExpenses": 484500000,
    "costAndExpenses": 907000000,
    "interestIncome": 2800000,
    "interestExpense": 6600000,
    "depreciationAndAmortization": 44300000,
    "ebitda": 165000000,
    "ebitdaratio": 0.1611800332,
    "operatingIncome": 116700000,
    "operatingIncomeRatio": 0.1139982417,
    "totalOtherIncomeExpensesNet": -2600000,
    "incomeBeforeTax": 114100000,
    "incomeBeforeTaxRatio": 0.1114584351,
    "incomeTaxExpense": 37300000,
    "netIncome": 76800000,
    "netIncomeRatio": 0.0750219791,
    "eps": 0.77,
    "epsdiluted": 0.76,
    "weightedAverageShsOut": 99200000,
    "weightedAverageShsOutDil": 101500000,
    "link": "https://www.sec.gov/Archives/edgar/data/1037038/000095012309031280/0000950123-09-031280-index.htm",
    "finalLink": "https://www.sec.gov/Archives/edgar/data/1037038/000095012309031280/y78588e10vq.htm"
  },
  {
    "date": "2009-03-28",
    "symbol": "RL",
    "reportedCurrency": "USD",
    "cik": "0001037038",
    "fillingDate": "2009-05-27",
    "acceptedDate": "2009-05-27 16:59:12",
    "calendarYear": "2009",
    "period": "Q4",
    "revenue": 1224400000,
    "costOfRevenue": 590000000,
    "grossProfit": 634400000,
    "grossProfitRatio": 0.5181313296,
    "researchAndDevelopmentExpenses": 0,
    "generalAndAdministrativeExpenses": 0,
    "sellingAndMarketingExpenses": 0,
    "sellingGeneralAndAdministrativeExpenses": 519400000,
    "otherExpenses": 75600000,
    "operatingExpenses": 595000000,
    "costAndExpenses": 1185000000,
    "interestIncome": 0,
    "interestExpense": 0,
    "depreciationAndAmortization": 46400000,
    "ebitda": 102900000,
    "ebitdaratio": 0.084041163,
    "operatingIncome": 39400000,
    "operatingIncomeRatio": 0.0321790265,
    "totalOtherIncomeExpensesNet": -800000,
    "incomeBeforeTax": 38600000,
    "incomeBeforeTaxRatio": 0.0315256452,
    "incomeTaxExpense": -5900000,
    "netIncome": 44500000,
    "netIncomeRatio": 0.0363443319,
    "eps": 0.44,
    "epsdiluted": 0.44,
    "weightedAverageShsOut": 99200000,
    "weightedAverageShsOutDil": 100800000,
    "link": "https://www.sec.gov/Archives/edgar/data/1037038/000095012309009558/0000950123-09-009558-index.htm",
    "finalLink": "https://www.sec.gov/Archives/edgar/data/1037038/000095012309009558/y77331e10vk.htm"
  },
  {
    "date": "2008-12-27",
    "symbol": "RL",
    "reportedCurrency": "USD",
    "cik": "0001037038",
    "fillingDate": "2009-02-05",
    "acceptedDate": "2009-02-05 16:12:50",
    "calendarYear": "2009",
    "period": "Q3",
    "revenue": 1252000000,
    "costOfRevenue": 582300000,
    "grossProfit": 669700000,
    "grossProfitRatio": 0.5349041534,
    "researchAndDevelopmentExpenses": 0,
    "generalAndAdministrativeExpenses": 0,
    "sellingAndMarketingExpenses": 0,
    "sellingGeneralAndAdministrativeExpenses": 496500000,
    "otherExpenses": 6600000,
    "operatingExpenses": 503100000,
    "costAndExpenses": 1085400000,
    "interestIncome": 5400000,
    "interestExpense": 7400000,
    "depreciationAndAmortization": 44900000,
    "ebitda": 210400000,
    "ebitdaratio": 0.1680511182,
    "operatingIncome": 166600000,
    "operatingIncomeRatio": 0.1330670927,
    "totalOtherIncomeExpensesNet": -8500000,
    "incomeBeforeTax": 158100000,
    "incomeBeforeTaxRatio": 0.1262779553,
    "incomeTaxExpense": 52800000,
    "netIncome": 105300000,
    "netIncomeRatio": 0.0841054313,
    "eps": 1.07,
    "epsdiluted": 1.05,
    "weightedAverageShsOut": 98800000,
    "weightedAverageShsOutDil": 100700000,
    "link": "https://www.sec.gov/Archives/edgar/data/1037038/000095012309002036/0000950123-09-002036-index.htm",
    "finalLink": "https://www.sec.gov/Archives/edgar/data/1037038/000095012309002036/y74328e10vq.htm"
  },
  {
    "date": "2008-09-27",
    "symbol": "RL",
    "reportedCurrency": "USD",
    "cik": "0001037038",
    "fillingDate": "2008-11-06",
    "acceptedDate": "2008-11-06 17:15:29",
    "calendarYear": "2009",
    "period": "Q2",
    "revenue": 1428900000,
    "costOfRevenue": 640700000,
    "grossProfit": 788200000,
    "grossProfitRatio": 0.551613129,
    "researchAndDevelopmentExpenses": 0,
    "generalAndAdministrativeExpenses": 0,
    "sellingAndMarketingExpenses": 0,
    "sellingGeneralAndAdministrativeExpenses": 532300000,
    "otherExpenses": 13000000,
    "operatingExpenses": 545300000,
    "costAndExpenses": 1186000000,
    "interestIncome": 5900000,
    "interestExpense": 6100000,
    "depreciationAndAmortization": 47000000,
    "ebitda": 297700000,
    "ebitdaratio": 0.2083420813,
    "operatingIncome": 242900000,
    "operatingIncomeRatio": 0.1699909021,
    "totalOtherIncomeExpensesNet": 1700000,
    "incomeBeforeTax": 244600000,
    "incomeBeforeTaxRatio": 0.1711806285,
    "incomeTaxExpense": 83600000,
    "netIncome": 161000000,
    "netIncomeRatio": 0.112674085,
    "eps": 1.62,
    "epsdiluted": 1.58,
    "weightedAverageShsOut": 99300000,
    "weightedAverageShsOutDil": 101800000,
    "link": "https://www.sec.gov/Archives/edgar/data/1037038/000095012308014598/0000950123-08-014598-index.htm",
    "finalLink": "https://www.sec.gov/Archives/edgar/data/1037038/000095012308014598/y72295e10vq.htm"
  },
  {
    "date": "2008-06-28",
    "symbol": "RL",
    "reportedCurrency": "USD",
    "cik": "0001037038",
    "fillingDate": "2008-08-07",
    "acceptedDate": "2008-08-07 16:46:16",
    "calendarYear": "2009",
    "period": "Q1",
    "revenue": 1113600000,
    "costOfRevenue": 475200000,
    "grossProfit": 638400000,
    "grossProfitRatio": 0.5732758621,
    "researchAndDevelopmentExpenses": 0,
    "generalAndAdministrativeExpenses": 0,
    "sellingAndMarketingExpenses": 0,
    "sellingGeneralAndAdministrativeExpenses": 486500000,
    "otherExpenses": 5300000,
    "operatingExpenses": 491800000,
    "costAndExpenses": 967000000,
    "interestIncome": 7200000,
    "interestExpense": 7000000,
    "depreciationAndAmortization": 46100000,
    "ebitda": 199300000,
    "ebitdaratio": 0.1789691092,
    "operatingIncome": 146600000,
    "operatingIncomeRatio": 0.1316451149,
    "totalOtherIncomeExpensesNet": -400000,
    "incomeBeforeTax": 146200000,
    "incomeBeforeTaxRatio": 0.1312859195,
    "incomeTaxExpense": 51000000,
    "netIncome": 95200000,
    "netIncomeRatio": 0.0854885057,
    "eps": 0.96,
    "epsdiluted": 0.93,
    "weightedAverageShsOut": 99500000,
    "weightedAverageShsOutDil": 102100000,
    "link": "https://www.sec.gov/Archives/edgar/data/1037038/000095012308009058/0000950123-08-009058-index.htm",
    "finalLink": "https://www.sec.gov/Archives/edgar/data/1037038/000095012308009058/y64539e10vq.htm"
  },
  {
    "date": "2008-03-29",
    "symbol": "RL",
    "reportedCurrency": "USD",
    "cik": "0001037038",
    "fillingDate": "2008-05-28",
    "acceptedDate": "2008-05-28 17:03:17",
    "calendarYear": "2008",
    "period": "Q4",
    "revenue": 1240900000,
    "costOfRevenue": 566600000,
    "grossProfit": 674300000,
    "grossProfitRatio": 0.5433959223,
    "researchAndDevelopmentExpenses": 0,
    "generalAndAdministrativeExpenses": 0,
    "sellingAndMarketingExpenses": 0,
    "sellingGeneralAndAdministrativeExpenses": 513600000,
    "otherExpenses": 16500000,
    "operatingExpenses": 530100000,
    "costAndExpenses": 1096700000,
    "interestIncome": 0,
    "interestExpense": 0,
    "depreciationAndAmortization": 53700000,
    "ebitda": 197900000,
    "ebitdaratio": 0.1594810218,
    "operatingIncome": 144200000,
    "operatingIncomeRatio": 0.1162059795,
    "totalOtherIncomeExpensesNet": -1000000,
    "incomeBeforeTax": 143200000,
    "incomeBeforeTaxRatio": 0.1154001128,
    "incomeTaxExpense": 39700000,
    "netIncome": 103500000,
    "netIncomeRatio": 0.0834072044,
    "eps": 1,
    "epsdiluted": 1,
    "weightedAverageShsOut": 101100000,
    "weightedAverageShsOutDil": 103800000,
    "link": "https://www.sec.gov/Archives/edgar/data/1037038/000095012308006223/0000950123-08-006223-index.htm",
    "finalLink": "https://www.sec.gov/Archives/edgar/data/1037038/000095012308006223/y58710e10vk.htm"
  },
  {
    "date": "2007-12-29",
    "symbol": "RL",
    "reportedCurrency": "USD",
    "cik": "0001037038",
    "fillingDate": "2008-02-07",
    "acceptedDate": "2008-02-07 16:09:49",
    "calendarYear": "2008",
    "period": "Q3",
    "revenue": 1269800000,
    "costOfRevenue": 593300000,
    "grossProfit": 676500000,
    "grossProfitRatio": 0.5327610647,
    "researchAndDevelopmentExpenses": 0,
    "generalAndAdministrativeExpenses": 0,
    "sellingAndMarketingExpenses": 0,
    "sellingGeneralAndAdministrativeExpenses": 492200000,
    "otherExpenses": 13600000,
    "operatingExpenses": 505800000,
    "costAndExpenses": 1099100000,
    "interestIncome": 0,
    "interestExpense": 0,
    "depreciationAndAmortization": 53000000,
    "ebitda": 223700000,
    "ebitdaratio": 0.1761694755,
    "operatingIncome": 170700000,
    "operatingIncomeRatio": 0.134430619,
    "totalOtherIncomeExpensesNet": -7200000,
    "incomeBeforeTax": 163500000,
    "incomeBeforeTaxRatio": 0.1287604347,
    "incomeTaxExpense": 50800000,
    "netIncome": 112700000,
    "netIncomeRatio": 0.0887541345,
    "eps": 1.11,
    "epsdiluted": 1.08,
    "weightedAverageShsOut": 101600000,
    "weightedAverageShsOutDil": 104300000,
    "link": "https://www.sec.gov/Archives/edgar/data/1037038/000095012308001254/0000950123-08-001254-index.htm",
    "finalLink": "https://www.sec.gov/Archives/edgar/data/1037038/000095012308001254/y47856e10vq.htm"
  },
  {
    "date": "2007-09-29",
    "symbol": "RL",
    "reportedCurrency": "USD",
    "cik": "0001037038",
    "fillingDate": "2007-11-08",
    "acceptedDate": "2007-11-08 16:03:14",
    "calendarYear": "2008",
    "period": "Q2",
    "revenue": 1299100000,
    "costOfRevenue": 603900000,
    "grossProfit": 695200000,
    "grossProfitRatio": 0.5351397121,
    "researchAndDevelopmentExpenses": 0,
    "generalAndAdministrativeExpenses": 0,
    "sellingAndMarketingExpenses": 0,
    "sellingGeneralAndAdministrativeExpenses": 488200000,
    "otherExpenses": 14400000,
    "operatingExpenses": 502600000,
    "costAndExpenses": 1106500000,
    "interestIncome": 5500000,
    "interestExpense": 0,
    "depreciationAndAmortization": 51500000,
    "ebitda": 244100000,
    "ebitdaratio": 0.1878993149,
    "operatingIncome": 192600000,
    "operatingIncomeRatio": 0.1482564853,
    "totalOtherIncomeExpensesNet": -2300000,
    "incomeBeforeTax": 190300000,
    "incomeBeforeTaxRatio": 0.1464860288,
    "incomeTaxExpense": 75000000,
    "netIncome": 115300000,
    "netIncomeRatio": 0.0887537526,
    "eps": 1.12,
    "epsdiluted": 1.09,
    "weightedAverageShsOut": 102600000,
    "weightedAverageShsOutDil": 105400000,
    "link": "https://www.sec.gov/Archives/edgar/data/1037038/000095012307015136/0000950123-07-015136-index.htm",
    "finalLink": "https://www.sec.gov/Archives/edgar/data/1037038/000095012307015136/y41803e10vq.htm"
  },
  {
    "date": "2007-06-30",
    "symbol": "RL",
    "reportedCurrency": "USD",
    "cik": "0001037038",
    "fillingDate": "2007-08-09",
    "acceptedDate": "2007-08-09 16:14:55",
    "calendarYear": "2008",
    "period": "Q1",
    "revenue": 1070300000,
    "costOfRevenue": 478300000,
    "grossProfit": 592000000,
    "grossProfitRatio": 0.5531159488,
    "researchAndDevelopmentExpenses": 0,
    "generalAndAdministrativeExpenses": 0,
    "sellingAndMarketingExpenses": 0,
    "sellingGeneralAndAdministrativeExpenses": 438500000,
    "otherExpenses": 7700000,
    "operatingExpenses": 446200000,
    "costAndExpenses": 924500000,
    "interestIncome": 8200000,
    "interestExpense": 0,
    "depreciationAndAmortization": 43100000,
    "ebitda": 188900000,
    "ebitdaratio": 0.1764925722,
    "operatingIncome": 145800000,
    "operatingIncomeRatio": 0.1362234887,
    "totalOtherIncomeExpensesNet": -700000,
    "incomeBeforeTax": 145100000,
    "incomeBeforeTaxRatio": 0.1355694665,
    "incomeTaxExpense": 56800000,
    "netIncome": 88300000,
    "netIncomeRatio": 0.0825002336,
    "eps": 0.85,
    "epsdiluted": 0.82,
    "weightedAverageShsOut": 103900000,
    "weightedAverageShsOutDil": 107300000,
    "link": "https://www.sec.gov/Archives/edgar/data/1037038/000095012307011185/0000950123-07-011185-index.htm",
    "finalLink": "https://www.sec.gov/Archives/edgar/data/1037038/000095012307011185/y37939e10vq.htm"
  },
  {
    "date": "2007-03-31",
    "symbol": "RL",
    "reportedCurrency": "USD",
    "cik": "0001037038",
    "fillingDate": "2007-05-30",
    "acceptedDate": "2007-05-30 16:43:41",
    "calendarYear": "2007",
    "period": "Q4",
    "revenue": 1031300000,
    "costOfRevenue": 473200000,
    "grossProfit": 558100000,
    "grossProfitRatio": 0.5411616406,
    "researchAndDevelopmentExpenses": 0,
    "generalAndAdministrativeExpenses": 0,
    "sellingAndMarketingExpenses": 0,
    "sellingGeneralAndAdministrativeExpenses": 434200000,
    "otherExpenses": 3800000,
    "operatingExpenses": 438000000,
    "costAndExpenses": 911200000,
    "interestIncome": 10700000,
    "interestExpense": 0,
    "depreciationAndAmortization": 40500000,
    "ebitda": 161200000,
    "ebitdaratio": 0.156307573,
    "operatingIncome": 120100000,
    "operatingIncomeRatio": 0.1164549598,
    "totalOtherIncomeExpensesNet": 300000,
    "incomeBeforeTax": 120400000,
    "incomeBeforeTaxRatio": 0.1167458547,
    "incomeTaxExpense": 47200000,
    "netIncome": 73200000,
    "netIncomeRatio": 0.0709783768,
    "eps": 0.7,
    "epsdiluted": 0.7,
    "weightedAverageShsOut": 103800000,
    "weightedAverageShsOutDil": 103900000,
    "link": "https://www.sec.gov/Archives/edgar/data/1037038/000095012307008115/0000950123-07-008115-index.htm",
    "finalLink": "https://www.sec.gov/Archives/edgar/data/1037038/000095012307008115/y35312e10vk.htm"
  },
  {
    "date": "2006-12-30",
    "symbol": "RL",
    "reportedCurrency": "USD",
    "cik": "0001037038",
    "fillingDate": "2007-02-08",
    "acceptedDate": "2007-02-08 16:11:09",
    "calendarYear": "2007",
    "period": "Q3",
    "revenue": 1143700000,
    "costOfRevenue": 529700000,
    "grossProfit": 614000000,
    "grossProfitRatio": 0.5368540701,
    "researchAndDevelopmentExpenses": 0,
    "generalAndAdministrativeExpenses": 0,
    "sellingAndMarketingExpenses": 0,
    "sellingGeneralAndAdministrativeExpenses": 426800000,
    "otherExpenses": 3000000,
    "operatingExpenses": 429800000,
    "costAndExpenses": 959500000,
    "interestIncome": 6900000,
    "interestExpense": 0,
    "depreciationAndAmortization": 32800000,
    "ebitda": 217000000,
    "ebitdaratio": 0.1897350704,
    "operatingIncome": 184200000,
    "operatingIncomeRatio": 0.161056221,
    "totalOtherIncomeExpensesNet": -3400000,
    "incomeBeforeTax": 180800000,
    "incomeBeforeTaxRatio": 0.1580834135,
    "incomeTaxExpense": 70300000,
    "netIncome": 110500000,
    "netIncomeRatio": 0.0966162455,
    "eps": 1.06,
    "epsdiluted": 1.03,
    "weightedAverageShsOut": 104200000,
    "weightedAverageShsOutDil": 107600000,
    "link": "https://www.sec.gov/Archives/edgar/data/1037038/000095012307001592/0000950123-07-001592-index.htm",
    "finalLink": "https://www.sec.gov/Archives/edgar/data/1037038/000095012307001592/y29753e10vq.htm"
  },
  {
    "date": "2006-09-30",
    "symbol": "RL",
    "reportedCurrency": "USD",
    "cik": "0001037038",
    "fillingDate": "2006-11-09",
    "acceptedDate": "2006-11-09 16:25:28",
    "calendarYear": "2007",
    "period": "Q2",
    "revenue": 1166800000,
    "costOfRevenue": 534200000,
    "grossProfit": 632600000,
    "grossProfitRatio": 0.5421666095,
    "researchAndDevelopmentExpenses": 0,
    "generalAndAdministrativeExpenses": 0,
    "sellingAndMarketingExpenses": 0,
    "sellingGeneralAndAdministrativeExpenses": 412100000,
    "otherExpenses": 5600000,
    "operatingExpenses": 417700000,
    "costAndExpenses": 951900000,
    "interestIncome": 4700000,
    "interestExpense": 0,
    "depreciationAndAmortization": 33600000,
    "ebitda": 250300000,
    "ebitdaratio": 0.2145183408,
    "operatingIncome": 214900000,
    "operatingIncomeRatio": 0.184178951,
    "totalOtherIncomeExpensesNet": -1300000,
    "incomeBeforeTax": 213600000,
    "incomeBeforeTaxRatio": 0.1830647926,
    "incomeTaxExpense": 76600000,
    "netIncome": 137000000,
    "netIncomeRatio": 0.1174151526,
    "eps": 1.31,
    "epsdiluted": 1.28,
    "weightedAverageShsOut": 104500000,
    "weightedAverageShsOutDil": 107300000,
    "link": "https://www.sec.gov/Archives/edgar/data/1037038/000095012306013858/0000950123-06-013858-index.htm",
    "finalLink": "https://www.sec.gov/Archives/edgar/data/1037038/000095012306013858/y26592e10vq.htm"
  },
  {
    "date": "2006-07-01",
    "symbol": "RL",
    "reportedCurrency": "USD",
    "cik": "0001037038",
    "fillingDate": "2006-08-10",
    "acceptedDate": "2006-08-10 16:12:28",
    "calendarYear": "2007",
    "period": "Q1",
    "revenue": 953600000,
    "costOfRevenue": 422100000,
    "grossProfit": 531500000,
    "grossProfitRatio": 0.5573615772,
    "researchAndDevelopmentExpenses": 0,
    "generalAndAdministrativeExpenses": 0,
    "sellingAndMarketingExpenses": 0,
    "sellingGeneralAndAdministrativeExpenses": 390300000,
    "otherExpenses": 7800000,
    "operatingExpenses": 398100000,
    "costAndExpenses": 820200000,
    "interestIncome": 3800000,
    "interestExpense": 0,
    "depreciationAndAmortization": 37800000,
    "ebitda": 173400000,
    "ebitdaratio": 0.1818372483,
    "operatingIncome": 133400000,
    "operatingIncomeRatio": 0.1398909396,
    "totalOtherIncomeExpensesNet": -4900000,
    "incomeBeforeTax": 128500000,
    "incomeBeforeTaxRatio": 0.1347525168,
    "incomeTaxExpense": 48300000,
    "netIncome": 80200000,
    "netIncomeRatio": 0.084102349,
    "eps": 0.76,
    "epsdiluted": 0.74,
    "weightedAverageShsOut": 105100000,
    "weightedAverageShsOutDil": 108100000,
    "link": "https://www.sec.gov/Archives/edgar/data/1037038/000095012306010353/0000950123-06-010353-index.htm",
    "finalLink": "https://www.sec.gov/Archives/edgar/data/1037038/000095012306010353/y23830e10vq.htm"
  },
  {
    "date": "2006-04-01",
    "symbol": "RL",
    "reportedCurrency": "USD",
    "cik": "0001037038",
    "fillingDate": "2006-06-15",
    "acceptedDate": "2006-06-15 17:09:01",
    "calendarYear": "2006",
    "period": "Q4",
    "revenue": 971492000,
    "costOfRevenue": 446530000,
    "grossProfit": 524962000,
    "grossProfitRatio": 0.5403667761,
    "researchAndDevelopmentExpenses": 0,
    "generalAndAdministrativeExpenses": 0,
    "sellingAndMarketingExpenses": 0,
    "sellingGeneralAndAdministrativeExpenses": 394008000,
    "otherExpenses": 15200000,
    "operatingExpenses": 409208000,
    "costAndExpenses": 855738000,
    "interestIncome": 9966000,
    "interestExpense": 0,
    "depreciationAndAmortization": 32439000,
    "ebitda": 157193000,
    "ebitdaratio": 0.1618057586,
    "operatingIncome": 115754000,
    "operatingIncomeRatio": 0.1191507496,
    "totalOtherIncomeExpensesNet": -8147000,
    "incomeBeforeTax": 107607000,
    "incomeBeforeTaxRatio": 0.1107646795,
    "incomeTaxExpense": 47908000,
    "netIncome": 62415000,
    "netIncomeRatio": 0.0642465404,
    "eps": 0.58,
    "epsdiluted": 0.58,
    "weightedAverageShsOut": 104800000,
    "weightedAverageShsOutDil": 108100000,
    "link": "https://www.sec.gov/Archives/edgar/data/1037038/000095012306007753/0000950123-06-007753-index.htm",
    "finalLink": "https://www.sec.gov/Archives/edgar/data/1037038/000095012306007753/y22134e10vk.htm"
  },
  {
    "date": "2005-12-31",
    "symbol": "RL",
    "reportedCurrency": "USD",
    "cik": "0001037038",
    "fillingDate": "2006-02-09",
    "acceptedDate": "2006-02-09 16:23:59",
    "calendarYear": "2006",
    "period": "Q3",
    "revenue": 995482000,
    "costOfRevenue": 464000000,
    "grossProfit": 531500000,
    "grossProfitRatio": 0.5339122154,
    "researchAndDevelopmentExpenses": 0,
    "generalAndAdministrativeExpenses": 0,
    "sellingAndMarketingExpenses": 0,
    "sellingGeneralAndAdministrativeExpenses": 381700000,
    "otherExpenses": 6200000,
    "operatingExpenses": 387900000,
    "costAndExpenses": 851900000,
    "interestIncome": 3772000,
    "interestExpense": 0,
    "depreciationAndAmortization": 36329000,
    "ebitda": 179800000,
    "ebitdaratio": 0.1806160232,
    "operatingIncome": 143600000,
    "operatingIncomeRatio": 0.1442517293,
    "totalOtherIncomeExpensesNet": -500000,
    "incomeBeforeTax": 143525000,
    "incomeBeforeTaxRatio": 0.1441763889,
    "incomeTaxExpense": 52400000,
    "netIncome": 90673000,
    "netIncomeRatio": 0.0910845199,
    "eps": 0.87,
    "epsdiluted": 0.84,
    "weightedAverageShsOut": 104700000,
    "weightedAverageShsOutDil": 107800000,
    "link": "https://www.sec.gov/Archives/edgar/data/1037038/000095012306001404/0000950123-06-001404-index.htm",
    "finalLink": "https://www.sec.gov/Archives/edgar/data/1037038/000095012306001404/y17243e10vq.htm"
  },
  {
    "date": "2005-10-01",
    "symbol": "RL",
    "reportedCurrency": "USD",
    "cik": "0001037038",
    "fillingDate": "2005-11-10",
    "acceptedDate": "2005-11-10 16:42:58",
    "calendarYear": "2006",
    "period": "Q2",
    "revenue": 1027384000,
    "costOfRevenue": 475900000,
    "grossProfit": 551500000,
    "grossProfitRatio": 0.5368002616,
    "researchAndDevelopmentExpenses": 0,
    "generalAndAdministrativeExpenses": 0,
    "sellingAndMarketingExpenses": 0,
    "sellingGeneralAndAdministrativeExpenses": 368000000,
    "otherExpenses": 6500000,
    "operatingExpenses": 374500000,
    "costAndExpenses": 850400000,
    "interestIncome": 2905000,
    "interestExpense": 0,
    "depreciationAndAmortization": 30571000,
    "ebitda": 206600000,
    "ebitdaratio": 0.2010932621,
    "operatingIncome": 177000000,
    "operatingIncomeRatio": 0.1722822236,
    "totalOtherIncomeExpensesNet": -8500000,
    "incomeBeforeTax": 171073000,
    "incomeBeforeTaxRatio": 0.1665132025,
    "incomeTaxExpense": 64300000,
    "netIncome": 104205000,
    "netIncomeRatio": 0.1014275091,
    "eps": 1,
    "epsdiluted": 0.97,
    "weightedAverageShsOut": 104200000,
    "weightedAverageShsOutDil": 107400000,
    "link": "https://www.sec.gov/Archives/edgar/data/1037038/000095012305013479/0000950123-05-013479-index.htm",
    "finalLink": "https://www.sec.gov/Archives/edgar/data/1037038/000095012305013479/y14409e10vq.htm"
  },
  {
    "date": "2005-07-02",
    "symbol": "RL",
    "reportedCurrency": "USD",
    "cik": "0001037038",
    "fillingDate": "2005-08-11",
    "acceptedDate": "2005-08-11 16:46:58",
    "calendarYear": "2006",
    "period": "Q1",
    "revenue": 751942000,
    "costOfRevenue": 337500000,
    "grossProfit": 414400000,
    "grossProfitRatio": 0.5511063353,
    "researchAndDevelopmentExpenses": 0,
    "generalAndAdministrativeExpenses": 0,
    "sellingAndMarketingExpenses": 0,
    "sellingGeneralAndAdministrativeExpenses": 333200000,
    "otherExpenses": 1000000,
    "operatingExpenses": 334200000,
    "costAndExpenses": 671700000,
    "interestIncome": 0,
    "interestExpense": 0,
    "depreciationAndAmortization": 27661000,
    "ebitda": 108900000,
    "ebitdaratio": 0.1448249998,
    "operatingIncome": 80200000,
    "operatingIncomeRatio": 0.1066571624,
    "totalOtherIncomeExpensesNet": 800000,
    "incomeBeforeTax": 80695000,
    "incomeBeforeTaxRatio": 0.1073154578,
    "incomeTaxExpense": 30300000,
    "netIncome": 50707000,
    "netIncomeRatio": 0.0674347224,
    "eps": 0.49,
    "epsdiluted": 0.48,
    "weightedAverageShsOut": 103000000,
    "weightedAverageShsOutDil": 105500000,
    "link": "https://www.sec.gov/Archives/edgar/data/1037038/000095012305009805/0000950123-05-009805-index.htm",
    "finalLink": "https://www.sec.gov/Archives/edgar/data/1037038/000095012305009805/y11617e10vq.htm"
  },
  {
    "date": "2005-04-02",
    "symbol": "RL",
    "reportedCurrency": "USD",
    "cik": "0001037038",
    "fillingDate": "2005-07-01",
    "acceptedDate": "2005-07-01 15:35:05",
    "calendarYear": "2005",
    "period": "Q4",
    "revenue": 940992000,
    "costOfRevenue": 439334000,
    "grossProfit": 501658000,
    "grossProfitRatio": 0.5331161158,
    "researchAndDevelopmentExpenses": 0,
    "generalAndAdministrativeExpenses": 0,
    "sellingAndMarketingExpenses": 0,
    "sellingGeneralAndAdministrativeExpenses": 460589000,
    "otherExpenses": 924272000,
    "operatingExpenses": 1384861000,
    "costAndExpenses": 1824195000,
    "interestIncome": 0,
    "interestExpense": 0,
    "depreciationAndAmortization": 30291000,
    "ebitda": 71360000,
    "ebitdaratio": 0.0758348636,
    "operatingIncome": -883203000,
    "operatingIncomeRatio": -0.9385871506,
    "totalOtherIncomeExpensesNet": 922575000,
    "incomeBeforeTax": 39372000,
    "incomeBeforeTaxRatio": 0.0418409508,
    "incomeTaxExpense": 15994000,
    "netIncome": 21773000,
    "netIncomeRatio": 0.0231383476,
    "eps": 0.22,
    "epsdiluted": 0.22,
    "weightedAverageShsOut": 102430000,
    "weightedAverageShsOutDil": 105300000,
    "link": "https://www.sec.gov/Archives/edgar/data/1037038/000095012305008114/0000950123-05-008114-index.htm",
    "finalLink": "https://www.sec.gov/Archives/edgar/data/1037038/000095012305008114/y10404e10vk.htm"
  },
  {
    "date": "2005-01-01",
    "symbol": "RL",
    "reportedCurrency": "USD",
    "cik": "0001037038",
    "fillingDate": "2005-02-10",
    "acceptedDate": "2005-02-10 16:07:31",
    "calendarYear": "2005",
    "period": "Q3",
    "revenue": 887993000,
    "costOfRevenue": 455498000,
    "grossProfit": 446076000,
    "grossProfitRatio": 0.5023417977,
    "researchAndDevelopmentExpenses": 0,
    "generalAndAdministrativeExpenses": 0,
    "sellingAndMarketingExpenses": 0,
    "sellingGeneralAndAdministrativeExpenses": 329047000,
    "otherExpenses": 839000,
    "operatingExpenses": 329886000,
    "costAndExpenses": 785384000,
    "interestIncome": 0,
    "interestExpense": 0,
    "depreciationAndAmortization": 26868000,
    "ebitda": 143406000,
    "ebitdaratio": 0.1614945163,
    "operatingIncome": 116190000,
    "operatingIncomeRatio": 0.130845626,
    "totalOtherIncomeExpensesNet": -1589000,
    "incomeBeforeTax": 115041000,
    "incomeBeforeTaxRatio": 0.1295516969,
    "incomeTaxExpense": 40280000,
    "netIncome": 74842000,
    "netIncomeRatio": 0.0842821959,
    "eps": 0.74,
    "epsdiluted": 0.72,
    "weightedAverageShsOut": 101896000,
    "weightedAverageShsOutDil": 104325000,
    "link": "https://www.sec.gov/Archives/edgar/data/1037038/000095012305001482/0000950123-05-001482-index.htm",
    "finalLink": "https://www.sec.gov/Archives/edgar/data/1037038/000095012305001482/y05457e10vq.htm"
  },
  {
    "date": "2004-10-02",
    "symbol": "RL",
    "reportedCurrency": "USD",
    "cik": "0001037038",
    "fillingDate": "2004-11-12",
    "acceptedDate": "2004-11-12 15:56:45",
    "calendarYear": "2005",
    "period": "Q2",
    "revenue": 883680000,
    "costOfRevenue": 449580000,
    "grossProfit": 446034000,
    "grossProfitRatio": 0.5047460619,
    "researchAndDevelopmentExpenses": 0,
    "generalAndAdministrativeExpenses": 0,
    "sellingAndMarketingExpenses": 0,
    "sellingGeneralAndAdministrativeExpenses": 321587000,
    "otherExpenses": 2178000,
    "operatingExpenses": 323765000,
    "costAndExpenses": 773345000,
    "interestIncome": 0,
    "interestExpense": 0,
    "depreciationAndAmortization": 24023000,
    "ebitda": 146933000,
    "ebitdaratio": 0.1662739906,
    "operatingIncome": 122269000,
    "operatingIncomeRatio": 0.1383634347,
    "totalOtherIncomeExpensesNet": 1103000,
    "incomeBeforeTax": 124701000,
    "incomeBeforeTaxRatio": 0.1411155622,
    "incomeTaxExpense": 43391000,
    "netIncome": 80407000,
    "netIncomeRatio": 0.0909910827,
    "eps": 0.78,
    "epsdiluted": 0.77,
    "weightedAverageShsOut": 101192000,
    "weightedAverageShsOutDil": 103571000,
    "link": "https://www.sec.gov/Archives/edgar/data/1037038/000095012304013524/0000950123-04-013524-index.htm",
    "finalLink": "https://www.sec.gov/Archives/edgar/data/1037038/000095012304013524/y68363e10vq.htm"
  },
  {
    "date": "2004-07-03",
    "symbol": "RL",
    "reportedCurrency": "USD",
    "cik": "0001037038",
    "fillingDate": "2004-08-12",
    "acceptedDate": "2004-08-12 13:58:58",
    "calendarYear": "2005",
    "period": "Q1",
    "revenue": 592750000,
    "costOfRevenue": 290478000,
    "grossProfit": 315528000,
    "grossProfitRatio": 0.5323121046,
    "researchAndDevelopmentExpenses": 0,
    "generalAndAdministrativeExpenses": 0,
    "sellingAndMarketingExpenses": 0,
    "sellingGeneralAndAdministrativeExpenses": 295043000,
    "otherExpenses": 731000,
    "operatingExpenses": 295774000,
    "costAndExpenses": 586252000,
    "interestIncome": 0,
    "interestExpense": 0,
    "depreciationAndAmortization": 22451000,
    "ebitda": 43639000,
    "ebitdaratio": 0.0736212569,
    "operatingIncome": 19754000,
    "operatingIncomeRatio": 0.0333260228,
    "totalOtherIncomeExpensesNet": -1838000,
    "incomeBeforeTax": 18764000,
    "incomeBeforeTaxRatio": 0.0316558414,
    "incomeTaxExpense": 6316000,
    "netIncome": 13403000,
    "netIncomeRatio": 0.0226115563,
    "eps": 0.13,
    "epsdiluted": 0.12,
    "weightedAverageShsOut": 100481000,
    "weightedAverageShsOutDil": 102802000,
    "link": "https://www.sec.gov/Archives/edgar/data/1037038/000095012304009638/0000950123-04-009638-index.htm",
    "finalLink": "https://www.sec.gov/Archives/edgar/data/1037038/000095012304009638/y00011e10vq.htm"
  },
  {
    "date": "2004-04-03",
    "symbol": "RL",
    "reportedCurrency": "USD",
    "cik": "0001037038",
    "fillingDate": "2004-06-07",
    "acceptedDate": "2004-06-07 11:58:31",
    "calendarYear": "2004",
    "period": "Q4",
    "revenue": 818781000,
    "costOfRevenue": 427782000,
    "grossProfit": 390999000,
    "grossProfitRatio": 0.4775379497,
    "researchAndDevelopmentExpenses": 0,
    "generalAndAdministrativeExpenses": 0,
    "sellingAndMarketingExpenses": 0,
    "sellingGeneralAndAdministrativeExpenses": 262504000,
    "otherExpenses": 3636000,
    "operatingExpenses": 266140000,
    "costAndExpenses": 693922000,
    "interestIncome": 0,
    "interestExpense": 0,
    "depreciationAndAmortization": 24085000,
    "ebitda": 152580000,
    "ebitdaratio": 0.1863501962,
    "operatingIncome": 124859000,
    "operatingIncomeRatio": 0.1524937682,
    "totalOtherIncomeExpensesNet": -9123000,
    "incomeBeforeTax": 115736000,
    "incomeBeforeTaxRatio": 0.1413515946,
    "incomeTaxExpense": 43282000,
    "netIncome": 76531000,
    "netIncomeRatio": 0.0934694381,
    "eps": 0.74,
    "epsdiluted": 0.74,
    "weightedAverageShsOut": 99846000,
    "weightedAverageShsOutDil": 102300000,
    "link": "https://www.sec.gov/Archives/edgar/data/1037038/000095012304007137/0000950123-04-007137-index.htm",
    "finalLink": "https://www.sec.gov/Archives/edgar/data/1037038/000095012304007137/y97899e10vk.htm"
  },
  {
    "date": "2003-12-27",
    "symbol": "RL",
    "reportedCurrency": "USD",
    "cik": "0001037038",
    "fillingDate": "2004-02-10",
    "acceptedDate": "2004-02-10 17:19:13",
    "calendarYear": "2004",
    "period": "Q3",
    "revenue": 645365000,
    "costOfRevenue": 312363000,
    "grossProfit": 333002000,
    "grossProfitRatio": 0.5159901761,
    "researchAndDevelopmentExpenses": 0,
    "generalAndAdministrativeExpenses": 0,
    "sellingAndMarketingExpenses": 0,
    "sellingGeneralAndAdministrativeExpenses": 256614000,
    "otherExpenses": 15930000,
    "operatingExpenses": 272544000,
    "costAndExpenses": 584907000,
    "interestIncome": 0,
    "interestExpense": 0,
    "depreciationAndAmortization": 18603000,
    "ebitda": 94991000,
    "ebitdaratio": 0.1471895749,
    "operatingIncome": 60458000,
    "operatingIncomeRatio": 0.0936803204,
    "totalOtherIncomeExpensesNet": -5246000,
    "incomeBeforeTax": 55212000,
    "incomeBeforeTaxRatio": 0.0855515871,
    "incomeTaxExpense": 19854000,
    "netIncome": 35358000,
    "netIncomeRatio": 0.0547876008,
    "eps": 0.36,
    "epsdiluted": 0.35,
    "weightedAverageShsOut": 99072000,
    "weightedAverageShsOutDil": 101291000,
    "link": "https://www.sec.gov/Archives/edgar/data/1037038/000095012304001492/0000950123-04-001492-index.htm",
    "finalLink": "https://www.sec.gov/Archives/edgar/data/1037038/000095012304001492/y92873e10vq.htm"
  },
  {
    "date": "2003-09-27",
    "symbol": "RL",
    "reportedCurrency": "USD",
    "cik": "0001037038",
    "fillingDate": "2003-11-12",
    "acceptedDate": "2003-11-12 16:59:45",
    "calendarYear": "2004",
    "period": "Q2",
    "revenue": 707777000,
    "costOfRevenue": 357211000,
    "grossProfit": 350566000,
    "grossProfitRatio": 0.4953057248,
    "researchAndDevelopmentExpenses": 0,
    "generalAndAdministrativeExpenses": 0,
    "sellingAndMarketingExpenses": 0,
    "sellingGeneralAndAdministrativeExpenses": 267613000,
    "otherExpenses": 0,
    "operatingExpenses": 267613000,
    "costAndExpenses": 624824000,
    "interestIncome": 0,
    "interestExpense": 0,
    "depreciationAndAmortization": 19059000,
    "ebitda": 102012000,
    "ebitdaratio": 0.1441301427,
    "operatingIncome": 82953000,
    "operatingIncomeRatio": 0.1172021696,
    "totalOtherIncomeExpensesNet": 1185000,
    "incomeBeforeTax": 84138000,
    "incomeBeforeTaxRatio": 0.1188764258,
    "incomeTaxExpense": 30128000,
    "netIncome": 54010000,
    "netIncomeRatio": 0.076309346,
    "eps": 0.55,
    "epsdiluted": 0.54,
    "weightedAverageShsOut": 98704000,
    "weightedAverageShsOutDil": 100781000,
    "link": "https://www.sec.gov/Archives/edgar/data/1037038/000095012303012548/0000950123-03-012548-index.htm",
    "finalLink": "https://www.sec.gov/Archives/edgar/data/1037038/000095012303012548/y91530e10vq.htm"
  },
  {
    "date": "2003-06-28",
    "symbol": "RL",
    "reportedCurrency": "USD",
    "cik": "0001037038",
    "fillingDate": "2003-08-12",
    "acceptedDate": "2003-08-12 17:27:06",
    "calendarYear": "2004",
    "period": "Q1",
    "revenue": 477731000,
    "costOfRevenue": 228979000,
    "grossProfit": 248752000,
    "grossProfitRatio": 0.5206947006,
    "researchAndDevelopmentExpenses": 0,
    "generalAndAdministrativeExpenses": 0,
    "sellingAndMarketingExpenses": 0,
    "sellingGeneralAndAdministrativeExpenses": 243226000,
    "otherExpenses": 0,
    "operatingExpenses": 243226000,
    "costAndExpenses": 472205000,
    "interestIncome": 0,
    "interestExpense": 0,
    "depreciationAndAmortization": 21442000,
    "ebitda": 26968000,
    "ebitdaratio": 0.056450178,
    "operatingIncome": 5526000,
    "operatingIncomeRatio": 0.011567179,
    "totalOtherIncomeExpensesNet": 1320000,
    "incomeBeforeTax": 6846000,
    "incomeBeforeTaxRatio": 0.0143302402,
    "incomeTaxExpense": 1791000,
    "netIncome": 5055000,
    "netIncomeRatio": 0.0105812685,
    "eps": 0.05,
    "epsdiluted": 0.05,
    "weightedAverageShsOut": 98377228,
    "weightedAverageShsOutDil": 99544131,
    "link": "https://www.sec.gov/Archives/edgar/data/1037038/000095012303009297/0000950123-03-009297-index.htm",
    "finalLink": "https://www.sec.gov/Archives/edgar/data/1037038/000095012303009297/y89154e10vq.htm"
  },
  {
    "date": "2003-03-29",
    "symbol": "RL",
    "reportedCurrency": "USD",
    "cik": "0001037038",
    "fillingDate": "2003-06-19",
    "acceptedDate": "2003-06-19 16:44:21",
    "calendarYear": "2003",
    "period": "Q4",
    "revenue": 692331000,
    "costOfRevenue": 346510000,
    "grossProfit": 345821000,
    "grossProfitRatio": 0.4995024056,
    "researchAndDevelopmentExpenses": 0,
    "generalAndAdministrativeExpenses": 0,
    "sellingAndMarketingExpenses": 0,
    "sellingGeneralAndAdministrativeExpenses": 222816000,
    "otherExpenses": 6443000,
    "operatingExpenses": 229259000,
    "costAndExpenses": 575769000,
    "interestIncome": 0,
    "interestExpense": 0,
    "depreciationAndAmortization": 15626000,
    "ebitda": 138631000,
    "ebitdaratio": 0.2002380364,
    "operatingIncome": 116562000,
    "operatingIncomeRatio": 0.1683616652,
    "totalOtherIncomeExpensesNet": -1256000,
    "incomeBeforeTax": 115306000,
    "incomeBeforeTaxRatio": 0.166547504,
    "incomeTaxExpense": 42087000,
    "netIncome": 73219000,
    "netIncomeRatio": 0.1057572173,
    "eps": 0.74,
    "epsdiluted": 0.74,
    "weightedAverageShsOut": 98450107,
    "weightedAverageShsOutDil": 99300000,
    "link": "https://www.sec.gov/Archives/edgar/data/1037038/000095012303007248/0000950123-03-007248-index.htm",
    "finalLink": "https://www.sec.gov/Archives/edgar/data/1037038/000095012303007248/y87538e10vk.txt"
  },
  {
    "date": "2002-12-28",
    "symbol": "RL",
    "reportedCurrency": "USD",
    "cik": "0001037038",
    "fillingDate": "2003-02-11",
    "acceptedDate": "2003-02-11 16:54:58",
    "calendarYear": "2003",
    "period": "Q3",
    "revenue": 639170000,
    "costOfRevenue": 331260000,
    "grossProfit": 307910000,
    "grossProfitRatio": 0.4817341239,
    "researchAndDevelopmentExpenses": 0,
    "generalAndAdministrativeExpenses": 0,
    "sellingAndMarketingExpenses": 0,
    "sellingGeneralAndAdministrativeExpenses": 230391000,
    "otherExpenses": 8000000,
    "operatingExpenses": 238391000,
    "costAndExpenses": 569651000,
    "interestIncome": 0,
    "interestExpense": 0,
    "depreciationAndAmortization": 20904000,
    "ebitda": 98423000,
    "ebitdaratio": 0.1539856376,
    "operatingIncome": 69519000,
    "operatingIncomeRatio": 0.1087644914,
    "totalOtherIncomeExpensesNet": -2097000,
    "incomeBeforeTax": 67422000,
    "incomeBeforeTaxRatio": 0.1054836741,
    "incomeTaxExpense": 24610000,
    "netIncome": 42812000,
    "netIncomeRatio": 0.0669806155,
    "eps": 0.44,
    "epsdiluted": 0.43,
    "weightedAverageShsOut": 98412022,
    "weightedAverageShsOutDil": 99311085,
    "link": "https://www.sec.gov/Archives/edgar/data/1037038/000095012303001210/0000950123-03-001210-index.htm",
    "finalLink": "https://www.sec.gov/Archives/edgar/data/1037038/000095012303001210/y83366e10vq.htm"
  },
  {
    "date": "2002-09-28",
    "symbol": "RL",
    "reportedCurrency": "USD",
    "cik": "0001037038",
    "fillingDate": "2002-11-12",
    "acceptedDate": "2002-11-12 16:40:48",
    "calendarYear": "2003",
    "period": "Q2",
    "revenue": 640839000,
    "costOfRevenue": 319573000,
    "grossProfit": 321266000,
    "grossProfitRatio": 0.5013209246,
    "researchAndDevelopmentExpenses": 0,
    "generalAndAdministrativeExpenses": 0,
    "sellingAndMarketingExpenses": 0,
    "sellingGeneralAndAdministrativeExpenses": 236618000,
    "otherExpenses": 0,
    "operatingExpenses": 236618000,
    "costAndExpenses": 556191000,
    "interestIncome": 0,
    "interestExpense": 0,
    "depreciationAndAmortization": 23653000,
    "ebitda": 108301000,
    "ebitdaratio": 0.1689987657,
    "operatingIncome": 84648000,
    "operatingIncomeRatio": 0.1320893391,
    "totalOtherIncomeExpensesNet": -3162000,
    "incomeBeforeTax": 81486000,
    "incomeBeforeTaxRatio": 0.1271551825,
    "incomeTaxExpense": 29742000,
    "netIncome": 51744000,
    "netIncomeRatio": 0.0807441495,
    "eps": 0.53,
    "epsdiluted": 0.52,
    "weightedAverageShsOut": 98301441,
    "weightedAverageShsOutDil": 99319019,
    "link": "https://www.sec.gov/Archives/edgar/data/1037038/000095012302010596/0000950123-02-010596-index.htm",
    "finalLink": "https://www.sec.gov/Archives/edgar/data/1037038/000095012302010596/y65487e10vq.htm"
  },
  {
    "date": "2002-06-29",
    "symbol": "RL",
    "reportedCurrency": "USD",
    "cik": "0001037038",
    "fillingDate": "2002-08-13",
    "acceptedDate": "2002-08-13 17:04:54",
    "calendarYear": "2003",
    "period": "Q1",
    "revenue": 467000000,
    "costOfRevenue": 234396000,
    "grossProfit": 232604000,
    "grossProfitRatio": 0.4980813704,
    "researchAndDevelopmentExpenses": 0,
    "generalAndAdministrativeExpenses": 0,
    "sellingAndMarketingExpenses": 0,
    "sellingGeneralAndAdministrativeExpenses": 214916000,
    "otherExpenses": 0,
    "operatingExpenses": 214916000,
    "costAndExpenses": 449312000,
    "interestIncome": 0,
    "interestExpense": 0,
    "depreciationAndAmortization": 18462000,
    "ebitda": 36150000,
    "ebitdaratio": 0.0774089936,
    "operatingIncome": 17688000,
    "operatingIncomeRatio": 0.037875803,
    "totalOtherIncomeExpensesNet": -7515000,
    "incomeBeforeTax": 10173000,
    "incomeBeforeTaxRatio": 0.0217837259,
    "incomeTaxExpense": 3713000,
    "netIncome": 6460000,
    "netIncomeRatio": 0.0138329764,
    "eps": 0.07,
    "epsdiluted": 0.07,
    "weightedAverageShsOut": 98161220,
    "weightedAverageShsOutDil": 99333199,
    "link": "https://www.sec.gov/Archives/edgar/data/1037038/000095012302007867/0000950123-02-007867-index.htm",
    "finalLink": "https://www.sec.gov/Archives/edgar/data/1037038/000095012302007867/y62987e10vq.txt"
  },
  {
    "date": "2002-03-30",
    "symbol": "RL",
    "reportedCurrency": "USD",
    "cik": "0001037038",
    "fillingDate": "2002-06-25",
    "acceptedDate": "2002-06-25 17:24:27",
    "calendarYear": "2002",
    "period": "Q4",
    "revenue": 633088000,
    "costOfRevenue": 321296000,
    "grossProfit": 311792000,
    "grossProfitRatio": 0.4924939345,
    "researchAndDevelopmentExpenses": 0,
    "generalAndAdministrativeExpenses": 0,
    "sellingAndMarketingExpenses": 0,
    "sellingGeneralAndAdministrativeExpenses": 216747000,
    "otherExpenses": 16000000,
    "operatingExpenses": 232747000,
    "costAndExpenses": 554043000,
    "interestIncome": 0,
    "interestExpense": 0,
    "depreciationAndAmortization": 20685000,
    "ebitda": 115730000,
    "ebitdaratio": 0.1828023908,
    "operatingIncome": 79045000,
    "operatingIncomeRatio": 0.1248562601,
    "totalOtherIncomeExpensesNet": -2208000,
    "incomeBeforeTax": 76837000,
    "incomeBeforeTaxRatio": 0.1213685933,
    "incomeTaxExpense": 28814000,
    "netIncome": 48023000,
    "netIncomeRatio": 0.0758551734,
    "eps": 0.48,
    "epsdiluted": 0.48,
    "weightedAverageShsOut": 97829043,
    "weightedAverageShsOutDil": 99100000,
    "link": "https://www.sec.gov/Archives/edgar/data/1037038/000095012302006474/0000950123-02-006474-index.htm",
    "finalLink": "https://www.sec.gov/Archives/edgar/data/1037038/000095012302006474/y61699e10vk.txt"
  },
  {
    "date": "2001-12-29",
    "symbol": "RL",
    "reportedCurrency": "USD",
    "cik": "0001037038",
    "fillingDate": "2002-02-12",
    "acceptedDate": "2002-02-12 00:00:00",
    "calendarYear": "2002",
    "period": "Q3",
    "revenue": 617095000,
    "costOfRevenue": 330086000,
    "grossProfit": 287009000,
    "grossProfitRatio": 0.4650969462,
    "researchAndDevelopmentExpenses": 0,
    "generalAndAdministrativeExpenses": 0,
    "sellingAndMarketingExpenses": 0,
    "sellingGeneralAndAdministrativeExpenses": 212561000,
    "otherExpenses": 0,
    "operatingExpenses": 212561000,
    "costAndExpenses": 542647000,
    "interestIncome": 0,
    "interestExpense": 0,
    "depreciationAndAmortization": 18497000,
    "ebitda": 92945000,
    "ebitdaratio": 0.1506170039,
    "operatingIncome": 74448000,
    "operatingIncomeRatio": 0.1206426887,
    "totalOtherIncomeExpensesNet": -1465000,
    "incomeBeforeTax": 72983000,
    "incomeBeforeTaxRatio": 0.118268662,
    "incomeTaxExpense": 27369000,
    "netIncome": 45614000,
    "netIncomeRatio": 0.0739173061,
    "eps": 0.47,
    "epsdiluted": 0.46,
    "weightedAverageShsOut": 97506076,
    "weightedAverageShsOutDil": 98504094,
    "link": "https://www.sec.gov/Archives/edgar/data/1037038/000095014202000184/0000950142-02-000184-index.htm",
    "finalLink": "https://www.sec.gov/Archives/edgar/data/1037038/000095014202000184/form10q122901.txt"
  },
  {
    "date": "2001-09-29",
    "symbol": "RL",
    "reportedCurrency": "USD",
    "cik": "0001037038",
    "fillingDate": "2001-11-13",
    "acceptedDate": "2001-11-13 00:00:00",
    "calendarYear": "2002",
    "period": "Q2",
    "revenue": 595695000,
    "costOfRevenue": 310055000,
    "grossProfit": 285640000,
    "grossProfitRatio": 0.4795071303,
    "researchAndDevelopmentExpenses": 0,
    "generalAndAdministrativeExpenses": 0,
    "sellingAndMarketingExpenses": 0,
    "sellingGeneralAndAdministrativeExpenses": 199507000,
    "otherExpenses": 0,
    "operatingExpenses": 199507000,
    "costAndExpenses": 509562000,
    "interestIncome": 0,
    "interestExpense": 0,
    "depreciationAndAmortization": 23814000,
    "ebitda": 109947000,
    "ebitdaratio": 0.1845692846,
    "operatingIncome": 86133000,
    "operatingIncomeRatio": 0.1445924508,
    "totalOtherIncomeExpensesNet": -10443000,
    "incomeBeforeTax": 75690000,
    "incomeBeforeTaxRatio": 0.1270616675,
    "incomeTaxExpense": 27880000,
    "netIncome": 47810000,
    "netIncomeRatio": 0.080259193,
    "eps": 0.49,
    "epsdiluted": 0.49,
    "weightedAverageShsOut": 97437461,
    "weightedAverageShsOutDil": 98483031,
    "link": "https://www.sec.gov/Archives/edgar/data/1037038/000095014201500564/0000950142-01-500564-index.htm",
    "finalLink": "https://www.sec.gov/Archives/edgar/data/1037038/000095014201500564/form10qq3.txt"
  },
  {
    "date": "2001-06-30",
    "symbol": "RL",
    "reportedCurrency": "USD",
    "cik": "0001037038",
    "fillingDate": "2001-08-14",
    "acceptedDate": "2001-08-14 00:00:00",
    "calendarYear": "2002",
    "period": "Q1",
    "revenue": 517829000,
    "costOfRevenue": 255468000,
    "grossProfit": 262361000,
    "grossProfitRatio": 0.506655672,
    "researchAndDevelopmentExpenses": 0,
    "generalAndAdministrativeExpenses": 0,
    "sellingAndMarketingExpenses": 0,
    "sellingGeneralAndAdministrativeExpenses": 208773000,
    "otherExpenses": 0,
    "operatingExpenses": 208773000,
    "costAndExpenses": 464241000,
    "interestIncome": 0,
    "interestExpense": 0,
    "depreciationAndAmortization": 20923000,
    "ebitda": 74511000,
    "ebitdaratio": 0.1438911301,
    "operatingIncome": 53588000,
    "operatingIncomeRatio": 0.1034858998,
    "totalOtherIncomeExpensesNet": -3097000,
    "incomeBeforeTax": 50491000,
    "incomeBeforeTaxRatio": 0.097505161,
    "incomeTaxExpense": 19440000,
    "netIncome": 31051000,
    "netIncomeRatio": 0.0599638104,
    "eps": 0.32,
    "epsdiluted": 0.32,
    "weightedAverageShsOut": 97108788,
    "weightedAverageShsOutDil": 98493077,
    "link": "https://www.sec.gov/Archives/edgar/data/1037038/000095014201500261/0000950142-01-500261-index.htm",
    "finalLink": "https://www.sec.gov/Archives/edgar/data/1037038/000095014201500261/form10q-2q.txt"
  },
  {
    "date": "2001-03-31",
    "symbol": "RL",
    "reportedCurrency": "USD",
    "cik": "0001037038",
    "fillingDate": "2001-06-26",
    "acceptedDate": "2001-06-26 00:00:00",
    "calendarYear": "2001",
    "period": "Q4",
    "revenue": 542426000,
    "costOfRevenue": 257158000,
    "grossProfit": 285268000,
    "grossProfitRatio": 0.5259113686,
    "researchAndDevelopmentExpenses": 0,
    "generalAndAdministrativeExpenses": 0,
    "sellingAndMarketingExpenses": 0,
    "sellingGeneralAndAdministrativeExpenses": 189083000,
    "otherExpenses": 142069000,
    "operatingExpenses": 331152000,
    "costAndExpenses": 588310000,
    "interestIncome": 0,
    "interestExpense": 0,
    "depreciationAndAmortization": 18515000,
    "ebitda": 174784000,
    "ebitdaratio": 0.3222264419,
    "operatingIncome": -45884000,
    "operatingIncomeRatio": -0.0845903404,
    "totalOtherIncomeExpensesNet": 124390000,
    "incomeBeforeTax": 78506000,
    "incomeBeforeTaxRatio": 0.1447312629,
    "incomeTaxExpense": 31009000,
    "netIncome": 47497000,
    "netIncomeRatio": 0.0875640179,
    "eps": 0.49,
    "epsdiluted": 0.49,
    "weightedAverageShsOut": 96756467,
    "weightedAverageShsOutDil": 97108788,
    "link": "https://www.sec.gov/Archives/edgar/data/1037038/000095012301503829/0000950123-01-503829-index.htm",
    "finalLink": "https://www.sec.gov/Archives/edgar/data/1037038/000095012301503829/y50404e10-k405.txt"
  },
  {
    "date": "2000-12-30",
    "symbol": "RL",
    "reportedCurrency": "USD",
    "cik": "0001037038",
    "fillingDate": "2001-02-13",
    "acceptedDate": "2001-02-13 00:00:00",
    "calendarYear": "2001",
    "period": "Q3",
    "revenue": 612518000,
    "costOfRevenue": 316220000,
    "grossProfit": 297520000,
    "grossProfitRatio": 0.4857326642,
    "researchAndDevelopmentExpenses": 0,
    "generalAndAdministrativeExpenses": 0,
    "sellingAndMarketingExpenses": 0,
    "sellingGeneralAndAdministrativeExpenses": 208172000,
    "otherExpenses": 0,
    "operatingExpenses": 208172000,
    "costAndExpenses": 524392000,
    "interestIncome": 0,
    "interestExpense": 0,
    "depreciationAndAmortization": 18939000,
    "ebitda": 108287000,
    "ebitdaratio": 0.1767899066,
    "operatingIncome": 89348000,
    "operatingIncomeRatio": 0.1458699989,
    "totalOtherIncomeExpensesNet": -5704000,
    "incomeBeforeTax": 83644000,
    "incomeBeforeTaxRatio": 0.1365576195,
    "incomeTaxExpense": 33041000,
    "netIncome": 50603000,
    "netIncomeRatio": 0.082614715,
    "eps": 0.52,
    "epsdiluted": 0.52,
    "weightedAverageShsOut": 96530102,
    "weightedAverageShsOutDil": 97347194,
    "link": "https://www.sec.gov/Archives/edgar/data/1037038/000095014201000086/0000950142-01-000086-index.htm",
    "finalLink": "https://www.sec.gov/Archives/edgar/data/1037038/000095014201000086/0000950142-01-000086-0001.txt"
  },
  {
    "date": "2000-09-30",
    "symbol": "RL",
    "reportedCurrency": "USD",
    "cik": "0001037038",
    "fillingDate": "2000-11-14",
    "acceptedDate": "2000-11-14 00:00:00",
    "calendarYear": "2001",
    "period": "Q2",
    "revenue": 584667000,
    "costOfRevenue": 336084000,
    "grossProfit": 250133000,
    "grossProfitRatio": 0.4278213068,
    "researchAndDevelopmentExpenses": 0,
    "generalAndAdministrativeExpenses": 0,
    "sellingAndMarketingExpenses": 0,
    "sellingGeneralAndAdministrativeExpenses": 218617000,
    "otherExpenses": 128571000,
    "operatingExpenses": 347188000,
    "costAndExpenses": 683272000,
    "interestIncome": 0,
    "interestExpense": 0,
    "depreciationAndAmortization": 20818000,
    "ebitda": -76237000,
    "ebitdaratio": -0.1303938823,
    "operatingIncome": -97055000,
    "operatingIncomeRatio": -0.1660004755,
    "totalOtherIncomeExpensesNet": -6783000,
    "incomeBeforeTax": -103838000,
    "incomeBeforeTaxRatio": -0.1776019512,
    "incomeTaxExpense": -41017000,
    "netIncome": -62821000,
    "netIncomeRatio": -0.1074474872,
    "eps": -0.65,
    "epsdiluted": -0.65,
    "weightedAverageShsOut": 96713414,
    "weightedAverageShsOutDil": 97256321,
    "link": "https://www.sec.gov/Archives/edgar/data/1037038/000095014200000919/0000950142-00-000919-index.htm",
    "finalLink": "https://www.sec.gov/Archives/edgar/data/1037038/000095014200000919/0000950142-00-000919-0001.txt"
  },
  {
    "date": "2000-07-01",
    "symbol": "RL",
    "reportedCurrency": "USD",
    "cik": "0001037038",
    "fillingDate": "2000-08-15",
    "acceptedDate": "2000-08-15 00:00:00",
    "calendarYear": "2001",
    "period": "Q1",
    "revenue": 486163000,
    "costOfRevenue": 234750000,
    "grossProfit": 252547000,
    "grossProfitRatio": 0.5194698075,
    "researchAndDevelopmentExpenses": 0,
    "generalAndAdministrativeExpenses": 0,
    "sellingAndMarketingExpenses": 0,
    "sellingGeneralAndAdministrativeExpenses": 206400000,
    "otherExpenses": 0,
    "operatingExpenses": 206400000,
    "costAndExpenses": 441150000,
    "interestIncome": 0,
    "interestExpense": 0,
    "depreciationAndAmortization": 20327000,
    "ebitda": 66474000,
    "ebitdaratio": 0.1367319191,
    "operatingIncome": 46147000,
    "operatingIncomeRatio": 0.0949208393,
    "totalOtherIncomeExpensesNet": -6505000,
    "incomeBeforeTax": 39642000,
    "incomeBeforeTaxRatio": 0.0815405533,
    "incomeTaxExpense": 15659000,
    "netIncome": 23983000,
    "netIncomeRatio": 0.0493311914,
    "eps": 0.25,
    "epsdiluted": 0.25,
    "weightedAverageShsOut": 97092017,
    "weightedAverageShsOutDil": 97350907,
    "link": "https://www.sec.gov/Archives/edgar/data/1037038/000095014200000736/0000950142-00-000736-index.htm",
    "finalLink": "https://www.sec.gov/Archives/edgar/data/1037038/000095014200000736/0000950142-00-000736-0001.txt"
  },
  {
    "date": "2000-04-01",
    "symbol": "RL",
    "reportedCurrency": "USD",
    "cik": "0001037038",
    "fillingDate": "2000-06-27",
    "acceptedDate": "2000-06-27 00:00:00",
    "calendarYear": "2000",
    "period": "Q4",
    "revenue": 465777000,
    "costOfRevenue": 226510000,
    "grossProfit": 239267000,
    "grossProfitRatio": 0.5136943215,
    "researchAndDevelopmentExpenses": 0,
    "generalAndAdministrativeExpenses": 0,
    "sellingAndMarketingExpenses": 0,
    "sellingGeneralAndAdministrativeExpenses": 168127000,
    "otherExpenses": 13180000,
    "operatingExpenses": 181307000,
    "costAndExpenses": 407817000,
    "interestIncome": 0,
    "interestExpense": 0,
    "depreciationAndAmortization": 13180000,
    "ebitda": 71140000,
    "ebitdaratio": 0.1527340337,
    "operatingIncome": 57960000,
    "operatingIncomeRatio": 0.1244372307,
    "totalOtherIncomeExpensesNet": -4374000,
    "incomeBeforeTax": 53586000,
    "incomeBeforeTaxRatio": 0.1150464707,
    "incomeTaxExpense": 21822000,
    "netIncome": 31797000,
    "netIncomeRatio": 0.0682665739,
    "eps": 0.32,
    "epsdiluted": 0.32,
    "weightedAverageShsOut": 98242708,
    "weightedAverageShsOutDil": 98300000,
    "link": "https://www.sec.gov/Archives/edgar/data/1037038/000095012300006052/0000950123-00-006052-index.htm",
    "finalLink": "https://www.sec.gov/Archives/edgar/data/1037038/000095012300006052/e10-k405.txt"
  },
  {
    "date": "2000-01-01",
    "symbol": "RL",
    "reportedCurrency": "USD",
    "cik": "0001037038",
    "fillingDate": "2000-02-15",
    "acceptedDate": "2000-02-15 00:00:00",
    "calendarYear": "2000",
    "period": "Q3",
    "revenue": 508800000,
    "costOfRevenue": 249900000,
    "grossProfit": 258900000,
    "grossProfitRatio": 0.5088443396,
    "researchAndDevelopmentExpenses": 0,
    "generalAndAdministrativeExpenses": 0,
    "sellingAndMarketingExpenses": 0,
    "sellingGeneralAndAdministrativeExpenses": 181700000,
    "otherExpenses": 20800000,
    "operatingExpenses": 202500000,
    "costAndExpenses": 452400000,
    "interestIncome": 0,
    "interestExpense": 0,
    "depreciationAndAmortization": 20800000,
    "ebitda": 77200000,
    "ebitdaratio": 0.1517295597,
    "operatingIncome": 56400000,
    "operatingIncomeRatio": 0.1108490566,
    "totalOtherIncomeExpensesNet": -1900000,
    "incomeBeforeTax": 54500000,
    "incomeBeforeTaxRatio": 0.1071147799,
    "incomeTaxExpense": 22200000,
    "netIncome": 32300000,
    "netIncomeRatio": 0.0634827044,
    "eps": 0.33,
    "epsdiluted": 0.33,
    "weightedAverageShsOut": 98807754,
    "weightedAverageShsOutDil": 98938341,
    "link": "https://www.sec.gov/Archives/edgar/data/1037038/000100547700001370/0001005477-00-001370-index.html",
    "finalLink": "https://www.sec.gov/Archives/edgar/data/1037038/000100547700001370/"
  },
  {
    "date": "1999-10-02",
    "symbol": "RL",
    "reportedCurrency": "USD",
    "cik": "0001037038",
    "fillingDate": "1999-11-16",
    "acceptedDate": "1999-11-16 00:00:00",
    "calendarYear": "2000",
    "period": "Q2",
    "revenue": 541800000,
    "costOfRevenue": 253600000,
    "grossProfit": 288200000,
    "grossProfitRatio": 0.5319306017,
    "researchAndDevelopmentExpenses": 0,
    "generalAndAdministrativeExpenses": 0,
    "sellingAndMarketingExpenses": 0,
    "sellingGeneralAndAdministrativeExpenses": 172300000,
    "otherExpenses": 20900000,
    "operatingExpenses": 193200000,
    "costAndExpenses": 446800000,
    "interestIncome": 0,
    "interestExpense": 0,
    "depreciationAndAmortization": 20900000,
    "ebitda": 115900000,
    "ebitdaratio": 0.2139165744,
    "operatingIncome": 95000000,
    "operatingIncomeRatio": 0.1753414544,
    "totalOtherIncomeExpensesNet": -1600000,
    "incomeBeforeTax": 93400000,
    "incomeBeforeTaxRatio": 0.1723883352,
    "incomeTaxExpense": 38100000,
    "netIncome": 55300000,
    "netIncomeRatio": 0.1020671835,
    "eps": 0.56,
    "epsdiluted": 0.56,
    "weightedAverageShsOut": 98750000,
    "weightedAverageShsOutDil": 98750000,
    "link": "https://www.sec.gov/Archives/edgar/data/1037038/000100547799005387/0001005477-99-005387-index.html",
    "finalLink": "https://www.sec.gov/Archives/edgar/data/1037038/000100547799005387/"
  },
  {
    "date": "1999-07-03",
    "symbol": "RL",
    "reportedCurrency": "USD",
    "cik": "0001037038",
    "fillingDate": "1999-08-17",
    "acceptedDate": "1999-08-17 00:00:00",
    "calendarYear": "2000",
    "period": "Q1",
    "revenue": 432300000,
    "costOfRevenue": 206000000,
    "grossProfit": 226348000,
    "grossProfitRatio": 0.5235900995,
    "researchAndDevelopmentExpenses": 0,
    "generalAndAdministrativeExpenses": 0,
    "sellingAndMarketingExpenses": 0,
    "sellingGeneralAndAdministrativeExpenses": 167100000,
    "otherExpenses": 11400000,
    "operatingExpenses": 178500000,
    "costAndExpenses": 384500000,
    "interestIncome": 0,
    "interestExpense": 0,
    "depreciationAndAmortization": 11400000,
    "ebitda": 59248000,
    "ebitdaratio": 0.1370529725,
    "operatingIncome": 47848000,
    "operatingIncomeRatio": 0.1106823965,
    "totalOtherIncomeExpensesNet": -448000,
    "incomeBeforeTax": 47400000,
    "incomeBeforeTaxRatio": 0.1096460791,
    "incomeTaxExpense": 19300000,
    "netIncome": 24100000,
    "netIncomeRatio": 0.0557483229,
    "eps": 0.24,
    "epsdiluted": 0.24,
    "weightedAverageShsOut": 100416667,
    "weightedAverageShsOutDil": 100416667,
    "link": "https://www.sec.gov/Archives/edgar/data/1037038/000095014299000664/0000950142-99-000664-index.html",
    "finalLink": "https://www.sec.gov/Archives/edgar/data/1037038/000095014299000664/"
  },
  {
    "date": "1999-04-03",
    "symbol": "RL",
    "reportedCurrency": "USD",
    "cik": "0001037038",
    "fillingDate": "1999-06-25",
    "acceptedDate": "1999-06-25 00:00:00",
    "calendarYear": "1999",
    "period": "Q4",
    "revenue": 443100000,
    "costOfRevenue": 233600000,
    "grossProfit": 209500000,
    "grossProfitRatio": 0.4728052358,
    "researchAndDevelopmentExpenses": 0,
    "generalAndAdministrativeExpenses": 0,
    "sellingAndMarketingExpenses": 0,
    "sellingGeneralAndAdministrativeExpenses": 151300000,
    "otherExpenses": 13100000,
    "operatingExpenses": 164400000,
    "costAndExpenses": 398000000,
    "interestIncome": 0,
    "interestExpense": 0,
    "depreciationAndAmortization": 13100000,
    "ebitda": 58200000,
    "ebitdaratio": 0.1313473257,
    "operatingIncome": 45100000,
    "operatingIncomeRatio": 0.1017828933,
    "totalOtherIncomeExpensesNet": -57600000,
    "incomeBeforeTax": -12500000,
    "incomeBeforeTaxRatio": -0.0282103363,
    "incomeTaxExpense": -5100000,
    "netIncome": -7400000,
    "netIncomeRatio": -0.0167005191,
    "eps": -0.0746,
    "epsdiluted": -0.0741,
    "weightedAverageShsOut": 99253312,
    "weightedAverageShsOutDil": 99800000,
    "link": "https://www.sec.gov/Archives/edgar/data/1037038/000095012399005963/0000950123-99-005963-index.html",
    "finalLink": "https://www.sec.gov/Archives/edgar/data/1037038/000095012399005963/"
  },
  {
    "date": "1998-12-26",
    "symbol": "RL",
    "reportedCurrency": "USD",
    "cik": "0001037038",
    "fillingDate": "1999-02-09",
    "acceptedDate": "1999-02-09 00:00:00",
    "calendarYear": "1999",
    "period": "Q3",
    "revenue": 444600000,
    "costOfRevenue": 229500000,
    "grossProfit": 215100000,
    "grossProfitRatio": 0.483805668,
    "researchAndDevelopmentExpenses": 0,
    "generalAndAdministrativeExpenses": 0,
    "sellingAndMarketingExpenses": 0,
    "sellingGeneralAndAdministrativeExpenses": 163000000,
    "otherExpenses": 11200000,
    "operatingExpenses": 174200000,
    "costAndExpenses": 403700000,
    "interestIncome": 0,
    "interestExpense": 0,
    "depreciationAndAmortization": 11200000,
    "ebitda": 52100000,
    "ebitdaratio": 0.1171839856,
    "operatingIncome": 40900000,
    "operatingIncomeRatio": 0.0919928025,
    "totalOtherIncomeExpensesNet": 1900000,
    "incomeBeforeTax": 42800000,
    "incomeBeforeTaxRatio": 0.0962663068,
    "incomeTaxExpense": 17400000,
    "netIncome": 25400000,
    "netIncomeRatio": 0.0571300045,
    "eps": 0.25,
    "epsdiluted": 0.25,
    "weightedAverageShsOut": 101600000,
    "weightedAverageShsOutDil": 101600000,
    "link": "https://www.sec.gov/Archives/edgar/data/1037038/000095014299000087/0000950142-99-000087-index.html",
    "finalLink": "https://www.sec.gov/Archives/edgar/data/1037038/"
  },
  {
    "date": "1998-09-26",
    "symbol": "RL",
    "reportedCurrency": "USD",
    "cik": "0001037038",
    "fillingDate": "1998-11-10",
    "acceptedDate": "1998-11-10 00:00:00",
    "calendarYear": "1999",
    "period": "Q2",
    "revenue": 471000000,
    "costOfRevenue": 229800000,
    "grossProfit": 241200000,
    "grossProfitRatio": 0.5121019108,
    "researchAndDevelopmentExpenses": 0,
    "generalAndAdministrativeExpenses": 0,
    "sellingAndMarketingExpenses": 0,
    "sellingGeneralAndAdministrativeExpenses": 148800000,
    "otherExpenses": 11300000,
    "operatingExpenses": 160100000,
    "costAndExpenses": 389900000,
    "interestIncome": 0,
    "interestExpense": 0,
    "depreciationAndAmortization": 11300000,
    "ebitda": 92400000,
    "ebitdaratio": 0.1961783439,
    "operatingIncome": 81100000,
    "operatingIncomeRatio": 0.1721868365,
    "totalOtherIncomeExpensesNet": 3100000,
    "incomeBeforeTax": 84200000,
    "incomeBeforeTaxRatio": 0.1787685775,
    "incomeTaxExpense": 34300000,
    "netIncome": 49900000,
    "netIncomeRatio": 0.1059447983,
    "eps": 0.5,
    "epsdiluted": 0.5,
    "weightedAverageShsOut": 99800000,
    "weightedAverageShsOutDil": 99800000,
    "link": "https://www.sec.gov/Archives/edgar/data/1037038/000095014298000785/0000950142-98-000785-index.html",
    "finalLink": "https://www.sec.gov/Archives/edgar/data/1037038/"
  },
  {
    "date": "1998-06-27",
    "symbol": "RL",
    "reportedCurrency": "USD",
    "cik": "0001037038",
    "fillingDate": "1998-08-11",
    "acceptedDate": "1998-08-11 00:00:00",
    "calendarYear": "1999",
    "period": "Q1",
    "revenue": 354500000,
    "costOfRevenue": 165400000,
    "grossProfit": 189000000,
    "grossProfitRatio": 0.533145275,
    "researchAndDevelopmentExpenses": 0,
    "generalAndAdministrativeExpenses": 0,
    "sellingAndMarketingExpenses": 0,
    "sellingGeneralAndAdministrativeExpenses": 145000000,
    "otherExpenses": 10800000,
    "operatingExpenses": 155800000,
    "costAndExpenses": 321200000,
    "interestIncome": 0,
    "interestExpense": 0,
    "depreciationAndAmortization": 10800000,
    "ebitda": 44000000,
    "ebitdaratio": 0.1241184767,
    "operatingIncome": 33200000,
    "operatingIncomeRatio": 0.0936530324,
    "totalOtherIncomeExpensesNet": 5100000,
    "incomeBeforeTax": 38300000,
    "incomeBeforeTaxRatio": 0.1080394922,
    "incomeTaxExpense": 15600000,
    "netIncome": 22700000,
    "netIncomeRatio": 0.0640338505,
    "eps": 0.23,
    "epsdiluted": 0.23,
    "weightedAverageShsOut": 98695652,
    "weightedAverageShsOutDil": 98695652,
    "link": "https://www.sec.gov/Archives/edgar/data/1037038/000095014298000601/0000950142-98-000601-index.html",
    "finalLink": "https://www.sec.gov/Archives/edgar/data/1037038/"
  },
  {
    "date": "1998-03-28",
    "symbol": "RL",
    "reportedCurrency": "USD",
    "cik": "0001037038",
    "fillingDate": "1998-06-26",
    "acceptedDate": "1998-06-26 00:00:00",
    "calendarYear": "1998",
    "period": "Q4",
    "revenue": 356100000,
    "costOfRevenue": 177600000,
    "grossProfit": 178500000,
    "grossProfitRatio": 0.50126369,
    "researchAndDevelopmentExpenses": 0,
    "generalAndAdministrativeExpenses": 0,
    "sellingAndMarketingExpenses": 0,
    "sellingGeneralAndAdministrativeExpenses": 125300000,
    "otherExpenses": 7400000,
    "operatingExpenses": 132700000,
    "costAndExpenses": 310300000,
    "interestIncome": 0,
    "interestExpense": 0,
    "depreciationAndAmortization": 7400000,
    "ebitda": 53200000,
    "ebitdaratio": 0.149396237,
    "operatingIncome": 45800000,
    "operatingIncomeRatio": 0.1286155574,
    "totalOtherIncomeExpensesNet": 2000000,
    "incomeBeforeTax": 47800000,
    "incomeBeforeTaxRatio": 0.1342319573,
    "incomeTaxExpense": 19100000,
    "netIncome": 28700000,
    "netIncomeRatio": 0.0805953384,
    "eps": 0.29,
    "epsdiluted": 0.29,
    "weightedAverageShsOut": 100400000,
    "weightedAverageShsOutDil": 100400000,
    "link": "https://www.sec.gov/Archives/edgar/data/1037038/000095012398006280/0000950123-98-006280-index.html",
    "finalLink": "https://www.sec.gov/Archives/edgar/data/1037038/"
  },
  {
    "date": "1997-12-27",
    "symbol": "RL",
    "reportedCurrency": "USD",
    "cik": "0001037038",
    "fillingDate": "1998-02-09",
    "acceptedDate": "1998-02-09 00:00:00",
    "calendarYear": "1998",
    "period": "Q3",
    "revenue": 405700000,
    "costOfRevenue": 206500000,
    "grossProfit": 199200000,
    "grossProfitRatio": 0.4910032043,
    "researchAndDevelopmentExpenses": 0,
    "generalAndAdministrativeExpenses": 0,
    "sellingAndMarketingExpenses": 0,
    "sellingGeneralAndAdministrativeExpenses": 142400000,
    "otherExpenses": 7500000,
    "operatingExpenses": 149900000,
    "costAndExpenses": 356400000,
    "interestIncome": 0,
    "interestExpense": 0,
    "depreciationAndAmortization": 7500000,
    "ebitda": 56800000,
    "ebitdaratio": 0.1400049298,
    "operatingIncome": 49300000,
    "operatingIncomeRatio": 0.1215183633,
    "totalOtherIncomeExpensesNet": 400000,
    "incomeBeforeTax": 49700000,
    "incomeBeforeTaxRatio": 0.1225043135,
    "incomeTaxExpense": 20400000,
    "netIncome": 29300000,
    "netIncomeRatio": 0.0722208528,
    "eps": 0.29,
    "epsdiluted": 0.29,
    "weightedAverageShsOut": 101034483,
    "weightedAverageShsOutDil": 101034483,
    "link": "https://www.sec.gov/Archives/edgar/data/1037038/000095014298000116/0000950142-98-000116-index.html",
    "finalLink": "https://www.sec.gov/Archives/edgar/data/1037038/"
  },
  {
    "date": "1997-09-27",
    "symbol": "RL",
    "reportedCurrency": "USD",
    "cik": "0001037038",
    "fillingDate": "1997-11-10",
    "acceptedDate": "1997-11-10 00:00:00",
    "calendarYear": "1998",
    "period": "Q2",
    "revenue": 421100000,
    "costOfRevenue": 208500000,
    "grossProfit": 212600000,
    "grossProfitRatio": 0.5048682023,
    "researchAndDevelopmentExpenses": 0,
    "generalAndAdministrativeExpenses": 0,
    "sellingAndMarketingExpenses": 0,
    "sellingGeneralAndAdministrativeExpenses": 132400000,
    "otherExpenses": 6600000,
    "operatingExpenses": 139000000,
    "costAndExpenses": 347500000,
    "interestIncome": 0,
    "interestExpense": 0,
    "depreciationAndAmortization": 6600000,
    "ebitda": 80200000,
    "ebitdaratio": 0.190453574,
    "operatingIncome": 73600000,
    "operatingIncomeRatio": 0.1747803372,
    "totalOtherIncomeExpensesNet": 2500000,
    "incomeBeforeTax": 76100000,
    "incomeBeforeTaxRatio": 0.1807171693,
    "incomeTaxExpense": 31200000,
    "netIncome": 44900000,
    "netIncomeRatio": 0.1066255046,
    "eps": 0.45,
    "epsdiluted": 0.45,
    "weightedAverageShsOut": 99777778,
    "weightedAverageShsOutDil": 99777778,
    "link": "https://www.sec.gov/Archives/edgar/data/1037038/000095014297000893/0000950142-97-000893-index.html",
    "finalLink": "https://www.sec.gov/Archives/edgar/data/1037038/"
  },
  {
    "date": "1997-06-28",
    "symbol": "RL",
    "reportedCurrency": "USD",
    "cik": "0001037038",
    "fillingDate": "1997-08-12",
    "acceptedDate": "1997-08-12 00:00:00",
    "calendarYear": "1998",
    "period": "Q1",
    "revenue": 287900000,
    "costOfRevenue": 136600000,
    "grossProfit": 151300000,
    "grossProfitRatio": 0.5255296978,
    "researchAndDevelopmentExpenses": 0,
    "generalAndAdministrativeExpenses": 0,
    "sellingAndMarketingExpenses": 0,
    "sellingGeneralAndAdministrativeExpenses": 116700000,
    "otherExpenses": 5900000,
    "operatingExpenses": 122600000,
    "costAndExpenses": 259200000,
    "interestIncome": 0,
    "interestExpense": 0,
    "depreciationAndAmortization": 5900000,
    "ebitda": 34600000,
    "ebitdaratio": 0.1201806183,
    "operatingIncome": 28700000,
    "operatingIncomeRatio": 0.0996873915,
    "totalOtherIncomeExpensesNet": -2800000,
    "incomeBeforeTax": 25900000,
    "incomeBeforeTaxRatio": 0.0899617923,
    "incomeTaxExpense": -18700000,
    "netIncome": 44600000,
    "netIncomeRatio": 0.154914901,
    "eps": 0.17,
    "epsdiluted": 0.17,
    "weightedAverageShsOut": 100274000,
    "weightedAverageShsOutDil": 100274000,
    "link": "https://www.sec.gov/Archives/edgar/data/1037038/000095014297000652/0000950142-97-000652-index.html",
    "finalLink": "https://www.sec.gov/Archives/edgar/data/1037038/"
  }
]