[
  {
    "date": "2025-06-30",
    "symbol": "ROK",
    "reportedCurrency": "USD",
    "cik": "0001024478",
    "fillingDate": "2025-08-06",
    "acceptedDate": "2025-08-06 14:59:39",
    "calendarYear": "2025",
    "period": "Q3",
    "revenue": 2144000000,
    "costOfRevenue": 1268000000,
    "grossProfit": 876000000,
    "grossProfitRatio": 0.4085820896,
    "researchAndDevelopmentExpenses": 0,
    "generalAndAdministrativeExpenses": 0,
    "sellingAndMarketingExpenses": 0,
    "sellingGeneralAndAdministrativeExpenses": 488000000,
    "otherExpenses": 0,
    "operatingExpenses": 488000000,
    "costAndExpenses": 1756000000,
    "interestIncome": 4000000,
    "interestExpense": 40000000,
    "depreciationAndAmortization": 81000000,
    "ebitda": 463000000,
    "ebitdaratio": 0.2159514925,
    "operatingIncome": 388000000,
    "operatingIncomeRatio": 0.1809701493,
    "totalOtherIncomeExpensesNet": -46000000,
    "incomeBeforeTax": 342000000,
    "incomeBeforeTaxRatio": 0.1595149254,
    "incomeTaxExpense": 49000000,
    "netIncome": 295000000,
    "netIncomeRatio": 0.1375932836,
    "eps": 2.61,
    "epsdiluted": 2.6,
    "weightedAverageShsOut": 112500000,
    "weightedAverageShsOutDil": 113000000,
    "link": "https://www.sec.gov/Archives/edgar/data/1024478/000102447825000083/0001024478-25-000083-index.htm",
    "finalLink": "https://www.sec.gov/Archives/edgar/data/1024478/000102447825000083/rok-20250630.htm"
  },
  {
    "date": "2025-03-31",
    "symbol": "ROK",
    "reportedCurrency": "USD",
    "cik": "0001024478",
    "fillingDate": "2025-05-07",
    "acceptedDate": "2025-05-07 13:17:55",
    "calendarYear": "2025",
    "period": "Q2",
    "revenue": 2002000000,
    "costOfRevenue": 1200000000,
    "grossProfit": 802000000,
    "grossProfitRatio": 0.4005994006,
    "researchAndDevelopmentExpenses": 0,
    "generalAndAdministrativeExpenses": 0,
    "sellingAndMarketingExpenses": 0,
    "sellingGeneralAndAdministrativeExpenses": 457000000,
    "otherExpenses": 0,
    "operatingExpenses": 457000000,
    "costAndExpenses": 1657000000,
    "interestIncome": 2000000,
    "interestExpense": 38000000,
    "depreciationAndAmortization": 81000000,
    "ebitda": 418000000,
    "ebitdaratio": 0.2087912088,
    "operatingIncome": 345000000,
    "operatingIncomeRatio": 0.1723276723,
    "totalOtherIncomeExpensesNet": -46000000,
    "incomeBeforeTax": 299000000,
    "incomeBeforeTaxRatio": 0.1493506494,
    "incomeTaxExpense": 51000000,
    "netIncome": 252000000,
    "netIncomeRatio": 0.1258741259,
    "eps": 2.22,
    "epsdiluted": 2.22,
    "weightedAverageShsOut": 112900000,
    "weightedAverageShsOutDil": 113300000,
    "link": "https://www.sec.gov/Archives/edgar/data/1024478/000102447825000035/0001024478-25-000035-index.htm",
    "finalLink": "https://www.sec.gov/Archives/edgar/data/1024478/000102447825000035/rok-20250331.htm"
  },
  {
    "date": "2024-12-31",
    "symbol": "ROK",
    "reportedCurrency": "USD",
    "cik": "0001024478",
    "fillingDate": "2025-02-10",
    "acceptedDate": "2025-02-10 13:50:37",
    "calendarYear": "2025",
    "period": "Q1",
    "revenue": 1882000000,
    "costOfRevenue": 1161000000,
    "grossProfit": 721000000,
    "grossProfitRatio": 0.3831030818,
    "researchAndDevelopmentExpenses": 0,
    "generalAndAdministrativeExpenses": 0,
    "sellingAndMarketingExpenses": 0,
    "sellingGeneralAndAdministrativeExpenses": 379000000,
    "otherExpenses": 0,
    "operatingExpenses": 379000000,
    "costAndExpenses": 1540000000,
    "interestIncome": 4000000,
    "interestExpense": 38000000,
    "depreciationAndAmortization": 78000000,
    "ebitda": 329000000,
    "ebitdaratio": 0.1748140276,
    "operatingIncome": 342000000,
    "operatingIncomeRatio": 0.1817215728,
    "totalOtherIncomeExpensesNet": -129000000,
    "incomeBeforeTax": 213000000,
    "incomeBeforeTaxRatio": 0.1131774708,
    "incomeTaxExpense": 35000000,
    "netIncome": 184000000,
    "netIncomeRatio": 0.0977683316,
    "eps": 1.62,
    "epsdiluted": 1.61,
    "weightedAverageShsOut": 113000000,
    "weightedAverageShsOutDil": 113500000,
    "link": "https://www.sec.gov/Archives/edgar/data/1024478/000102447825000010/0001024478-25-000010-index.htm",
    "finalLink": "https://www.sec.gov/Archives/edgar/data/1024478/000102447825000010/rok-20241231.htm"
  },
  {
    "date": "2024-09-30",
    "symbol": "ROK",
    "reportedCurrency": "USD",
    "cik": "0001024478",
    "fillingDate": "2024-11-12",
    "acceptedDate": "2024-11-12 15:34:04",
    "calendarYear": "2024",
    "period": "Q4",
    "revenue": 2036200000,
    "costOfRevenue": 1257100000,
    "grossProfit": 779100000,
    "grossProfitRatio": 0.3826244966,
    "researchAndDevelopmentExpenses": 0,
    "generalAndAdministrativeExpenses": 0,
    "sellingAndMarketingExpenses": 0,
    "sellingGeneralAndAdministrativeExpenses": 467900000,
    "otherExpenses": 0,
    "operatingExpenses": 467900000,
    "costAndExpenses": 1725000000,
    "interestIncome": 4000000,
    "interestExpense": 40200000,
    "depreciationAndAmortization": 81200000,
    "ebitda": 395500000,
    "ebitdaratio": 0.1942343581,
    "operatingIncome": 311200000,
    "operatingIncomeRatio": 0.1528337099,
    "totalOtherIncomeExpensesNet": -37100000,
    "incomeBeforeTax": 274100000,
    "incomeBeforeTaxRatio": 0.1346134957,
    "incomeTaxExpense": 35900000,
    "netIncome": 239100000,
    "netIncomeRatio": 0.1174246145,
    "eps": 2.1,
    "epsdiluted": 2.09,
    "weightedAverageShsOut": 113407335,
    "weightedAverageShsOutDil": 113700000,
    "link": "https://www.sec.gov/Archives/edgar/data/1024478/000102447824000107/0001024478-24-000107-index.htm",
    "finalLink": "https://www.sec.gov/Archives/edgar/data/1024478/000102447824000107/rok-20240930.htm"
  },
  {
    "date": "2024-06-30",
    "symbol": "ROK",
    "reportedCurrency": "USD",
    "cik": "0001024478",
    "fillingDate": "2024-08-07",
    "acceptedDate": "2024-08-07 12:29:23",
    "calendarYear": "2024",
    "period": "Q3",
    "revenue": 2050100000,
    "costOfRevenue": 1237600000,
    "grossProfit": 812500000,
    "grossProfitRatio": 0.3963221306,
    "researchAndDevelopmentExpenses": 0,
    "generalAndAdministrativeExpenses": 0,
    "sellingAndMarketingExpenses": 0,
    "sellingGeneralAndAdministrativeExpenses": 453800000,
    "otherExpenses": 0,
    "operatingExpenses": 453800000,
    "costAndExpenses": 1691400000,
    "interestIncome": 3000000,
    "interestExpense": 40100000,
    "depreciationAndAmortization": 78500000,
    "ebitda": 373600000,
    "ebitdaratio": 0.1822350129,
    "operatingIncome": 358700000,
    "operatingIncomeRatio": 0.1749670748,
    "totalOtherIncomeExpensesNet": -103700000,
    "incomeBeforeTax": 255000000,
    "incomeBeforeTaxRatio": 0.1243841764,
    "incomeTaxExpense": 23900000,
    "netIncome": 232000000,
    "netIncomeRatio": 0.1131652115,
    "eps": 2.03,
    "epsdiluted": 2.02,
    "weightedAverageShsOut": 113700000,
    "weightedAverageShsOutDil": 114200000,
    "link": "https://www.sec.gov/Archives/edgar/data/1024478/000102447824000088/0001024478-24-000088-index.htm",
    "finalLink": "https://www.sec.gov/Archives/edgar/data/1024478/000102447824000088/rok-20240630.htm"
  },
  {
    "date": "2024-03-31",
    "symbol": "ROK",
    "reportedCurrency": "USD",
    "cik": "0001024478",
    "fillingDate": "2024-05-07",
    "acceptedDate": "2024-05-07 13:13:28",
    "calendarYear": "2024",
    "period": "Q2",
    "revenue": 2125000000,
    "costOfRevenue": 1297400000,
    "grossProfit": 827600000,
    "grossProfitRatio": 0.3894588235,
    "researchAndDevelopmentExpenses": 0,
    "generalAndAdministrativeExpenses": 0,
    "sellingAndMarketingExpenses": 0,
    "sellingGeneralAndAdministrativeExpenses": 501400000,
    "otherExpenses": 0,
    "operatingExpenses": 501400000,
    "costAndExpenses": 1798800000,
    "interestIncome": 3500000,
    "interestExpense": 38300000,
    "depreciationAndAmortization": 80800000,
    "ebitda": 429500000,
    "ebitdaratio": 0.2021176471,
    "operatingIncome": 326200000,
    "operatingIncomeRatio": 0.1535058824,
    "totalOtherIncomeExpensesNet": -15800000,
    "incomeBeforeTax": 310400000,
    "incomeBeforeTaxRatio": 0.1460705882,
    "incomeTaxExpense": 45100000,
    "netIncome": 266200000,
    "netIncomeRatio": 0.1252705882,
    "eps": 2.32,
    "epsdiluted": 2.31,
    "weightedAverageShsOut": 114300000,
    "weightedAverageShsOutDil": 114800000,
    "link": "https://www.sec.gov/Archives/edgar/data/1024478/000102447824000052/0001024478-24-000052-index.htm",
    "finalLink": "https://www.sec.gov/Archives/edgar/data/1024478/000102447824000052/rok-20240331.htm"
  },
  {
    "date": "2023-12-31",
    "symbol": "ROK",
    "reportedCurrency": "USD",
    "cik": "0001024478",
    "fillingDate": "2024-01-31",
    "acceptedDate": "2024-01-31 13:35:03",
    "calendarYear": "2024",
    "period": "Q1",
    "revenue": 2050800000,
    "costOfRevenue": 1265600000,
    "grossProfit": 785200000,
    "grossProfitRatio": 0.3828749756,
    "researchAndDevelopmentExpenses": 0,
    "generalAndAdministrativeExpenses": 0,
    "sellingAndMarketingExpenses": 0,
    "sellingGeneralAndAdministrativeExpenses": 513700000,
    "otherExpenses": 0,
    "operatingExpenses": 513700000,
    "costAndExpenses": 1779300000,
    "interestIncome": 5000000,
    "interestExpense": 32400000,
    "depreciationAndAmortization": 76900000,
    "ebitda": 368900000,
    "ebitdaratio": 0.179881022,
    "operatingIncome": 271500000,
    "operatingIncomeRatio": 0.132387361,
    "totalOtherIncomeExpensesNet": -11899999,
    "incomeBeforeTax": 259600000,
    "incomeBeforeTaxRatio": 0.1265847474,
    "incomeTaxExpense": 46900000,
    "netIncome": 215200000,
    "netIncomeRatio": 0.1049346596,
    "eps": 1.87,
    "epsdiluted": 1.86,
    "weightedAverageShsOut": 114600000,
    "weightedAverageShsOutDil": 115200000,
    "link": "https://www.sec.gov/Archives/edgar/data/1024478/000102447824000008/0001024478-24-000008-index.htm",
    "finalLink": "https://www.sec.gov/Archives/edgar/data/1024478/000102447824000008/rok-20231231.htm"
  },
  {
    "date": "2023-09-30",
    "symbol": "ROK",
    "reportedCurrency": "USD",
    "cik": "0001024478",
    "fillingDate": "2023-11-08",
    "acceptedDate": "2023-11-08 08:56:55",
    "calendarYear": "2023",
    "period": "Q4",
    "revenue": 2561500000,
    "costOfRevenue": 1515100000,
    "grossProfit": 1046400000,
    "grossProfitRatio": 0.4085106383,
    "researchAndDevelopmentExpenses": 0,
    "generalAndAdministrativeExpenses": 0,
    "sellingAndMarketingExpenses": 0,
    "sellingGeneralAndAdministrativeExpenses": 551500000,
    "otherExpenses": 0,
    "operatingExpenses": 551500000,
    "costAndExpenses": 2066600000,
    "interestIncome": 5600000,
    "interestExpense": 31000000,
    "depreciationAndAmortization": 68400000,
    "ebitda": 416800000,
    "ebitdaratio": 0.1627171579,
    "operatingIncome": 494900000,
    "operatingIncomeRatio": 0.1932071052,
    "totalOtherIncomeExpensesNet": -177500000,
    "incomeBeforeTax": 317400000,
    "incomeBeforeTaxRatio": 0.1239117704,
    "incomeTaxExpense": 111700000,
    "netIncome": 301600000,
    "netIncomeRatio": 0.1177435097,
    "eps": 2.64,
    "epsdiluted": 2.62,
    "weightedAverageShsOut": 114800000,
    "weightedAverageShsOutDil": 115600000,
    "link": "https://www.sec.gov/Archives/edgar/data/1024478/000102447823000126/0001024478-23-000126-index.htm",
    "finalLink": "https://www.sec.gov/Archives/edgar/data/1024478/000102447823000126/rok-20230930.htm"
  },
  {
    "date": "2023-06-30",
    "symbol": "ROK",
    "reportedCurrency": "USD",
    "cik": "0001024478",
    "fillingDate": "2023-08-01",
    "acceptedDate": "2023-08-01 11:39:33",
    "calendarYear": "2023",
    "period": "Q3",
    "revenue": 2236800000,
    "costOfRevenue": 1329600000,
    "grossProfit": 907200000,
    "grossProfitRatio": 0.4055793991,
    "researchAndDevelopmentExpenses": 0,
    "generalAndAdministrativeExpenses": 0,
    "sellingAndMarketingExpenses": 0,
    "sellingGeneralAndAdministrativeExpenses": 501400000,
    "otherExpenses": 0,
    "operatingExpenses": 501400000,
    "costAndExpenses": 1831000000,
    "interestIncome": 1500000,
    "interestExpense": 33500000,
    "depreciationAndAmortization": 62100000,
    "ebitda": 567400000,
    "ebitdaratio": 0.2536659514,
    "operatingIncome": 405800000,
    "operatingIncomeRatio": 0.1814198856,
    "totalOtherIncomeExpensesNet": 66000000,
    "incomeBeforeTax": 471800000,
    "incomeBeforeTaxRatio": 0.2109263233,
    "incomeTaxExpense": 73100000,
    "netIncome": 400200000,
    "netIncomeRatio": 0.178916309,
    "eps": 3.47,
    "epsdiluted": 3.45,
    "weightedAverageShsOut": 114800000,
    "weightedAverageShsOutDil": 115600000,
    "link": "https://www.sec.gov/Archives/edgar/data/1024478/000102447823000090/0001024478-23-000090-index.htm",
    "finalLink": "https://www.sec.gov/Archives/edgar/data/1024478/000102447823000090/rok-20230630.htm"
  },
  {
    "date": "2023-03-31",
    "symbol": "ROK",
    "reportedCurrency": "USD",
    "cik": "0001024478",
    "fillingDate": "2023-04-27",
    "acceptedDate": "2023-04-27 12:15:08",
    "calendarYear": "2023",
    "period": "Q2",
    "revenue": 2273700000,
    "costOfRevenue": 1349400000,
    "grossProfit": 924300000,
    "grossProfitRatio": 0.4065180103,
    "researchAndDevelopmentExpenses": 0,
    "generalAndAdministrativeExpenses": 0,
    "sellingAndMarketingExpenses": 0,
    "sellingGeneralAndAdministrativeExpenses": 501600000,
    "otherExpenses": 0,
    "operatingExpenses": 501600000,
    "costAndExpenses": 1851000000,
    "interestIncome": 1300000,
    "interestExpense": 34900000,
    "depreciationAndAmortization": 62100000,
    "ebitda": 448400000,
    "ebitdaratio": 0.1972115934,
    "operatingIncome": 422700000,
    "operatingIncomeRatio": 0.1859084312,
    "totalOtherIncomeExpensesNet": -71300000,
    "incomeBeforeTax": 351400000,
    "incomeBeforeTaxRatio": 0.1545498527,
    "incomeTaxExpense": 56500000,
    "netIncome": 300300000,
    "netIncomeRatio": 0.1320754717,
    "eps": 2.58,
    "epsdiluted": 2.59,
    "weightedAverageShsOut": 115600000,
    "weightedAverageShsOutDil": 115600000,
    "link": "https://www.sec.gov/Archives/edgar/data/1024478/000102447823000044/0001024478-23-000044-index.htm",
    "finalLink": "https://www.sec.gov/Archives/edgar/data/1024478/000102447823000044/rok-20230331.htm"
  },
  {
    "date": "2022-12-31",
    "symbol": "ROK",
    "reportedCurrency": "USD",
    "cik": "0001024478",
    "fillingDate": "2023-01-26",
    "acceptedDate": "2023-01-26 10:56:09",
    "calendarYear": "2023",
    "period": "Q1",
    "revenue": 1980000000,
    "costOfRevenue": 1180300000,
    "grossProfit": 799700000,
    "grossProfitRatio": 0.4038888889,
    "researchAndDevelopmentExpenses": 0,
    "generalAndAdministrativeExpenses": 0,
    "sellingAndMarketingExpenses": 0,
    "sellingGeneralAndAdministrativeExpenses": 469200000,
    "otherExpenses": 0,
    "operatingExpenses": 469200000,
    "costAndExpenses": 1649500000,
    "interestIncome": 1300000,
    "interestExpense": 33200000,
    "depreciationAndAmortization": 57800000,
    "ebitda": 558900000,
    "ebitdaratio": 0.2822727273,
    "operatingIncome": 330500000,
    "operatingIncomeRatio": 0.1669191919,
    "totalOtherIncomeExpensesNet": 137400000,
    "incomeBeforeTax": 467900000,
    "incomeBeforeTaxRatio": 0.2363131313,
    "incomeTaxExpense": 89200000,
    "netIncome": 384000000,
    "netIncomeRatio": 0.1939393939,
    "eps": 3.33,
    "epsdiluted": 3.31,
    "weightedAverageShsOut": 114800000,
    "weightedAverageShsOutDil": 115500000,
    "link": "https://www.sec.gov/Archives/edgar/data/1024478/000102447823000010/0001024478-23-000010-index.htm",
    "finalLink": "https://www.sec.gov/Archives/edgar/data/1024478/000102447823000010/rok-20221231.htm"
  },
  {
    "date": "2022-09-30",
    "symbol": "ROK",
    "reportedCurrency": "USD",
    "cik": "0001024478",
    "fillingDate": "2022-11-08",
    "acceptedDate": "2022-11-08 14:05:57",
    "calendarYear": "2022",
    "period": "Q4",
    "revenue": 2125800000,
    "costOfRevenue": 1252200000,
    "grossProfit": 873600000,
    "grossProfitRatio": 0.4109511713,
    "researchAndDevelopmentExpenses": 0,
    "generalAndAdministrativeExpenses": 0,
    "sellingAndMarketingExpenses": 0,
    "sellingGeneralAndAdministrativeExpenses": 448200000,
    "otherExpenses": 0,
    "operatingExpenses": 448200000,
    "costAndExpenses": 1700400000,
    "interestIncome": 2800000,
    "interestExpense": 32700000,
    "depreciationAndAmortization": 60700000,
    "ebitda": 499200000,
    "ebitdaratio": 0.2348292408,
    "operatingIncome": 425400000,
    "operatingIncomeRatio": 0.2001128987,
    "totalOtherIncomeExpensesNet": -19600000,
    "incomeBeforeTax": 405800000,
    "incomeBeforeTaxRatio": 0.1908928403,
    "incomeTaxExpense": 69800000,
    "netIncome": 337900000,
    "netIncomeRatio": 0.158951924,
    "eps": 2.92,
    "epsdiluted": 2.9,
    "weightedAverageShsOut": 115200000,
    "weightedAverageShsOutDil": 115800000,
    "link": "https://www.sec.gov/Archives/edgar/data/1024478/000102447822000093/0001024478-22-000093-index.htm",
    "finalLink": "https://www.sec.gov/Archives/edgar/data/1024478/000102447822000093/rok-20220930.htm"
  },
  {
    "date": "2022-06-30",
    "symbol": "ROK",
    "reportedCurrency": "USD",
    "cik": "0001024478",
    "fillingDate": "2022-07-27",
    "acceptedDate": "2022-07-27 12:01:19",
    "calendarYear": "2022",
    "period": "Q3",
    "revenue": 1968200000,
    "costOfRevenue": 1174200000,
    "grossProfit": 794000000,
    "grossProfitRatio": 0.4034142872,
    "researchAndDevelopmentExpenses": 0,
    "generalAndAdministrativeExpenses": 0,
    "sellingAndMarketingExpenses": 0,
    "sellingGeneralAndAdministrativeExpenses": 441700000,
    "otherExpenses": 0,
    "operatingExpenses": 441700000,
    "costAndExpenses": 1615900000,
    "interestIncome": 600000,
    "interestExpense": 29900000,
    "depreciationAndAmortization": 56800000,
    "ebitda": 430900000,
    "ebitdaratio": 0.2189310029,
    "operatingIncome": 352300000,
    "operatingIncomeRatio": 0.178996037,
    "totalOtherIncomeExpensesNet": -8100000,
    "incomeBeforeTax": 344200000,
    "incomeBeforeTaxRatio": 0.1748806016,
    "incomeTaxExpense": 49400000,
    "netIncome": 297900000,
    "netIncomeRatio": 0.1513565695,
    "eps": 2.56,
    "epsdiluted": 2.55,
    "weightedAverageShsOut": 116000000,
    "weightedAverageShsOutDil": 116500000,
    "link": "https://www.sec.gov/Archives/edgar/data/1024478/000102447822000063/0001024478-22-000063-index.htm",
    "finalLink": "https://www.sec.gov/Archives/edgar/data/1024478/000102447822000063/rok-20220630.htm"
  },
  {
    "date": "2022-03-31",
    "symbol": "ROK",
    "reportedCurrency": "USD",
    "cik": "0001024478",
    "fillingDate": "2022-05-03",
    "acceptedDate": "2022-05-03 12:27:34",
    "calendarYear": "2022",
    "period": "Q2",
    "revenue": 1808200000,
    "costOfRevenue": 1146200000,
    "grossProfit": 662000000,
    "grossProfitRatio": 0.3661099436,
    "researchAndDevelopmentExpenses": 0,
    "generalAndAdministrativeExpenses": 0,
    "sellingAndMarketingExpenses": 0,
    "sellingGeneralAndAdministrativeExpenses": 428500000,
    "otherExpenses": 0,
    "operatingExpenses": 428500000,
    "costAndExpenses": 1574700000,
    "interestIncome": 500000,
    "interestExpense": 29200000,
    "depreciationAndAmortization": 62500000,
    "ebitda": 132800000,
    "ebitdaratio": 0.0734432032,
    "operatingIncome": 233500000,
    "operatingIncomeRatio": 0.1291339454,
    "totalOtherIncomeExpensesNet": -192400000,
    "incomeBeforeTax": 41100000,
    "incomeBeforeTaxRatio": 0.0227297865,
    "incomeTaxExpense": -8300000,
    "netIncome": 53900000,
    "netIncomeRatio": 0.0298086495,
    "eps": 0.46,
    "epsdiluted": 0.46,
    "weightedAverageShsOut": 116200000,
    "weightedAverageShsOutDil": 117100000,
    "link": "https://www.sec.gov/Archives/edgar/data/1024478/000102447822000038/0001024478-22-000038-index.htm",
    "finalLink": "https://www.sec.gov/Archives/edgar/data/1024478/000102447822000038/rok-20220331.htm"
  },
  {
    "date": "2021-12-31",
    "symbol": "ROK",
    "reportedCurrency": "USD",
    "cik": "0001024478",
    "fillingDate": "2022-01-27",
    "acceptedDate": "2022-01-27 13:40:07",
    "calendarYear": "2022",
    "period": "Q1",
    "revenue": 1857500000,
    "costOfRevenue": 1107600000,
    "grossProfit": 749900000,
    "grossProfitRatio": 0.4037146703,
    "researchAndDevelopmentExpenses": 0,
    "generalAndAdministrativeExpenses": 0,
    "sellingAndMarketingExpenses": 0,
    "sellingGeneralAndAdministrativeExpenses": 447400000,
    "otherExpenses": 0,
    "operatingExpenses": 447400000,
    "costAndExpenses": 1555000000,
    "interestIncome": 500000,
    "interestExpense": 28700000,
    "depreciationAndAmortization": 58900000,
    "ebitda": 370100000,
    "ebitdaratio": 0.1992462988,
    "operatingIncome": 302500000,
    "operatingIncomeRatio": 0.1628532974,
    "totalOtherIncomeExpensesNet": -20000000,
    "incomeBeforeTax": 282500000,
    "incomeBeforeTaxRatio": 0.1520861373,
    "incomeTaxExpense": 43600000,
    "netIncome": 241500000,
    "netIncomeRatio": 0.130013459,
    "eps": 2.08,
    "epsdiluted": 2.05,
    "weightedAverageShsOut": 116000000,
    "weightedAverageShsOutDil": 117300000,
    "link": "https://www.sec.gov/Archives/edgar/data/1024478/000102447822000010/0001024478-22-000010-index.htm",
    "finalLink": "https://www.sec.gov/Archives/edgar/data/1024478/000102447822000010/rok-20211231.htm"
  },
  {
    "date": "2021-09-30",
    "symbol": "ROK",
    "reportedCurrency": "USD",
    "cik": "0001024478",
    "fillingDate": "2021-11-09",
    "acceptedDate": "2021-11-09 13:46:19",
    "calendarYear": "2021",
    "period": "Q4",
    "revenue": 1807200000,
    "costOfRevenue": 1085600000,
    "grossProfit": 721600000,
    "grossProfitRatio": 0.399291722,
    "researchAndDevelopmentExpenses": 0,
    "generalAndAdministrativeExpenses": 0,
    "sellingAndMarketingExpenses": 0,
    "sellingGeneralAndAdministrativeExpenses": 447400000,
    "otherExpenses": 0,
    "operatingExpenses": 447400000,
    "costAndExpenses": 1533000000,
    "interestIncome": 500000,
    "interestExpense": 25500000,
    "depreciationAndAmortization": 54100000,
    "ebitda": 83900000,
    "ebitdaratio": 0.0464254095,
    "operatingIncome": 274200000,
    "operatingIncomeRatio": 0.1517264276,
    "totalOtherIncomeExpensesNet": -269900000,
    "incomeBeforeTax": 4300000,
    "incomeBeforeTaxRatio": 0.0023793714,
    "incomeTaxExpense": -70300000,
    "netIncome": 78500000,
    "netIncomeRatio": 0.0434373617,
    "eps": 0.68,
    "epsdiluted": 0.67,
    "weightedAverageShsOut": 116000000,
    "weightedAverageShsOutDil": 117200000,
    "link": "https://www.sec.gov/Archives/edgar/data/1024478/000102447821000083/0001024478-21-000083-index.htm",
    "finalLink": "https://www.sec.gov/Archives/edgar/data/1024478/000102447821000083/rok-20210930.htm"
  },
  {
    "date": "2021-06-30",
    "symbol": "ROK",
    "reportedCurrency": "USD",
    "cik": "0001024478",
    "fillingDate": "2021-07-27",
    "acceptedDate": "2021-07-27 12:00:38",
    "calendarYear": "2021",
    "period": "Q3",
    "revenue": 1848100000,
    "costOfRevenue": 1075200000,
    "grossProfit": 772900000,
    "grossProfitRatio": 0.4182133001,
    "researchAndDevelopmentExpenses": 0,
    "generalAndAdministrativeExpenses": 0,
    "sellingAndMarketingExpenses": 0,
    "sellingGeneralAndAdministrativeExpenses": 437300000,
    "otherExpenses": 0,
    "operatingExpenses": 437300000,
    "costAndExpenses": 1512500000,
    "interestIncome": 300000,
    "interestExpense": 21900000,
    "depreciationAndAmortization": 45800000,
    "ebitda": 381200000,
    "ebitdaratio": 0.2062658947,
    "operatingIncome": 335600000,
    "operatingIncomeRatio": 0.1815919052,
    "totalOtherIncomeExpensesNet": -22100000,
    "incomeBeforeTax": 313500000,
    "incomeBeforeTaxRatio": 0.1696336778,
    "incomeTaxExpense": 44500000,
    "netIncome": 271300000,
    "netIncomeRatio": 0.1467994156,
    "eps": 2.34,
    "epsdiluted": 2.32,
    "weightedAverageShsOut": 116000000,
    "weightedAverageShsOutDil": 117000000,
    "link": "https://www.sec.gov/Archives/edgar/data/1024478/000102447821000035/0001024478-21-000035-index.htm",
    "finalLink": "https://www.sec.gov/Archives/edgar/data/1024478/000102447821000035/rok-20210630.htm"
  },
  {
    "date": "2021-03-31",
    "symbol": "ROK",
    "reportedCurrency": "USD",
    "cik": "0001024478",
    "fillingDate": "2021-04-28",
    "acceptedDate": "2021-04-28 13:33:27",
    "calendarYear": "2021",
    "period": "Q2",
    "revenue": 1775400000,
    "costOfRevenue": 999400000,
    "grossProfit": 776000000,
    "grossProfitRatio": 0.4370846007,
    "researchAndDevelopmentExpenses": 0,
    "generalAndAdministrativeExpenses": 0,
    "sellingAndMarketingExpenses": 0,
    "sellingGeneralAndAdministrativeExpenses": 421800000,
    "otherExpenses": 0,
    "operatingExpenses": 421800000,
    "costAndExpenses": 1421200000,
    "interestIncome": 500000,
    "interestExpense": 22800000,
    "depreciationAndAmortization": 45900000,
    "ebitda": 576400000,
    "ebitdaratio": 0.3246592317,
    "operatingIncome": 354200000,
    "operatingIncomeRatio": 0.1995043371,
    "totalOtherIncomeExpensesNet": 153500000,
    "incomeBeforeTax": 507700000,
    "incomeBeforeTaxRatio": 0.2859637265,
    "incomeTaxExpense": 97400000,
    "netIncome": 415000000,
    "netIncomeRatio": 0.2337501408,
    "eps": 3.57,
    "epsdiluted": 3.54,
    "weightedAverageShsOut": 116100000,
    "weightedAverageShsOutDil": 117100000,
    "link": "https://www.sec.gov/Archives/edgar/data/1024478/000102447821000013/0001024478-21-000013-index.htm",
    "finalLink": "https://www.sec.gov/Archives/edgar/data/1024478/000102447821000013/rok-20210331.htm"
  },
  {
    "date": "2020-12-31",
    "symbol": "ROK",
    "reportedCurrency": "USD",
    "cik": "0001024478",
    "fillingDate": "2021-01-26",
    "acceptedDate": "2021-01-26 13:12:37",
    "calendarYear": "2021",
    "period": "Q1",
    "revenue": 1564800000,
    "costOfRevenue": 914100000,
    "grossProfit": 650700000,
    "grossProfitRatio": 0.4158358896,
    "researchAndDevelopmentExpenses": 0,
    "generalAndAdministrativeExpenses": 0,
    "sellingAndMarketingExpenses": 0,
    "sellingGeneralAndAdministrativeExpenses": 375000000,
    "otherExpenses": 0,
    "operatingExpenses": 375000000,
    "costAndExpenses": 1289100000,
    "interestIncome": 300000,
    "interestExpense": 22100000,
    "depreciationAndAmortization": 44000000,
    "ebitda": 766800000,
    "ebitdaratio": 0.4900306748,
    "operatingIncome": 275700000,
    "operatingIncomeRatio": 0.1761886503,
    "totalOtherIncomeExpensesNet": 425000000,
    "incomeBeforeTax": 700700000,
    "incomeBeforeTaxRatio": 0.4477888548,
    "incomeTaxExpense": 110300000,
    "netIncome": 593300000,
    "netIncomeRatio": 0.3791538855,
    "eps": 5.11,
    "epsdiluted": 5.06,
    "weightedAverageShsOut": 116100000,
    "weightedAverageShsOutDil": 117100000,
    "link": "https://www.sec.gov/Archives/edgar/data/1024478/000102447821000005/0001024478-21-000005-index.htm",
    "finalLink": "https://www.sec.gov/Archives/edgar/data/1024478/000102447821000005/rok-20201231.htm"
  },
  {
    "date": "2020-09-30",
    "symbol": "ROK",
    "reportedCurrency": "USD",
    "cik": "0001024478",
    "fillingDate": "2020-11-10",
    "acceptedDate": "2020-11-10 13:49:48",
    "calendarYear": "2020",
    "period": "Q4",
    "revenue": 1569900000,
    "costOfRevenue": 930900000,
    "grossProfit": 639000000,
    "grossProfitRatio": 0.4070322951,
    "researchAndDevelopmentExpenses": 0,
    "generalAndAdministrativeExpenses": 0,
    "sellingAndMarketingExpenses": 0,
    "sellingGeneralAndAdministrativeExpenses": 354300000,
    "otherExpenses": 0,
    "operatingExpenses": 354300000,
    "costAndExpenses": 1285200000,
    "interestIncome": 0,
    "interestExpense": 25600000,
    "depreciationAndAmortization": 45000000,
    "ebitda": 370200000,
    "ebitdaratio": 0.2358111982,
    "operatingIncome": 284700000,
    "operatingIncomeRatio": 0.1813491305,
    "totalOtherIncomeExpensesNet": 14900000,
    "incomeBeforeTax": 299600000,
    "incomeBeforeTaxRatio": 0.1908401809,
    "incomeTaxExpense": 35900000,
    "netIncome": 263700000,
    "netIncomeRatio": 0.1679724823,
    "eps": 2.27,
    "epsdiluted": 2.25,
    "weightedAverageShsOut": 116200000,
    "weightedAverageShsOutDil": 116900000,
    "link": "https://www.sec.gov/Archives/edgar/data/1024478/000102447820000038/0001024478-20-000038-index.htm",
    "finalLink": "https://www.sec.gov/Archives/edgar/data/1024478/000102447820000038/fy2020form10k.htm"
  },
  {
    "date": "2020-06-30",
    "symbol": "ROK",
    "reportedCurrency": "USD",
    "cik": "0001024478",
    "fillingDate": "2020-07-28",
    "acceptedDate": "2020-07-28 13:15:43",
    "calendarYear": "2020",
    "period": "Q3",
    "revenue": 1395000000,
    "costOfRevenue": 847200000,
    "grossProfit": 547800000,
    "grossProfitRatio": 0.392688172,
    "researchAndDevelopmentExpenses": 0,
    "generalAndAdministrativeExpenses": 0,
    "sellingAndMarketingExpenses": 0,
    "sellingGeneralAndAdministrativeExpenses": 369500000,
    "otherExpenses": 0,
    "operatingExpenses": 369500000,
    "costAndExpenses": 1216700000,
    "interestIncome": 0,
    "interestExpense": 25000000,
    "depreciationAndAmortization": 43500000,
    "ebitda": 403000000,
    "ebitdaratio": 0.2888888889,
    "operatingIncome": 178300000,
    "operatingIncomeRatio": 0.1278136201,
    "totalOtherIncomeExpensesNet": 156200000,
    "incomeBeforeTax": 334500000,
    "incomeBeforeTaxRatio": 0.2397849462,
    "incomeTaxExpense": 20300000,
    "netIncome": 317800000,
    "netIncomeRatio": 0.2278136201,
    "eps": 2.74,
    "epsdiluted": 2.73,
    "weightedAverageShsOut": 115700000,
    "weightedAverageShsOutDil": 116400000,
    "link": "https://www.sec.gov/Archives/edgar/data/1024478/000102447820000026/0001024478-20-000026-index.htm",
    "finalLink": "https://www.sec.gov/Archives/edgar/data/1024478/000102447820000026/rok-20200630x10q.htm"
  },
  {
    "date": "2020-03-31",
    "symbol": "ROK",
    "reportedCurrency": "USD",
    "cik": "0001024478",
    "fillingDate": "2020-04-28",
    "acceptedDate": "2020-04-28 13:46:06",
    "calendarYear": "2020",
    "period": "Q2",
    "revenue": 1681200000,
    "costOfRevenue": 989500000,
    "grossProfit": 691700000,
    "grossProfitRatio": 0.4114323103,
    "researchAndDevelopmentExpenses": 0,
    "generalAndAdministrativeExpenses": 0,
    "sellingAndMarketingExpenses": 0,
    "sellingGeneralAndAdministrativeExpenses": 351500000,
    "otherExpenses": 0,
    "operatingExpenses": 351500000,
    "costAndExpenses": 1341000000,
    "interestIncome": 0,
    "interestExpense": 23500000,
    "depreciationAndAmortization": 42300000,
    "ebitda": 234600000,
    "ebitdaratio": 0.1395431834,
    "operatingIncome": 340200000,
    "operatingIncomeRatio": 0.2023554604,
    "totalOtherIncomeExpensesNet": -172800000,
    "incomeBeforeTax": 167400000,
    "incomeBeforeTaxRatio": 0.0995717345,
    "incomeTaxExpense": 37500000,
    "netIncome": 132200000,
    "netIncomeRatio": 0.0786343088,
    "eps": 1.14,
    "epsdiluted": 1.13,
    "weightedAverageShsOut": 116000000,
    "weightedAverageShsOutDil": 116600000,
    "link": "https://www.sec.gov/Archives/edgar/data/1024478/000102447820000017/0001024478-20-000017-index.htm",
    "finalLink": "https://www.sec.gov/Archives/edgar/data/1024478/000102447820000017/rok-20200331x10q.htm"
  },
  {
    "date": "2019-12-31",
    "symbol": "ROK",
    "reportedCurrency": "USD",
    "cik": "0001024478",
    "fillingDate": "2020-01-29",
    "acceptedDate": "2020-01-29 14:36:35",
    "calendarYear": "2020",
    "period": "Q1",
    "revenue": 1684400000,
    "costOfRevenue": 986600000,
    "grossProfit": 697800000,
    "grossProfitRatio": 0.4142721444,
    "researchAndDevelopmentExpenses": 0,
    "generalAndAdministrativeExpenses": 0,
    "sellingAndMarketingExpenses": 0,
    "sellingGeneralAndAdministrativeExpenses": 403100000,
    "otherExpenses": 0,
    "operatingExpenses": 403100000,
    "costAndExpenses": 1389700000,
    "interestIncome": 0,
    "interestExpense": 24000000,
    "depreciationAndAmortization": 41900000,
    "ebitda": 402400000,
    "ebitdaratio": 0.238898124,
    "operatingIncome": 294700000,
    "operatingIncomeRatio": 0.1749584422,
    "totalOtherIncomeExpensesNet": 39900000,
    "incomeBeforeTax": 334600000,
    "incomeBeforeTaxRatio": 0.1986464023,
    "incomeTaxExpense": 19200000,
    "netIncome": 310700000,
    "netIncomeRatio": 0.1844573735,
    "eps": 2.68,
    "epsdiluted": 2.66,
    "weightedAverageShsOut": 115700000,
    "weightedAverageShsOutDil": 116600000,
    "link": "https://www.sec.gov/Archives/edgar/data/1024478/000102447820000005/0001024478-20-000005-index.htm",
    "finalLink": "https://www.sec.gov/Archives/edgar/data/1024478/000102447820000005/rok-20191231x10q.htm"
  },
  {
    "date": "2019-09-30",
    "symbol": "ROK",
    "reportedCurrency": "USD",
    "cik": "0001024478",
    "fillingDate": "2019-11-12",
    "acceptedDate": "2019-11-12 10:58:12",
    "calendarYear": "2019",
    "period": "Q4",
    "revenue": 1729500000,
    "costOfRevenue": 1013200000,
    "grossProfit": 716300000,
    "grossProfitRatio": 0.4141659439,
    "researchAndDevelopmentExpenses": 0,
    "generalAndAdministrativeExpenses": 0,
    "sellingAndMarketingExpenses": 0,
    "sellingGeneralAndAdministrativeExpenses": 404700000,
    "otherExpenses": 0,
    "operatingExpenses": 404700000,
    "costAndExpenses": 1417900000,
    "interestIncome": 0,
    "interestExpense": 27000000,
    "depreciationAndAmortization": 40000000,
    "ebitda": 123400000,
    "ebitdaratio": 0.0713501012,
    "operatingIncome": 311600000,
    "operatingIncomeRatio": 0.1801676785,
    "totalOtherIncomeExpensesNet": -255200000,
    "incomeBeforeTax": 56400000,
    "incomeBeforeTaxRatio": 0.0326105811,
    "incomeTaxExpense": 48300000,
    "netIncome": 8100000,
    "netIncomeRatio": 0.0046834345,
    "eps": 0.07,
    "epsdiluted": 0.07,
    "weightedAverageShsOut": 115700000,
    "weightedAverageShsOutDil": 117000000,
    "link": "https://www.sec.gov/Archives/edgar/data/1024478/000102447819000044/0001024478-19-000044-index.htm",
    "finalLink": "https://www.sec.gov/Archives/edgar/data/1024478/000102447819000044/fy2019form10k.htm"
  },
  {
    "date": "2019-06-30",
    "symbol": "ROK",
    "reportedCurrency": "USD",
    "cik": "0001024478",
    "fillingDate": "2019-07-25",
    "acceptedDate": "2019-07-25 13:30:49",
    "calendarYear": "2019",
    "period": "Q3",
    "revenue": 1665000000,
    "costOfRevenue": 940600000,
    "grossProfit": 724400000,
    "grossProfitRatio": 0.4350750751,
    "researchAndDevelopmentExpenses": 0,
    "generalAndAdministrativeExpenses": 0,
    "sellingAndMarketingExpenses": 0,
    "sellingGeneralAndAdministrativeExpenses": 361300000,
    "otherExpenses": 0,
    "operatingExpenses": 361300000,
    "costAndExpenses": 1301900000,
    "interestIncome": 0,
    "interestExpense": 26300000,
    "depreciationAndAmortization": 36900000,
    "ebitda": 384600000,
    "ebitdaratio": 0.230990991,
    "operatingIncome": 363100000,
    "operatingIncomeRatio": 0.2180780781,
    "totalOtherIncomeExpensesNet": -41700000,
    "incomeBeforeTax": 321400000,
    "incomeBeforeTaxRatio": 0.193033033,
    "incomeTaxExpense": 60000000,
    "netIncome": 261400000,
    "netIncomeRatio": 0.156996997,
    "eps": 2.23,
    "epsdiluted": 2.2,
    "weightedAverageShsOut": 117007640,
    "weightedAverageShsOutDil": 118600000,
    "link": "https://www.sec.gov/Archives/edgar/data/1024478/000102447819000036/0001024478-19-000036-index.htm",
    "finalLink": "https://www.sec.gov/Archives/edgar/data/1024478/000102447819000036/rok-20190630x10q.htm"
  },
  {
    "date": "2019-03-31",
    "symbol": "ROK",
    "reportedCurrency": "USD",
    "cik": "0001024478",
    "fillingDate": "2019-04-25",
    "acceptedDate": "2019-04-25 13:05:20",
    "calendarYear": "2019",
    "period": "Q2",
    "revenue": 1656600000,
    "costOfRevenue": 952300000,
    "grossProfit": 704300000,
    "grossProfitRatio": 0.4251478933,
    "researchAndDevelopmentExpenses": 0,
    "generalAndAdministrativeExpenses": 0,
    "sellingAndMarketingExpenses": 0,
    "sellingGeneralAndAdministrativeExpenses": 385000000,
    "otherExpenses": 0,
    "operatingExpenses": 385000000,
    "costAndExpenses": 1337300000,
    "interestIncome": 0,
    "interestExpense": 23700000,
    "depreciationAndAmortization": 39400000,
    "ebitda": 465500000,
    "ebitdaratio": 0.2809972232,
    "operatingIncome": 319300000,
    "operatingIncomeRatio": 0.1927441748,
    "totalOtherIncomeExpensesNet": 83100000,
    "incomeBeforeTax": 402400000,
    "incomeBeforeTaxRatio": 0.2429071592,
    "incomeTaxExpense": 56400000,
    "netIncome": 346000000,
    "netIncomeRatio": 0.2088615236,
    "eps": 2.92,
    "epsdiluted": 2.88,
    "weightedAverageShsOut": 118362039,
    "weightedAverageShsOutDil": 120000000,
    "link": "https://www.sec.gov/Archives/edgar/data/1024478/000102447819000018/0001024478-19-000018-index.htm",
    "finalLink": "https://www.sec.gov/Archives/edgar/data/1024478/000102447819000018/rok-20190331x10q.htm"
  },
  {
    "date": "2018-12-31",
    "symbol": "ROK",
    "reportedCurrency": "USD",
    "cik": "0001024478",
    "fillingDate": "2019-01-31",
    "acceptedDate": "2019-01-31 13:01:51",
    "calendarYear": "2019",
    "period": "Q1",
    "revenue": 1642700000,
    "costOfRevenue": 906800000,
    "grossProfit": 735900000,
    "grossProfitRatio": 0.4479819809,
    "researchAndDevelopmentExpenses": 0,
    "generalAndAdministrativeExpenses": 0,
    "sellingAndMarketingExpenses": 0,
    "sellingGeneralAndAdministrativeExpenses": 386200000,
    "otherExpenses": 0,
    "operatingExpenses": 386200000,
    "costAndExpenses": 1293000000,
    "interestIncome": 0,
    "interestExpense": 20700000,
    "depreciationAndAmortization": 35900000,
    "ebitda": 177400000,
    "ebitdaratio": 0.1079929385,
    "operatingIncome": 349700000,
    "operatingIncomeRatio": 0.2128812321,
    "totalOtherIncomeExpensesNet": -228900000,
    "incomeBeforeTax": 120800000,
    "incomeBeforeTaxRatio": 0.0735374688,
    "incomeTaxExpense": 40500000,
    "netIncome": 80300000,
    "netIncomeRatio": 0.0488829366,
    "eps": 0.67,
    "epsdiluted": 0.66,
    "weightedAverageShsOut": 119543966,
    "weightedAverageShsOutDil": 121500000,
    "link": "https://www.sec.gov/Archives/edgar/data/1024478/000102447819000009/0001024478-19-000009-index.htm",
    "finalLink": "https://www.sec.gov/Archives/edgar/data/1024478/000102447819000009/rok-20181231x10q.htm"
  },
  {
    "date": "2018-09-30",
    "symbol": "ROK",
    "reportedCurrency": "USD",
    "cik": "0001024478",
    "fillingDate": "2018-11-09",
    "acceptedDate": "2018-11-09 12:00:41",
    "calendarYear": "2018",
    "period": "Q4",
    "revenue": 1728600000,
    "costOfRevenue": 993900000,
    "grossProfit": 734700000,
    "grossProfitRatio": 0.4250260326,
    "researchAndDevelopmentExpenses": 0,
    "generalAndAdministrativeExpenses": 0,
    "sellingAndMarketingExpenses": 0,
    "sellingGeneralAndAdministrativeExpenses": 415100000,
    "otherExpenses": 0,
    "operatingExpenses": 415100000,
    "costAndExpenses": 1409000000,
    "interestIncome": 0,
    "interestExpense": 19200000,
    "depreciationAndAmortization": 39700000,
    "ebitda": 540600000,
    "ebitdaratio": 0.3127386324,
    "operatingIncome": 319600000,
    "operatingIncomeRatio": 0.184889506,
    "totalOtherIncomeExpensesNet": 162100000,
    "incomeBeforeTax": 481700000,
    "incomeBeforeTaxRatio": 0.2786648155,
    "incomeTaxExpense": 135800000,
    "netIncome": 345900000,
    "netIncomeRatio": 0.2001041305,
    "eps": 2.86,
    "epsdiluted": 2.8,
    "weightedAverageShsOut": 121100000,
    "weightedAverageShsOutDil": 123500000,
    "link": "https://www.sec.gov/Archives/edgar/data/1024478/000102447818000032/0001024478-18-000032-index.htm",
    "finalLink": "https://www.sec.gov/Archives/edgar/data/1024478/000102447818000032/fy2018form10k.htm"
  },
  {
    "date": "2018-06-30",
    "symbol": "ROK",
    "reportedCurrency": "USD",
    "cik": "0001024478",
    "fillingDate": "2018-07-27",
    "acceptedDate": "2018-07-27 09:17:36",
    "calendarYear": "2018",
    "period": "Q3",
    "revenue": 1698500000,
    "costOfRevenue": 950600000,
    "grossProfit": 747900000,
    "grossProfitRatio": 0.4403297027,
    "researchAndDevelopmentExpenses": 0,
    "generalAndAdministrativeExpenses": 0,
    "sellingAndMarketingExpenses": 0,
    "sellingGeneralAndAdministrativeExpenses": 399800000,
    "otherExpenses": 0,
    "operatingExpenses": 399800000,
    "costAndExpenses": 1350400000,
    "interestIncome": 0,
    "interestExpense": 16500000,
    "depreciationAndAmortization": 42100000,
    "ebitda": 310300000,
    "ebitdaratio": 0.1826906094,
    "operatingIncome": 348100000,
    "operatingIncomeRatio": 0.2049455402,
    "totalOtherIncomeExpensesNet": -96400000,
    "incomeBeforeTax": 251700000,
    "incomeBeforeTaxRatio": 0.148189579,
    "incomeTaxExpense": 53100000,
    "netIncome": 198600000,
    "netIncomeRatio": 0.1169267,
    "eps": 1.61,
    "epsdiluted": 1.58,
    "weightedAverageShsOut": 123164853,
    "weightedAverageShsOutDil": 125800000,
    "link": "https://www.sec.gov/Archives/edgar/data/1024478/000102447818000024/0001024478-18-000024-index.htm",
    "finalLink": "https://www.sec.gov/Archives/edgar/data/1024478/000102447818000024/rok-2018630x10q.htm"
  },
  {
    "date": "2018-03-31",
    "symbol": "ROK",
    "reportedCurrency": "USD",
    "cik": "0001024478",
    "fillingDate": "2018-05-02",
    "acceptedDate": "2018-05-02 11:49:15",
    "calendarYear": "2018",
    "period": "Q2",
    "revenue": 1650400000,
    "costOfRevenue": 938900000,
    "grossProfit": 711500000,
    "grossProfitRatio": 0.4311076103,
    "researchAndDevelopmentExpenses": 0,
    "generalAndAdministrativeExpenses": 0,
    "sellingAndMarketingExpenses": 0,
    "sellingGeneralAndAdministrativeExpenses": 387400000,
    "otherExpenses": 0,
    "operatingExpenses": 387400000,
    "costAndExpenses": 1326300000,
    "interestIncome": 0,
    "interestExpense": 17300000,
    "depreciationAndAmortization": 43200000,
    "ebitda": 360100000,
    "ebitdaratio": 0.2181895298,
    "operatingIncome": 324100000,
    "operatingIncomeRatio": 0.196376636,
    "totalOtherIncomeExpensesNet": -24500000,
    "incomeBeforeTax": 299600000,
    "incomeBeforeTaxRatio": 0.1815317499,
    "incomeTaxExpense": 72200000,
    "netIncome": 227400000,
    "netIncomeRatio": 0.1377847794,
    "eps": 1.81,
    "epsdiluted": 1.77,
    "weightedAverageShsOut": 125580404,
    "weightedAverageShsOutDil": 128500000,
    "link": "https://www.sec.gov/Archives/edgar/data/1024478/000102447818000014/0001024478-18-000014-index.htm",
    "finalLink": "https://www.sec.gov/Archives/edgar/data/1024478/000102447818000014/rok-2018331x10q.htm"
  },
  {
    "date": "2017-12-31",
    "symbol": "ROK",
    "reportedCurrency": "USD",
    "cik": "0001024478",
    "fillingDate": "2018-01-31",
    "acceptedDate": "2018-01-31 16:02:22",
    "calendarYear": "2018",
    "period": "Q1",
    "revenue": 1586100000,
    "costOfRevenue": 880500000,
    "grossProfit": 705600000,
    "grossProfitRatio": 0.4448647626,
    "researchAndDevelopmentExpenses": 0,
    "generalAndAdministrativeExpenses": 0,
    "sellingAndMarketingExpenses": 0,
    "sellingGeneralAndAdministrativeExpenses": 386800000,
    "otherExpenses": 0,
    "operatingExpenses": 386800000,
    "costAndExpenses": 1267300000,
    "interestIncome": 0,
    "interestExpense": 20000000,
    "depreciationAndAmortization": 39600000,
    "ebitda": 357400000,
    "ebitdaratio": 0.2253325768,
    "operatingIncome": 318800000,
    "operatingIncomeRatio": 0.2009961541,
    "totalOtherIncomeExpensesNet": -21000000,
    "incomeBeforeTax": 297800000,
    "incomeBeforeTaxRatio": 0.1877561314,
    "incomeTaxExpense": 534200000,
    "netIncome": -236400000,
    "netIncomeRatio": -0.1490448269,
    "eps": -1.85,
    "epsdiluted": -1.85,
    "weightedAverageShsOut": 127784810,
    "weightedAverageShsOutDil": 127784810,
    "link": "https://www.sec.gov/Archives/edgar/data/1024478/000102447818000006/0001024478-18-000006-index.htm",
    "finalLink": "https://www.sec.gov/Archives/edgar/data/1024478/000102447818000006/rok-20181231x10q.htm"
  },
  {
    "date": "2017-09-30",
    "symbol": "ROK",
    "reportedCurrency": "USD",
    "cik": "0001024478",
    "fillingDate": "2017-11-15",
    "acceptedDate": "2017-11-15 11:51:58",
    "calendarYear": "2017",
    "period": "Q4",
    "revenue": 1668000000,
    "costOfRevenue": 1020800000,
    "grossProfit": 647200000,
    "grossProfitRatio": 0.3880095923,
    "researchAndDevelopmentExpenses": 0,
    "generalAndAdministrativeExpenses": 0,
    "sellingAndMarketingExpenses": 0,
    "sellingGeneralAndAdministrativeExpenses": 425700000,
    "otherExpenses": 0,
    "operatingExpenses": 425700000,
    "costAndExpenses": 1446500000,
    "interestIncome": 0,
    "interestExpense": 19500000,
    "depreciationAndAmortization": 44900000,
    "ebitda": 337900000,
    "ebitdaratio": 0.2025779376,
    "operatingIncome": 221500000,
    "operatingIncomeRatio": 0.132793765,
    "totalOtherIncomeExpensesNet": 52000000,
    "incomeBeforeTax": 273500000,
    "incomeBeforeTaxRatio": 0.1639688249,
    "incomeTaxExpense": 68900000,
    "netIncome": 204600000,
    "netIncomeRatio": 0.1226618705,
    "eps": 1.59,
    "epsdiluted": 1.57,
    "weightedAverageShsOut": 128400000,
    "weightedAverageShsOutDil": 129800000,
    "link": "https://www.sec.gov/Archives/edgar/data/1024478/000102447817000034/0001024478-17-000034-index.htm",
    "finalLink": "https://www.sec.gov/Archives/edgar/data/1024478/000102447817000034/fy2017form10k.htm"
  },
  {
    "date": "2017-06-30",
    "symbol": "ROK",
    "reportedCurrency": "USD",
    "cik": "0001024478",
    "fillingDate": "2017-08-02",
    "acceptedDate": "2017-08-02 12:40:08",
    "calendarYear": "2017",
    "period": "Q3",
    "revenue": 1599900000,
    "costOfRevenue": 921300000,
    "grossProfit": 678600000,
    "grossProfitRatio": 0.4241515095,
    "researchAndDevelopmentExpenses": 0,
    "generalAndAdministrativeExpenses": 0,
    "sellingAndMarketingExpenses": 0,
    "sellingGeneralAndAdministrativeExpenses": 386700000,
    "otherExpenses": 0,
    "operatingExpenses": 386700000,
    "costAndExpenses": 1308000000,
    "interestIncome": 0,
    "interestExpense": 19100000,
    "depreciationAndAmortization": 43000000,
    "ebitda": 338100000,
    "ebitdaratio": 0.2113257079,
    "operatingIncome": 291900000,
    "operatingIncomeRatio": 0.1824489031,
    "totalOtherIncomeExpensesNet": -15900000,
    "incomeBeforeTax": 276000000,
    "incomeBeforeTaxRatio": 0.1725107819,
    "incomeTaxExpense": 59100000,
    "netIncome": 216900000,
    "netIncomeRatio": 0.1355709732,
    "eps": 1.69,
    "epsdiluted": 1.67,
    "weightedAverageShsOut": 128359188,
    "weightedAverageShsOutDil": 129900000,
    "link": "https://www.sec.gov/Archives/edgar/data/1024478/000102447817000028/0001024478-17-000028-index.htm",
    "finalLink": "https://www.sec.gov/Archives/edgar/data/1024478/000102447817000028/rok-2017630x10q.htm"
  },
  {
    "date": "2017-03-31",
    "symbol": "ROK",
    "reportedCurrency": "USD",
    "cik": "0001024478",
    "fillingDate": "2017-05-05",
    "acceptedDate": "2017-05-05 14:32:08",
    "calendarYear": "2017",
    "period": "Q2",
    "revenue": 1555300000,
    "costOfRevenue": 895200000,
    "grossProfit": 660100000,
    "grossProfitRatio": 0.4244197261,
    "researchAndDevelopmentExpenses": 0,
    "generalAndAdministrativeExpenses": 0,
    "sellingAndMarketingExpenses": 0,
    "sellingGeneralAndAdministrativeExpenses": 408900000,
    "otherExpenses": 0,
    "operatingExpenses": 408900000,
    "costAndExpenses": 1304100000,
    "interestIncome": 0,
    "interestExpense": 18900000,
    "depreciationAndAmortization": 40600000,
    "ebitda": 289800000,
    "ebitdaratio": 0.1863306115,
    "operatingIncome": 251200000,
    "operatingIncomeRatio": 0.1615122484,
    "totalOtherIncomeExpensesNet": -20900000,
    "incomeBeforeTax": 230300000,
    "incomeBeforeTaxRatio": 0.1480743265,
    "incomeTaxExpense": 40800000,
    "netIncome": 189500000,
    "netIncomeRatio": 0.1218414454,
    "eps": 1.47,
    "epsdiluted": 1.45,
    "weightedAverageShsOut": 128835404,
    "weightedAverageShsOutDil": 130300000,
    "link": "https://www.sec.gov/Archives/edgar/data/1024478/000102447817000015/0001024478-17-000015-index.htm",
    "finalLink": "https://www.sec.gov/Archives/edgar/data/1024478/000102447817000015/rok-2017331x10q.htm"
  },
  {
    "date": "2016-12-31",
    "symbol": "ROK",
    "reportedCurrency": "USD",
    "cik": "0001024478",
    "fillingDate": "2017-02-02",
    "acceptedDate": "2017-02-02 13:39:32",
    "calendarYear": "2017",
    "period": "Q1",
    "revenue": 1490800000,
    "costOfRevenue": 847000000,
    "grossProfit": 643800000,
    "grossProfitRatio": 0.4318486719,
    "researchAndDevelopmentExpenses": 0,
    "generalAndAdministrativeExpenses": 0,
    "sellingAndMarketingExpenses": 0,
    "sellingGeneralAndAdministrativeExpenses": 369700000,
    "otherExpenses": 0,
    "operatingExpenses": 369700000,
    "costAndExpenses": 1216700000,
    "interestIncome": 0,
    "interestExpense": 18700000,
    "depreciationAndAmortization": 40400000,
    "ebitda": 316700000,
    "ebitdaratio": 0.2124362758,
    "operatingIncome": 274100000,
    "operatingIncomeRatio": 0.1838610142,
    "totalOtherIncomeExpensesNet": -16499999,
    "incomeBeforeTax": 257600000,
    "incomeBeforeTaxRatio": 0.1727931312,
    "incomeTaxExpense": 42900000,
    "netIncome": 214700000,
    "netIncomeRatio": 0.1440166354,
    "eps": 1.67,
    "epsdiluted": 1.65,
    "weightedAverageShsOut": 128599808,
    "weightedAverageShsOutDil": 129700000,
    "link": "https://www.sec.gov/Archives/edgar/data/1024478/000102447817000008/0001024478-17-000008-index.htm",
    "finalLink": "https://www.sec.gov/Archives/edgar/data/1024478/000102447817000008/rok-20171231x10q.htm"
  },
  {
    "date": "2016-09-30",
    "symbol": "ROK",
    "reportedCurrency": "USD",
    "cik": "0001024478",
    "fillingDate": "2016-11-15",
    "acceptedDate": "2016-11-15 13:03:41",
    "calendarYear": "2016",
    "period": "Q4",
    "revenue": 1539000000,
    "costOfRevenue": 891200000,
    "grossProfit": 647800000,
    "grossProfitRatio": 0.4209226771,
    "researchAndDevelopmentExpenses": 0,
    "generalAndAdministrativeExpenses": 0,
    "sellingAndMarketingExpenses": 0,
    "sellingGeneralAndAdministrativeExpenses": 402100000,
    "otherExpenses": 0,
    "operatingExpenses": 402100000,
    "costAndExpenses": 1293300000,
    "interestIncome": 0,
    "interestExpense": 18200000,
    "depreciationAndAmortization": 43000000,
    "ebitda": 298100000,
    "ebitdaratio": 0.193697206,
    "operatingIncome": 245700000,
    "operatingIncomeRatio": 0.1596491228,
    "totalOtherIncomeExpensesNet": -8800000,
    "incomeBeforeTax": 236900000,
    "incomeBeforeTaxRatio": 0.1539311241,
    "incomeTaxExpense": 51700000,
    "netIncome": 185200000,
    "netIncomeRatio": 0.1203378817,
    "eps": 1.44,
    "epsdiluted": 1.43,
    "weightedAverageShsOut": 128500000,
    "weightedAverageShsOutDil": 129800000,
    "link": "https://www.sec.gov/Archives/edgar/data/1024478/000102447816000071/0001024478-16-000071-index.htm",
    "finalLink": "https://www.sec.gov/Archives/edgar/data/1024478/000102447816000071/fy2016form10k.htm"
  },
  {
    "date": "2016-06-30",
    "symbol": "ROK",
    "reportedCurrency": "USD",
    "cik": "0001024478",
    "fillingDate": "2016-08-03",
    "acceptedDate": "2016-08-03 12:37:57",
    "calendarYear": "2016",
    "period": "Q3",
    "revenue": 1474000000,
    "costOfRevenue": 857200000,
    "grossProfit": 616800000,
    "grossProfitRatio": 0.4184531886,
    "researchAndDevelopmentExpenses": 0,
    "generalAndAdministrativeExpenses": 0,
    "sellingAndMarketingExpenses": 0,
    "sellingGeneralAndAdministrativeExpenses": 346700000,
    "otherExpenses": 0,
    "operatingExpenses": 346700000,
    "costAndExpenses": 1203900000,
    "interestIncome": 0,
    "interestExpense": 18100000,
    "depreciationAndAmortization": 42800000,
    "ebitda": 313200000,
    "ebitdaratio": 0.2124830393,
    "operatingIncome": 270100000,
    "operatingIncomeRatio": 0.1832428765,
    "totalOtherIncomeExpensesNet": -17800000,
    "incomeBeforeTax": 252300000,
    "incomeBeforeTaxRatio": 0.1711668928,
    "incomeTaxExpense": 61300000,
    "netIncome": 191000000,
    "netIncomeRatio": 0.1295793758,
    "eps": 1.48,
    "epsdiluted": 1.46,
    "weightedAverageShsOut": 129400073,
    "weightedAverageShsOutDil": 130800000,
    "link": "https://www.sec.gov/Archives/edgar/data/1024478/000102447816000062/0001024478-16-000062-index.htm",
    "finalLink": "https://www.sec.gov/Archives/edgar/data/1024478/000102447816000062/rok-20160630x10q.htm"
  },
  {
    "date": "2016-03-31",
    "symbol": "ROK",
    "reportedCurrency": "USD",
    "cik": "0001024478",
    "fillingDate": "2016-05-04",
    "acceptedDate": "2016-05-04 11:43:39",
    "calendarYear": "2016",
    "period": "Q2",
    "revenue": 1440300000,
    "costOfRevenue": 846200000,
    "grossProfit": 594100000,
    "grossProfitRatio": 0.4124835104,
    "researchAndDevelopmentExpenses": 0,
    "generalAndAdministrativeExpenses": 0,
    "sellingAndMarketingExpenses": 0,
    "sellingGeneralAndAdministrativeExpenses": 358700000,
    "otherExpenses": 0,
    "operatingExpenses": 358700000,
    "costAndExpenses": 1204900000,
    "interestIncome": 0,
    "interestExpense": 17600000,
    "depreciationAndAmortization": 45100000,
    "ebitda": 279700000,
    "ebitdaratio": 0.1941956537,
    "operatingIncome": 235400000,
    "operatingIncomeRatio": 0.1634381726,
    "totalOtherIncomeExpensesNet": -18400000,
    "incomeBeforeTax": 217000000,
    "incomeBeforeTaxRatio": 0.1506630563,
    "incomeTaxExpense": 49000000,
    "netIncome": 168000000,
    "netIncomeRatio": 0.1166423662,
    "eps": 1.29,
    "epsdiluted": 1.28,
    "weightedAverageShsOut": 130263542,
    "weightedAverageShsOutDil": 131300000,
    "link": "https://www.sec.gov/Archives/edgar/data/1024478/000102447816000044/0001024478-16-000044-index.htm",
    "finalLink": "https://www.sec.gov/Archives/edgar/data/1024478/000102447816000044/rok-20160331x10q.htm"
  },
  {
    "date": "2015-12-31",
    "symbol": "ROK",
    "reportedCurrency": "USD",
    "cik": "0001024478",
    "fillingDate": "2016-02-03",
    "acceptedDate": "2016-02-03 12:07:03",
    "calendarYear": "2016",
    "period": "Q1",
    "revenue": 1426600000,
    "costOfRevenue": 813900000,
    "grossProfit": 612700000,
    "grossProfitRatio": 0.4294826861,
    "researchAndDevelopmentExpenses": 0,
    "generalAndAdministrativeExpenses": 0,
    "sellingAndMarketingExpenses": 0,
    "sellingGeneralAndAdministrativeExpenses": 359900000,
    "otherExpenses": 0,
    "operatingExpenses": 359900000,
    "costAndExpenses": 1173800000,
    "interestIncome": 0,
    "interestExpense": 17400000,
    "depreciationAndAmortization": 41300000,
    "ebitda": 295600000,
    "ebitdaratio": 0.2072059442,
    "operatingIncome": 252800000,
    "operatingIncomeRatio": 0.1772045423,
    "totalOtherIncomeExpensesNet": -15900000,
    "incomeBeforeTax": 236900000,
    "incomeBeforeTaxRatio": 0.1660591616,
    "incomeTaxExpense": 51400000,
    "netIncome": 185500000,
    "netIncomeRatio": 0.1300294406,
    "eps": 1.41,
    "epsdiluted": 1.4,
    "weightedAverageShsOut": 131423076,
    "weightedAverageShsOutDil": 132600000,
    "link": "https://www.sec.gov/Archives/edgar/data/1024478/000102447816000038/0001024478-16-000038-index.htm",
    "finalLink": "https://www.sec.gov/Archives/edgar/data/1024478/000102447816000038/rok-20161231x10q.htm"
  },
  {
    "date": "2015-09-30",
    "symbol": "ROK",
    "reportedCurrency": "USD",
    "cik": "0001024478",
    "fillingDate": "2015-11-17",
    "acceptedDate": "2015-11-17 12:43:45",
    "calendarYear": "2015",
    "period": "Q4",
    "revenue": 1607500000,
    "costOfRevenue": 943300000,
    "grossProfit": 664200000,
    "grossProfitRatio": 0.4131881804,
    "researchAndDevelopmentExpenses": 0,
    "generalAndAdministrativeExpenses": 0,
    "sellingAndMarketingExpenses": 0,
    "sellingGeneralAndAdministrativeExpenses": 360700000,
    "otherExpenses": 0,
    "operatingExpenses": 360700000,
    "costAndExpenses": 1304000000,
    "interestIncome": 0,
    "interestExpense": 16700000,
    "depreciationAndAmortization": 41600000,
    "ebitda": 337200000,
    "ebitdaratio": 0.2097667185,
    "operatingIncome": 303500000,
    "operatingIncomeRatio": 0.1888024883,
    "totalOtherIncomeExpensesNet": -24600000,
    "incomeBeforeTax": 278900000,
    "incomeBeforeTaxRatio": 0.1734992224,
    "incomeTaxExpense": 77600000,
    "netIncome": 201300000,
    "netIncomeRatio": 0.1252255054,
    "eps": 1.52,
    "epsdiluted": 1.5,
    "weightedAverageShsOut": 132400000,
    "weightedAverageShsOutDil": 134300000,
    "link": "https://www.sec.gov/Archives/edgar/data/1024478/000102447815000028/0001024478-15-000028-index.htm",
    "finalLink": "https://www.sec.gov/Archives/edgar/data/1024478/000102447815000028/fy2015form10k.htm"
  },
  {
    "date": "2015-06-30",
    "symbol": "ROK",
    "reportedCurrency": "USD",
    "cik": "0001024478",
    "fillingDate": "2015-08-04",
    "acceptedDate": "2015-08-04 12:53:22",
    "calendarYear": "2015",
    "period": "Q3",
    "revenue": 1575200000,
    "costOfRevenue": 897000000,
    "grossProfit": 678200000,
    "grossProfitRatio": 0.4305485018,
    "researchAndDevelopmentExpenses": 0,
    "generalAndAdministrativeExpenses": 0,
    "sellingAndMarketingExpenses": 0,
    "sellingGeneralAndAdministrativeExpenses": 376400000,
    "otherExpenses": 0,
    "operatingExpenses": 376400000,
    "costAndExpenses": 1273400000,
    "interestIncome": 0,
    "interestExpense": 16400000,
    "depreciationAndAmortization": 41200000,
    "ebitda": 342200000,
    "ebitdaratio": 0.217242255,
    "operatingIncome": 301800000,
    "operatingIncomeRatio": 0.1915947181,
    "totalOtherIncomeExpensesNet": -17200000,
    "incomeBeforeTax": 284600000,
    "incomeBeforeTaxRatio": 0.1806754698,
    "incomeTaxExpense": 78500000,
    "netIncome": 206100000,
    "netIncomeRatio": 0.1308405282,
    "eps": 1.54,
    "epsdiluted": 1.52,
    "weightedAverageShsOut": 134105606,
    "weightedAverageShsOutDil": 135500000,
    "link": "https://www.sec.gov/Archives/edgar/data/1024478/000102447815000019/0001024478-15-000019-index.htm",
    "finalLink": "https://www.sec.gov/Archives/edgar/data/1024478/000102447815000019/rok-20150630x10q.htm"
  },
  {
    "date": "2015-03-31",
    "symbol": "ROK",
    "reportedCurrency": "USD",
    "cik": "0001024478",
    "fillingDate": "2015-05-06",
    "acceptedDate": "2015-05-06 14:00:26",
    "calendarYear": "2015",
    "period": "Q2",
    "revenue": 1550800000,
    "costOfRevenue": 877600000,
    "grossProfit": 673200000,
    "grossProfitRatio": 0.4340985298,
    "researchAndDevelopmentExpenses": 0,
    "generalAndAdministrativeExpenses": 0,
    "sellingAndMarketingExpenses": 0,
    "sellingGeneralAndAdministrativeExpenses": 382400000,
    "otherExpenses": 0,
    "operatingExpenses": 382400000,
    "costAndExpenses": 1260000000,
    "interestIncome": 0,
    "interestExpense": 15700000,
    "depreciationAndAmortization": 39100000,
    "ebitda": 331300000,
    "ebitdaratio": 0.213631674,
    "operatingIncome": 290800000,
    "operatingIncomeRatio": 0.1875161207,
    "totalOtherIncomeExpensesNet": -14300000,
    "incomeBeforeTax": 276500000,
    "incomeBeforeTaxRatio": 0.1782950735,
    "incomeTaxExpense": 70500000,
    "netIncome": 206000000,
    "netIncomeRatio": 0.132834666,
    "eps": 1.53,
    "epsdiluted": 1.51,
    "weightedAverageShsOut": 134574906,
    "weightedAverageShsOutDil": 136000000,
    "link": "https://www.sec.gov/Archives/edgar/data/1024478/000102447815000011/0001024478-15-000011-index.htm",
    "finalLink": "https://www.sec.gov/Archives/edgar/data/1024478/000102447815000011/rok-20150331x10q.htm"
  },
  {
    "date": "2014-12-31",
    "symbol": "ROK",
    "reportedCurrency": "USD",
    "cik": "0001024478",
    "fillingDate": "2015-02-05",
    "acceptedDate": "2015-02-05 14:45:29",
    "calendarYear": "2015",
    "period": "Q1",
    "revenue": 1574400000,
    "costOfRevenue": 886900000,
    "grossProfit": 687500000,
    "grossProfitRatio": 0.4366742886,
    "researchAndDevelopmentExpenses": 0,
    "generalAndAdministrativeExpenses": 0,
    "sellingAndMarketingExpenses": 0,
    "sellingGeneralAndAdministrativeExpenses": 386900000,
    "otherExpenses": 0,
    "operatingExpenses": 386900000,
    "costAndExpenses": 1273800000,
    "interestIncome": 0,
    "interestExpense": 14900000,
    "depreciationAndAmortization": 40600000,
    "ebitda": 343000000,
    "ebitdaratio": 0.2178607724,
    "operatingIncome": 300600000,
    "operatingIncomeRatio": 0.190929878,
    "totalOtherIncomeExpensesNet": -13100000,
    "incomeBeforeTax": 287500000,
    "incomeBeforeTaxRatio": 0.182609248,
    "incomeTaxExpense": 73300000,
    "netIncome": 214200000,
    "netIncomeRatio": 0.1360518293,
    "eps": 1.58,
    "epsdiluted": 1.56,
    "weightedAverageShsOut": 135444053,
    "weightedAverageShsOutDil": 136900000,
    "link": "https://www.sec.gov/Archives/edgar/data/1024478/000102447815000006/0001024478-15-000006-index.htm",
    "finalLink": "https://www.sec.gov/Archives/edgar/data/1024478/000102447815000006/rok-20151231x10q.htm"
  },
  {
    "date": "2014-09-30",
    "symbol": "ROK",
    "reportedCurrency": "USD",
    "cik": "0001024478",
    "fillingDate": "2014-11-18",
    "acceptedDate": "2014-11-18 15:33:33",
    "calendarYear": "2014",
    "period": "Q4",
    "revenue": 1781800000,
    "costOfRevenue": 1028900000,
    "grossProfit": 752900000,
    "grossProfitRatio": 0.4225502301,
    "researchAndDevelopmentExpenses": 0,
    "generalAndAdministrativeExpenses": 0,
    "sellingAndMarketingExpenses": 0,
    "sellingGeneralAndAdministrativeExpenses": 397800000,
    "otherExpenses": 0,
    "operatingExpenses": 397800000,
    "costAndExpenses": 1426700000,
    "interestIncome": 0,
    "interestExpense": 15000000,
    "depreciationAndAmortization": 38100000,
    "ebitda": 392100000,
    "ebitdaratio": 0.2200583679,
    "operatingIncome": 355100000,
    "operatingIncomeRatio": 0.1992928499,
    "totalOtherIncomeExpensesNet": -16100000,
    "incomeBeforeTax": 339000000,
    "incomeBeforeTaxRatio": 0.1902570434,
    "incomeTaxExpense": 90300000,
    "netIncome": 248700000,
    "netIncomeRatio": 0.1395779549,
    "eps": 1.82,
    "epsdiluted": 1.79,
    "weightedAverageShsOut": 136700000,
    "weightedAverageShsOutDil": 138500000,
    "link": "https://www.sec.gov/Archives/edgar/data/1024478/000102447814000031/0001024478-14-000031-index.htm",
    "finalLink": "https://www.sec.gov/Archives/edgar/data/1024478/000102447814000031/fy2014form10k.htm"
  },
  {
    "date": "2014-06-30",
    "symbol": "ROK",
    "reportedCurrency": "USD",
    "cik": "0001024478",
    "fillingDate": "2014-08-05",
    "acceptedDate": "2014-08-05 15:32:36",
    "calendarYear": "2014",
    "period": "Q3",
    "revenue": 1649500000,
    "costOfRevenue": 968000000,
    "grossProfit": 681500000,
    "grossProfitRatio": 0.4131555017,
    "researchAndDevelopmentExpenses": 0,
    "generalAndAdministrativeExpenses": 0,
    "sellingAndMarketingExpenses": 0,
    "sellingGeneralAndAdministrativeExpenses": 394400000,
    "otherExpenses": 0,
    "operatingExpenses": 394400000,
    "costAndExpenses": 1362400000,
    "interestIncome": 0,
    "interestExpense": 14400000,
    "depreciationAndAmortization": 40100000,
    "ebitda": 328500000,
    "ebitdaratio": 0.199151258,
    "operatingIncome": 287100000,
    "operatingIncomeRatio": 0.1740527433,
    "totalOtherIncomeExpensesNet": -13100000,
    "incomeBeforeTax": 274000000,
    "incomeBeforeTaxRatio": 0.1661109427,
    "incomeTaxExpense": 74300000,
    "netIncome": 199700000,
    "netIncomeRatio": 0.12106699,
    "eps": 1.45,
    "epsdiluted": 1.43,
    "weightedAverageShsOut": 137872386,
    "weightedAverageShsOutDil": 139600000,
    "link": "https://www.sec.gov/Archives/edgar/data/1024478/000102447814000025/0001024478-14-000025-index.htm",
    "finalLink": "https://www.sec.gov/Archives/edgar/data/1024478/000102447814000025/rok-20140630x10q.htm"
  },
  {
    "date": "2014-03-31",
    "symbol": "ROK",
    "reportedCurrency": "USD",
    "cik": "0001024478",
    "fillingDate": "2014-05-05",
    "acceptedDate": "2014-05-05 12:56:05",
    "calendarYear": "2014",
    "period": "Q2",
    "revenue": 1600500000,
    "costOfRevenue": 944700000,
    "grossProfit": 655800000,
    "grossProfitRatio": 0.4097469541,
    "researchAndDevelopmentExpenses": 0,
    "generalAndAdministrativeExpenses": 0,
    "sellingAndMarketingExpenses": 0,
    "sellingGeneralAndAdministrativeExpenses": 392500000,
    "otherExpenses": 0,
    "operatingExpenses": 392500000,
    "costAndExpenses": 1337200000,
    "interestIncome": 0,
    "interestExpense": 15000000,
    "depreciationAndAmortization": 38400000,
    "ebitda": 301800000,
    "ebitdaratio": 0.1885660731,
    "operatingIncome": 263300000,
    "operatingIncomeRatio": 0.1645110903,
    "totalOtherIncomeExpensesNet": -14900000,
    "incomeBeforeTax": 248400000,
    "incomeBeforeTaxRatio": 0.1552014995,
    "incomeTaxExpense": 68100000,
    "netIncome": 180300000,
    "netIncomeRatio": 0.1126522962,
    "eps": 1.3,
    "epsdiluted": 1.28,
    "weightedAverageShsOut": 138445988,
    "weightedAverageShsOutDil": 140200000,
    "link": "https://www.sec.gov/Archives/edgar/data/1024478/000102447814000016/0001024478-14-000016-index.htm",
    "finalLink": "https://www.sec.gov/Archives/edgar/data/1024478/000102447814000016/rok-20140331x10q.htm"
  },
  {
    "date": "2013-12-31",
    "symbol": "ROK",
    "reportedCurrency": "USD",
    "cik": "0001024478",
    "fillingDate": "2014-02-06",
    "acceptedDate": "2014-02-06 10:58:12",
    "calendarYear": "2014",
    "period": "Q1",
    "revenue": 1591700000,
    "costOfRevenue": 928000000,
    "grossProfit": 663700000,
    "grossProfitRatio": 0.4169755607,
    "researchAndDevelopmentExpenses": 0,
    "generalAndAdministrativeExpenses": 0,
    "sellingAndMarketingExpenses": 0,
    "sellingGeneralAndAdministrativeExpenses": 385400000,
    "otherExpenses": 0,
    "operatingExpenses": 385400000,
    "costAndExpenses": 1313400000,
    "interestIncome": 0,
    "interestExpense": 14900000,
    "depreciationAndAmortization": 35900000,
    "ebitda": 323600000,
    "ebitdaratio": 0.2033046428,
    "operatingIncome": 278300000,
    "operatingIncomeRatio": 0.1748445059,
    "totalOtherIncomeExpensesNet": -5500000,
    "incomeBeforeTax": 272800000,
    "incomeBeforeTaxRatio": 0.1713890809,
    "incomeTaxExpense": 74700000,
    "netIncome": 198100000,
    "netIncomeRatio": 0.1244581265,
    "eps": 1.43,
    "epsdiluted": 1.41,
    "weightedAverageShsOut": 138781301,
    "weightedAverageShsOutDil": 140400000,
    "link": "https://www.sec.gov/Archives/edgar/data/1024478/000102447814000008/0001024478-14-000008-index.htm",
    "finalLink": "https://www.sec.gov/Archives/edgar/data/1024478/000102447814000008/rok-20141231x10q.htm"
  },
  {
    "date": "2013-09-30",
    "symbol": "ROK",
    "reportedCurrency": "USD",
    "cik": "0001024478",
    "fillingDate": "2013-11-18",
    "acceptedDate": "2013-11-18 16:27:01",
    "calendarYear": "2013",
    "period": "Q4",
    "revenue": 1715700000,
    "costOfRevenue": 1018500000,
    "grossProfit": 697200000,
    "grossProfitRatio": 0.4063647491,
    "researchAndDevelopmentExpenses": 0,
    "generalAndAdministrativeExpenses": 0,
    "sellingAndMarketingExpenses": 0,
    "sellingGeneralAndAdministrativeExpenses": 403700000,
    "otherExpenses": 0,
    "operatingExpenses": 403700000,
    "costAndExpenses": 1422200000,
    "interestIncome": 0,
    "interestExpense": 14900000,
    "depreciationAndAmortization": 36100000,
    "ebitda": 330200000,
    "ebitdaratio": 0.1924578889,
    "operatingIncome": 293500000,
    "operatingIncomeRatio": 0.1710672029,
    "totalOtherIncomeExpensesNet": -14300000,
    "incomeBeforeTax": 279200000,
    "incomeBeforeTaxRatio": 0.1627324124,
    "incomeTaxExpense": 63900000,
    "netIncome": 215300000,
    "netIncomeRatio": 0.125488139,
    "eps": 1.55,
    "epsdiluted": 1.53,
    "weightedAverageShsOut": 138900000,
    "weightedAverageShsOutDil": 140500000,
    "link": "https://www.sec.gov/Archives/edgar/data/1024478/000102447813000035/0001024478-13-000035-index.htm",
    "finalLink": "https://www.sec.gov/Archives/edgar/data/1024478/000102447813000035/fy2013form10k.htm"
  },
  {
    "date": "2013-06-30",
    "symbol": "ROK",
    "reportedCurrency": "USD",
    "cik": "0001024478",
    "fillingDate": "2013-08-07",
    "acceptedDate": "2013-08-07 11:04:41",
    "calendarYear": "2013",
    "period": "Q3",
    "revenue": 1624200000,
    "costOfRevenue": 971300000,
    "grossProfit": 652900000,
    "grossProfitRatio": 0.4019825145,
    "researchAndDevelopmentExpenses": 0,
    "generalAndAdministrativeExpenses": 0,
    "sellingAndMarketingExpenses": 0,
    "sellingGeneralAndAdministrativeExpenses": 383700000,
    "otherExpenses": 0,
    "operatingExpenses": 383700000,
    "costAndExpenses": 1355000000,
    "interestIncome": 0,
    "interestExpense": 15300000,
    "depreciationAndAmortization": 37700000,
    "ebitda": 310400000,
    "ebitdaratio": 0.1911094693,
    "operatingIncome": 269200000,
    "operatingIncomeRatio": 0.1657431351,
    "totalOtherIncomeExpensesNet": -11800000,
    "incomeBeforeTax": 257400000,
    "incomeBeforeTaxRatio": 0.1584780199,
    "incomeTaxExpense": 53700000,
    "netIncome": 203700000,
    "netIncomeRatio": 0.1254155892,
    "eps": 1.47,
    "epsdiluted": 1.45,
    "weightedAverageShsOut": 138669309,
    "weightedAverageShsOutDil": 140400000,
    "link": "https://www.sec.gov/Archives/edgar/data/1024478/000102447813000027/0001024478-13-000027-index.htm",
    "finalLink": "https://www.sec.gov/Archives/edgar/data/1024478/000102447813000027/rok-20130630x10q.htm"
  },
  {
    "date": "2013-03-31",
    "symbol": "ROK",
    "reportedCurrency": "USD",
    "cik": "0001024478",
    "fillingDate": "2013-05-02",
    "acceptedDate": "2013-05-02 12:07:16",
    "calendarYear": "2013",
    "period": "Q2",
    "revenue": 1522800000,
    "costOfRevenue": 906400000,
    "grossProfit": 616400000,
    "grossProfitRatio": 0.4047806672,
    "researchAndDevelopmentExpenses": 0,
    "generalAndAdministrativeExpenses": 0,
    "sellingAndMarketingExpenses": 0,
    "sellingGeneralAndAdministrativeExpenses": 376800000,
    "otherExpenses": 0,
    "operatingExpenses": 376800000,
    "costAndExpenses": 1283200000,
    "interestIncome": 0,
    "interestExpense": 15300000,
    "depreciationAndAmortization": 36200000,
    "ebitda": 278600000,
    "ebitdaratio": 0.182952456,
    "operatingIncome": 239600000,
    "operatingIncomeRatio": 0.1573417389,
    "totalOtherIncomeExpensesNet": -12500000,
    "incomeBeforeTax": 227100000,
    "incomeBeforeTaxRatio": 0.1491331757,
    "incomeTaxExpense": 51200000,
    "netIncome": 175900000,
    "netIncomeRatio": 0.115510901,
    "eps": 1.26,
    "epsdiluted": 1.24,
    "weightedAverageShsOut": 139659336,
    "weightedAverageShsOutDil": 141800000,
    "link": "https://www.sec.gov/Archives/edgar/data/1024478/000102447813000019/0001024478-13-000019-index.htm",
    "finalLink": "https://www.sec.gov/Archives/edgar/data/1024478/000102447813000019/rok-20130331x10q.htm"
  },
  {
    "date": "2012-12-31",
    "symbol": "ROK",
    "reportedCurrency": "USD",
    "cik": "0001024478",
    "fillingDate": "2013-02-06",
    "acceptedDate": "2013-02-06 11:51:58",
    "calendarYear": "2013",
    "period": "Q1",
    "revenue": 1489200000,
    "costOfRevenue": 881900000,
    "grossProfit": 607300000,
    "grossProfitRatio": 0.4078028472,
    "researchAndDevelopmentExpenses": 0,
    "generalAndAdministrativeExpenses": 0,
    "sellingAndMarketingExpenses": 0,
    "sellingGeneralAndAdministrativeExpenses": 373500000,
    "otherExpenses": 0,
    "operatingExpenses": 373500000,
    "costAndExpenses": 1255400000,
    "interestIncome": 0,
    "interestExpense": 15400000,
    "depreciationAndAmortization": 35200000,
    "ebitda": 267800000,
    "ebitdaratio": 0.1798280956,
    "operatingIncome": 233800000,
    "operatingIncomeRatio": 0.1569970454,
    "totalOtherIncomeExpensesNet": -16600000,
    "incomeBeforeTax": 217200000,
    "incomeBeforeTaxRatio": 0.1458501209,
    "incomeTaxExpense": 55800000,
    "netIncome": 161400000,
    "netIncomeRatio": 0.1083803384,
    "eps": 1.15,
    "epsdiluted": 1.14,
    "weightedAverageShsOut": 139803729,
    "weightedAverageShsOutDil": 141200000,
    "link": "https://www.sec.gov/Archives/edgar/data/1024478/000102447813000009/0001024478-13-000009-index.htm",
    "finalLink": "https://www.sec.gov/Archives/edgar/data/1024478/000102447813000009/rok-20131231x10q.htm"
  },
  {
    "date": "2012-09-30",
    "symbol": "ROK",
    "reportedCurrency": "USD",
    "cik": "0001024478",
    "fillingDate": "2012-11-19",
    "acceptedDate": "2012-11-19 16:14:47",
    "calendarYear": "2012",
    "period": "Q4",
    "revenue": 1664000000,
    "costOfRevenue": 1009800000,
    "grossProfit": 654200000,
    "grossProfitRatio": 0.3931490385,
    "researchAndDevelopmentExpenses": 0,
    "generalAndAdministrativeExpenses": 0,
    "sellingAndMarketingExpenses": 0,
    "sellingGeneralAndAdministrativeExpenses": 386400000,
    "otherExpenses": 0,
    "operatingExpenses": 386400000,
    "costAndExpenses": 1396200000,
    "interestIncome": 0,
    "interestExpense": 14900000,
    "depreciationAndAmortization": 35700000,
    "ebitda": 305500000,
    "ebitdaratio": 0.18359375,
    "operatingIncome": 267800000,
    "operatingIncomeRatio": 0.1609375,
    "totalOtherIncomeExpensesNet": -12900000,
    "incomeBeforeTax": 254900000,
    "incomeBeforeTaxRatio": 0.1531850962,
    "incomeTaxExpense": 59700000,
    "netIncome": 195200000,
    "netIncomeRatio": 0.1173076923,
    "eps": 1.4,
    "epsdiluted": 1.38,
    "weightedAverageShsOut": 139800000,
    "weightedAverageShsOutDil": 141500000,
    "link": "https://www.sec.gov/Archives/edgar/data/1024478/000102447812000024/0001024478-12-000024-index.htm",
    "finalLink": "https://www.sec.gov/Archives/edgar/data/1024478/000102447812000024/fy2012form10k.htm"
  },
  {
    "date": "2012-06-30",
    "symbol": "ROK",
    "reportedCurrency": "USD",
    "cik": "0001024478",
    "fillingDate": "2012-08-02",
    "acceptedDate": "2012-08-02 11:24:49",
    "calendarYear": "2012",
    "period": "Q3",
    "revenue": 1560400000,
    "costOfRevenue": 928900000,
    "grossProfit": 631500000,
    "grossProfitRatio": 0.4047039221,
    "researchAndDevelopmentExpenses": 0,
    "generalAndAdministrativeExpenses": 0,
    "sellingAndMarketingExpenses": 0,
    "sellingGeneralAndAdministrativeExpenses": 369800000,
    "otherExpenses": 0,
    "operatingExpenses": 369800000,
    "costAndExpenses": 1298700000,
    "interestIncome": 0,
    "interestExpense": 15200000,
    "depreciationAndAmortization": 35100000,
    "ebitda": 295100000,
    "ebitdaratio": 0.1891181748,
    "operatingIncome": 261700000,
    "operatingIncomeRatio": 0.1677134068,
    "totalOtherIncomeExpensesNet": -16900000,
    "incomeBeforeTax": 244800000,
    "incomeBeforeTaxRatio": 0.1568828506,
    "incomeTaxExpense": 54100000,
    "netIncome": 190700000,
    "netIncomeRatio": 0.1222122533,
    "eps": 1.35,
    "epsdiluted": 1.33,
    "weightedAverageShsOut": 141148269,
    "weightedAverageShsOutDil": 143500000,
    "link": "https://www.sec.gov/Archives/edgar/data/1024478/000102447812000018/0001024478-12-000018-index.htm",
    "finalLink": "https://www.sec.gov/Archives/edgar/data/1024478/000102447812000018/rok-2012630x10q.htm"
  },
  {
    "date": "2012-03-31",
    "symbol": "ROK",
    "reportedCurrency": "USD",
    "cik": "0001024478",
    "fillingDate": "2012-05-03",
    "acceptedDate": "2012-05-03 10:15:42",
    "calendarYear": "2012",
    "period": "Q2",
    "revenue": 1561100000,
    "costOfRevenue": 942800000,
    "grossProfit": 618300000,
    "grossProfitRatio": 0.3960668759,
    "researchAndDevelopmentExpenses": 0,
    "generalAndAdministrativeExpenses": 0,
    "sellingAndMarketingExpenses": 0,
    "sellingGeneralAndAdministrativeExpenses": 373100000,
    "otherExpenses": 0,
    "operatingExpenses": 373100000,
    "costAndExpenses": 1315900000,
    "interestIncome": 0,
    "interestExpense": 15000000,
    "depreciationAndAmortization": 35200000,
    "ebitda": 273500000,
    "ebitdaratio": 0.1751969765,
    "operatingIncome": 245200000,
    "operatingIncomeRatio": 0.1570687336,
    "totalOtherIncomeExpensesNet": -21900000,
    "incomeBeforeTax": 223300000,
    "incomeBeforeTaxRatio": 0.143040164,
    "incomeTaxExpense": 55500000,
    "netIncome": 167800000,
    "netIncomeRatio": 0.1074883095,
    "eps": 1.18,
    "epsdiluted": 1.16,
    "weightedAverageShsOut": 142725121,
    "weightedAverageShsOutDil": 146300000,
    "link": "https://www.sec.gov/Archives/edgar/data/1024478/000102447812000012/0001024478-12-000012-index.htm",
    "finalLink": "https://www.sec.gov/Archives/edgar/data/1024478/000102447812000012/rok-2012331x10q.htm"
  },
  {
    "date": "2011-12-31",
    "symbol": "ROK",
    "reportedCurrency": "USD",
    "cik": "0001024478",
    "fillingDate": "2012-02-08",
    "acceptedDate": "2012-02-08 11:31:02",
    "calendarYear": "2012",
    "period": "Q1",
    "revenue": 1473900000,
    "costOfRevenue": 855200000,
    "grossProfit": 618700000,
    "grossProfitRatio": 0.4197706764,
    "researchAndDevelopmentExpenses": 0,
    "generalAndAdministrativeExpenses": 0,
    "sellingAndMarketingExpenses": 0,
    "sellingGeneralAndAdministrativeExpenses": 362400000,
    "otherExpenses": 0,
    "operatingExpenses": 362400000,
    "costAndExpenses": 1217600000,
    "interestIncome": 0,
    "interestExpense": 15000000,
    "depreciationAndAmortization": 32600000,
    "ebitda": 290500000,
    "ebitdaratio": 0.1970961395,
    "operatingIncome": 256300000,
    "operatingIncomeRatio": 0.1738923943,
    "totalOtherIncomeExpensesNet": -13400000,
    "incomeBeforeTax": 242900000,
    "incomeBeforeTaxRatio": 0.1648008684,
    "incomeTaxExpense": 59600000,
    "netIncome": 183300000,
    "netIncomeRatio": 0.1243639324,
    "eps": 1.29,
    "epsdiluted": 1.27,
    "weightedAverageShsOut": 142394050,
    "weightedAverageShsOutDil": 143900000,
    "link": "https://www.sec.gov/Archives/edgar/data/1024478/000119312512045687/0001193125-12-045687-index.htm",
    "finalLink": "https://www.sec.gov/Archives/edgar/data/1024478/000119312512045687/d278364d10q.htm"
  },
  {
    "date": "2011-09-30",
    "symbol": "ROK",
    "reportedCurrency": "USD",
    "cik": "0001024478",
    "fillingDate": "2011-11-14",
    "acceptedDate": "2011-11-14 13:43:57",
    "calendarYear": "2011",
    "period": "Q4",
    "revenue": 1654300000,
    "costOfRevenue": 991100000,
    "grossProfit": 663200000,
    "grossProfitRatio": 0.4008946382,
    "researchAndDevelopmentExpenses": 0,
    "generalAndAdministrativeExpenses": 0,
    "sellingAndMarketingExpenses": 0,
    "sellingGeneralAndAdministrativeExpenses": 388100000,
    "otherExpenses": 2100000,
    "operatingExpenses": 390200000,
    "costAndExpenses": 1381300000,
    "interestIncome": 0,
    "interestExpense": 14600000,
    "depreciationAndAmortization": 34700000,
    "ebitda": 305400000,
    "ebitdaratio": 0.1846098048,
    "operatingIncome": 273000000,
    "operatingIncomeRatio": 0.1650244817,
    "totalOtherIncomeExpensesNet": -16900000,
    "incomeBeforeTax": 256100000,
    "incomeBeforeTaxRatio": 0.1548086804,
    "incomeTaxExpense": 54300000,
    "netIncome": 201800000,
    "netIncomeRatio": 0.1219851297,
    "eps": 1.42,
    "epsdiluted": 1.42,
    "weightedAverageShsOut": 142394050,
    "weightedAverageShsOutDil": 142394050,
    "link": "https://www.sec.gov/Archives/edgar/data/1024478/000095012311098301/0000950123-11-098301-index.htm",
    "finalLink": "https://www.sec.gov/Archives/edgar/data/1024478/000095012311098301/c21764e10vk.htm"
  },
  {
    "date": "2011-06-30",
    "symbol": "ROK",
    "reportedCurrency": "USD",
    "cik": "0001024478",
    "fillingDate": "2011-08-04",
    "acceptedDate": "2011-08-04 11:34:53",
    "calendarYear": "2011",
    "period": "Q3",
    "revenue": 1516200000,
    "costOfRevenue": 909400000,
    "grossProfit": 606800000,
    "grossProfitRatio": 0.400211054,
    "researchAndDevelopmentExpenses": 0,
    "generalAndAdministrativeExpenses": 0,
    "sellingAndMarketingExpenses": 0,
    "sellingGeneralAndAdministrativeExpenses": 370000000,
    "otherExpenses": 0,
    "operatingExpenses": 370000000,
    "costAndExpenses": 1279400000,
    "interestIncome": 0,
    "interestExpense": 14700000,
    "depreciationAndAmortization": 32900000,
    "ebitda": 268800000,
    "ebitdaratio": 0.1772853186,
    "operatingIncome": 222100000,
    "operatingIncomeRatio": 0.1464846326,
    "totalOtherIncomeExpensesNet": -15600000,
    "incomeBeforeTax": 221200000,
    "incomeBeforeTaxRatio": 0.1458910434,
    "incomeTaxExpense": 42400000,
    "netIncome": 179500000,
    "netIncomeRatio": 0.1183880755,
    "eps": 1.25,
    "epsdiluted": 1.23,
    "weightedAverageShsOut": 143209513,
    "weightedAverageShsOutDil": 145900000,
    "link": "https://www.sec.gov/Archives/edgar/data/1024478/000095012311072698/0000950123-11-072698-index.htm",
    "finalLink": "https://www.sec.gov/Archives/edgar/data/1024478/000095012311072698/c17427e10vq.htm"
  },
  {
    "date": "2011-03-31",
    "symbol": "ROK",
    "reportedCurrency": "USD",
    "cik": "0001024478",
    "fillingDate": "2011-05-05",
    "acceptedDate": "2011-05-05 12:01:08",
    "calendarYear": "2011",
    "period": "Q2",
    "revenue": 1464100000,
    "costOfRevenue": 887600000,
    "grossProfit": 576500000,
    "grossProfitRatio": 0.393757257,
    "researchAndDevelopmentExpenses": 0,
    "generalAndAdministrativeExpenses": 0,
    "sellingAndMarketingExpenses": 0,
    "sellingGeneralAndAdministrativeExpenses": 356100000,
    "otherExpenses": 0,
    "operatingExpenses": 356100000,
    "costAndExpenses": 1243700000,
    "interestIncome": 0,
    "interestExpense": 15400000,
    "depreciationAndAmortization": 31800000,
    "ebitda": 250800000,
    "ebitdaratio": 0.1712997746,
    "operatingIncome": 220400000,
    "operatingIncomeRatio": 0.1505361656,
    "totalOtherIncomeExpensesNet": -16800000,
    "incomeBeforeTax": 203600000,
    "incomeBeforeTaxRatio": 0.1390615395,
    "incomeTaxExpense": 37200000,
    "netIncome": 166400000,
    "netIncomeRatio": 0.113653439,
    "eps": 1.15,
    "epsdiluted": 1.14,
    "weightedAverageShsOut": 144307744,
    "weightedAverageShsOutDil": 146300000,
    "link": "https://www.sec.gov/Archives/edgar/data/1024478/000095012311045368/0000950123-11-045368-index.htm",
    "finalLink": "https://www.sec.gov/Archives/edgar/data/1024478/000095012311045368/c14245e10vq.htm"
  },
  {
    "date": "2010-12-31",
    "symbol": "ROK",
    "reportedCurrency": "USD",
    "cik": "0001024478",
    "fillingDate": "2011-02-03",
    "acceptedDate": "2011-02-03 11:47:45",
    "calendarYear": "2011",
    "period": "Q1",
    "revenue": 1365800000,
    "costOfRevenue": 821900000,
    "grossProfit": 543900000,
    "grossProfitRatio": 0.3982281447,
    "researchAndDevelopmentExpenses": 0,
    "generalAndAdministrativeExpenses": 0,
    "sellingAndMarketingExpenses": 0,
    "sellingGeneralAndAdministrativeExpenses": 347000000,
    "otherExpenses": 0,
    "operatingExpenses": 347000000,
    "costAndExpenses": 1168900000,
    "interestIncome": 0,
    "interestExpense": 14800000,
    "depreciationAndAmortization": 31900000,
    "ebitda": 233400000,
    "ebitdaratio": 0.1708888563,
    "operatingIncome": 196900000,
    "operatingIncomeRatio": 0.1441645922,
    "totalOtherIncomeExpensesNet": -10200000,
    "incomeBeforeTax": 186700000,
    "incomeBeforeTaxRatio": 0.1366964416,
    "incomeTaxExpense": 36600000,
    "netIncome": 150100000,
    "netIncomeRatio": 0.1098989603,
    "eps": 1.05,
    "epsdiluted": 1.04,
    "weightedAverageShsOut": 142346165,
    "weightedAverageShsOutDil": 144500000,
    "link": "https://www.sec.gov/Archives/edgar/data/1024478/000095012311008598/0000950123-11-008598-index.htm",
    "finalLink": "https://www.sec.gov/Archives/edgar/data/1024478/000095012311008598/c10101e10vq.htm"
  },
  {
    "date": "2010-09-30",
    "symbol": "ROK",
    "reportedCurrency": "USD",
    "cik": "0001024478",
    "fillingDate": "2010-11-18",
    "acceptedDate": "2010-11-18 11:39:32",
    "calendarYear": "2010",
    "period": "Q4",
    "revenue": 1356900000,
    "costOfRevenue": 827700000,
    "grossProfit": 529200000,
    "grossProfitRatio": 0.3900066328,
    "researchAndDevelopmentExpenses": 0,
    "generalAndAdministrativeExpenses": 0,
    "sellingAndMarketingExpenses": 0,
    "sellingGeneralAndAdministrativeExpenses": 354300000,
    "otherExpenses": 0,
    "operatingExpenses": 354300000,
    "costAndExpenses": 1182000000,
    "interestIncome": 0,
    "interestExpense": 15200000,
    "depreciationAndAmortization": 33100000,
    "ebitda": 206100000,
    "ebitdaratio": 0.1518903383,
    "operatingIncome": 174900000,
    "operatingIncomeRatio": 0.1288967499,
    "totalOtherIncomeExpensesNet": -17100000,
    "incomeBeforeTax": 157800000,
    "incomeBeforeTaxRatio": 0.1162944948,
    "incomeTaxExpense": 26500000,
    "netIncome": 131300000,
    "netIncomeRatio": 0.0967646842,
    "eps": 0.92,
    "epsdiluted": 0.92,
    "weightedAverageShsOut": 141700000,
    "weightedAverageShsOutDil": 142346165,
    "link": "https://www.sec.gov/Archives/edgar/data/1024478/000095012310106922/0000950123-10-106922-index.htm",
    "finalLink": "https://www.sec.gov/Archives/edgar/data/1024478/000095012310106922/c07527e10vk.htm"
  },
  {
    "date": "2010-06-30",
    "symbol": "ROK",
    "reportedCurrency": "USD",
    "cik": "0001024478",
    "fillingDate": "2010-08-05",
    "acceptedDate": "2010-08-05 11:47:35",
    "calendarYear": "2010",
    "period": "Q3",
    "revenue": 1268100000,
    "costOfRevenue": 760800000,
    "grossProfit": 507300000,
    "grossProfitRatio": 0.4000473149,
    "researchAndDevelopmentExpenses": 0,
    "generalAndAdministrativeExpenses": 0,
    "sellingAndMarketingExpenses": 0,
    "sellingGeneralAndAdministrativeExpenses": 333300000,
    "otherExpenses": 0,
    "operatingExpenses": 333300000,
    "costAndExpenses": 1094100000,
    "interestIncome": 0,
    "interestExpense": 14800000,
    "depreciationAndAmortization": 30600000,
    "ebitda": 200900000,
    "ebitdaratio": 0.1584259916,
    "operatingIncome": 174000000,
    "operatingIncomeRatio": 0.1372131535,
    "totalOtherIncomeExpensesNet": -18500000,
    "incomeBeforeTax": 155500000,
    "incomeBeforeTaxRatio": 0.1226243987,
    "incomeTaxExpense": 36100000,
    "netIncome": 119400000,
    "netIncomeRatio": 0.0941566123,
    "eps": 0.84,
    "epsdiluted": 0.83,
    "weightedAverageShsOut": 142200000,
    "weightedAverageShsOutDil": 144300000,
    "link": "https://www.sec.gov/Archives/edgar/data/1024478/000095012310073092/0000950123-10-073092-index.htm",
    "finalLink": "https://www.sec.gov/Archives/edgar/data/1024478/000095012310073092/c02953e10vq.htm"
  },
  {
    "date": "2010-03-31",
    "symbol": "ROK",
    "reportedCurrency": "USD",
    "cik": "0001024478",
    "fillingDate": "2010-05-05",
    "acceptedDate": "2010-05-05 15:17:20",
    "calendarYear": "2010",
    "period": "Q2",
    "revenue": 1164500000,
    "costOfRevenue": 691400000,
    "grossProfit": 473100000,
    "grossProfitRatio": 0.4062687849,
    "researchAndDevelopmentExpenses": 0,
    "generalAndAdministrativeExpenses": 0,
    "sellingAndMarketingExpenses": 0,
    "sellingGeneralAndAdministrativeExpenses": 323200000,
    "otherExpenses": 0,
    "operatingExpenses": 323200000,
    "costAndExpenses": 1014600000,
    "interestIncome": 0,
    "interestExpense": 15100000,
    "depreciationAndAmortization": 31900000,
    "ebitda": 180600000,
    "ebitdaratio": 0.1550880206,
    "operatingIncome": 149900000,
    "operatingIncomeRatio": 0.1287247746,
    "totalOtherIncomeExpensesNet": -16300000,
    "incomeBeforeTax": 133600000,
    "incomeBeforeTaxRatio": 0.1147273508,
    "incomeTaxExpense": 21700000,
    "netIncome": 137000000,
    "netIncomeRatio": 0.1176470588,
    "eps": 0.96,
    "epsdiluted": 0.96,
    "weightedAverageShsOut": 142000000,
    "weightedAverageShsOutDil": 143700000,
    "link": "https://www.sec.gov/Archives/edgar/data/1024478/000095012310044432/0000950123-10-044432-index.htm",
    "finalLink": "https://www.sec.gov/Archives/edgar/data/1024478/000095012310044432/c97744e10vq.htm"
  },
  {
    "date": "2009-12-31",
    "symbol": "ROK",
    "reportedCurrency": "USD",
    "cik": "0001024478",
    "fillingDate": "2010-02-08",
    "acceptedDate": "2010-02-08 16:05:40",
    "calendarYear": "2010",
    "period": "Q1",
    "revenue": 1067500000,
    "costOfRevenue": 640700000,
    "grossProfit": 426800000,
    "grossProfitRatio": 0.3998126464,
    "researchAndDevelopmentExpenses": 0,
    "generalAndAdministrativeExpenses": 0,
    "sellingAndMarketingExpenses": 0,
    "sellingGeneralAndAdministrativeExpenses": 312500000,
    "otherExpenses": 0,
    "operatingExpenses": 312500000,
    "costAndExpenses": 953200000,
    "interestIncome": 0,
    "interestExpense": 15400000,
    "depreciationAndAmortization": 31700000,
    "ebitda": 144400000,
    "ebitdaratio": 0.1352693208,
    "operatingIncome": 114300000,
    "operatingIncomeRatio": 0.1070725995,
    "totalOtherIncomeExpensesNet": -17000000,
    "incomeBeforeTax": 97300000,
    "incomeBeforeTaxRatio": 0.091147541,
    "incomeTaxExpense": 19500000,
    "netIncome": 76600000,
    "netIncomeRatio": 0.0717564403,
    "eps": 0.54,
    "epsdiluted": 0.53,
    "weightedAverageShsOut": 142600000,
    "weightedAverageShsOutDil": 143700000,
    "link": "https://www.sec.gov/Archives/edgar/data/1024478/000095012310009905/0000950123-10-009905-index.htm",
    "finalLink": "https://www.sec.gov/Archives/edgar/data/1024478/000095012310009905/c95071e10vq.htm"
  },
  {
    "date": "2009-09-30",
    "symbol": "ROK",
    "reportedCurrency": "USD",
    "cik": "0001024478",
    "fillingDate": "2009-11-18",
    "acceptedDate": "2009-11-18 15:33:39",
    "calendarYear": "2009",
    "period": "Q4",
    "revenue": 1074400000,
    "costOfRevenue": 709100000,
    "grossProfit": 365300000,
    "grossProfitRatio": 0.340003723,
    "researchAndDevelopmentExpenses": 0,
    "generalAndAdministrativeExpenses": 0,
    "sellingAndMarketingExpenses": 0,
    "sellingGeneralAndAdministrativeExpenses": 316800000,
    "otherExpenses": 0,
    "operatingExpenses": 316800000,
    "costAndExpenses": 1025900000,
    "interestIncome": 0,
    "interestExpense": 15200000,
    "depreciationAndAmortization": 35300000,
    "ebitda": 79300000,
    "ebitdaratio": 0.0738086374,
    "operatingIncome": 48500000,
    "operatingIncomeRatio": 0.0451414743,
    "totalOtherIncomeExpensesNet": -19700000,
    "incomeBeforeTax": 28800000,
    "incomeBeforeTaxRatio": 0.026805659,
    "incomeTaxExpense": -100000,
    "netIncome": 28900000,
    "netIncomeRatio": 0.0268987342,
    "eps": 0.2,
    "epsdiluted": 0.2,
    "weightedAverageShsOut": 141600000,
    "weightedAverageShsOutDil": 142600000,
    "link": "https://www.sec.gov/Archives/edgar/data/1024478/000095012309063897/0000950123-09-063897-index.htm",
    "finalLink": "https://www.sec.gov/Archives/edgar/data/1024478/000095012309063897/c92248e10vk.htm"
  },
  {
    "date": "2009-06-30",
    "symbol": "ROK",
    "reportedCurrency": "USD",
    "cik": "0001024478",
    "fillingDate": "2009-08-04",
    "acceptedDate": "2009-08-04 10:40:25",
    "calendarYear": "2009",
    "period": "Q3",
    "revenue": 1010800000,
    "costOfRevenue": 640600000,
    "grossProfit": 370200000,
    "grossProfitRatio": 0.3662445588,
    "researchAndDevelopmentExpenses": 0,
    "generalAndAdministrativeExpenses": 0,
    "sellingAndMarketingExpenses": 0,
    "sellingGeneralAndAdministrativeExpenses": 305000000,
    "otherExpenses": 0,
    "operatingExpenses": 305000000,
    "costAndExpenses": 945600000,
    "interestIncome": 0,
    "interestExpense": 15400000,
    "depreciationAndAmortization": 34400000,
    "ebitda": 100000000,
    "ebitdaratio": 0.0989315394,
    "operatingIncome": 65200000,
    "operatingIncomeRatio": 0.0645033637,
    "totalOtherIncomeExpensesNet": -15000000,
    "incomeBeforeTax": 50200000,
    "incomeBeforeTaxRatio": 0.0496636328,
    "incomeTaxExpense": 17400000,
    "netIncome": 32800000,
    "netIncomeRatio": 0.0324495449,
    "eps": 0.23,
    "epsdiluted": 0.23,
    "weightedAverageShsOut": 141500000,
    "weightedAverageShsOutDil": 142100000,
    "link": "https://www.sec.gov/Archives/edgar/data/1024478/000095012309029309/0000950123-09-029309-index.htm",
    "finalLink": "https://www.sec.gov/Archives/edgar/data/1024478/000095012309029309/c88412e10vq.htm"
  },
  {
    "date": "2009-03-31",
    "symbol": "ROK",
    "reportedCurrency": "USD",
    "cik": "0001024478",
    "fillingDate": "2009-05-07",
    "acceptedDate": "2009-05-07 12:59:14",
    "calendarYear": "2009",
    "period": "Q2",
    "revenue": 1058100000,
    "costOfRevenue": 694500000,
    "grossProfit": 363600000,
    "grossProfitRatio": 0.3436348171,
    "researchAndDevelopmentExpenses": 0,
    "generalAndAdministrativeExpenses": 0,
    "sellingAndMarketingExpenses": 0,
    "sellingGeneralAndAdministrativeExpenses": 292800000,
    "otherExpenses": 0,
    "operatingExpenses": 292800000,
    "costAndExpenses": 987300000,
    "interestIncome": 0,
    "interestExpense": 15300000,
    "depreciationAndAmortization": 32100000,
    "ebitda": 102800000,
    "ebitdaratio": 0.0971552783,
    "operatingIncome": 70800000,
    "operatingIncomeRatio": 0.0669123901,
    "totalOtherIncomeExpensesNet": -15400000,
    "incomeBeforeTax": 55400000,
    "incomeBeforeTaxRatio": 0.0523580002,
    "incomeTaxExpense": 14800000,
    "netIncome": 40600000,
    "netIncomeRatio": 0.0383706644,
    "eps": 0.29,
    "epsdiluted": 0.29,
    "weightedAverageShsOut": 141500000,
    "weightedAverageShsOutDil": 142000000,
    "link": "https://www.sec.gov/Archives/edgar/data/1024478/000136231009006731/0001362310-09-006731-index.htm",
    "finalLink": "https://www.sec.gov/Archives/edgar/data/1024478/000136231009006731/c84743e10vq.htm"
  },
  {
    "date": "2008-12-31",
    "symbol": "ROK",
    "reportedCurrency": "USD",
    "cik": "0001024478",
    "fillingDate": "2009-02-06",
    "acceptedDate": "2009-02-05 18:48:00",
    "calendarYear": "2009",
    "period": "Q1",
    "revenue": 1189200000,
    "costOfRevenue": 718800000,
    "grossProfit": 470400000,
    "grossProfitRatio": 0.3955600404,
    "researchAndDevelopmentExpenses": 0,
    "generalAndAdministrativeExpenses": 0,
    "sellingAndMarketingExpenses": 0,
    "sellingGeneralAndAdministrativeExpenses": 313400000,
    "otherExpenses": 0,
    "operatingExpenses": 313400000,
    "costAndExpenses": 1032200000,
    "interestIncome": 0,
    "interestExpense": 15000000,
    "depreciationAndAmortization": 32300000,
    "ebitda": 191800000,
    "ebitdaratio": 0.1612848974,
    "operatingIncome": 157000000,
    "operatingIncomeRatio": 0.1320215271,
    "totalOtherIncomeExpensesNet": -17500000,
    "incomeBeforeTax": 139500000,
    "incomeBeforeTaxRatio": 0.1173057518,
    "incomeTaxExpense": 23900000,
    "netIncome": 118400000,
    "netIncomeRatio": 0.0995627312,
    "eps": 0.83,
    "epsdiluted": 0.83,
    "weightedAverageShsOut": 141600000,
    "weightedAverageShsOutDil": 142100000,
    "link": "https://www.sec.gov/Archives/edgar/data/1024478/000119312509020232/0001193125-09-020232-index.htm",
    "finalLink": "https://www.sec.gov/Archives/edgar/data/1024478/000119312509020232/d10q.htm"
  },
  {
    "date": "2008-09-30",
    "symbol": "ROK",
    "reportedCurrency": "USD",
    "cik": "0001024478",
    "fillingDate": "2008-11-21",
    "acceptedDate": "2008-11-21 14:20:28",
    "calendarYear": "2008",
    "period": "Q4",
    "revenue": 1484300000,
    "costOfRevenue": 896000000,
    "grossProfit": 588300000,
    "grossProfitRatio": 0.3963484471,
    "researchAndDevelopmentExpenses": 0,
    "generalAndAdministrativeExpenses": 0,
    "sellingAndMarketingExpenses": 0,
    "sellingGeneralAndAdministrativeExpenses": 397600000,
    "otherExpenses": 0,
    "operatingExpenses": 397600000,
    "costAndExpenses": 1293600000,
    "interestIncome": 0,
    "interestExpense": 0,
    "depreciationAndAmortization": 35600000,
    "ebitda": 226300000,
    "ebitdaratio": 0.1524624402,
    "operatingIncome": 190700000,
    "operatingIncomeRatio": 0.1284780705,
    "totalOtherIncomeExpensesNet": -14000000,
    "incomeBeforeTax": 176700000,
    "incomeBeforeTaxRatio": 0.119046015,
    "incomeTaxExpense": 51100000,
    "netIncome": 125600000,
    "netIncomeRatio": 0.0846190123,
    "eps": 0.89,
    "epsdiluted": 0.89,
    "weightedAverageShsOut": 141600000,
    "weightedAverageShsOutDil": 141600000,
    "link": "https://www.sec.gov/Archives/edgar/data/1024478/000119312508241034/0001193125-08-241034-index.htm",
    "finalLink": "https://www.sec.gov/Archives/edgar/data/1024478/000119312508241034/d10k.htm"
  },
  {
    "date": "2008-06-30",
    "symbol": "ROK",
    "reportedCurrency": "USD",
    "cik": "0001024478",
    "fillingDate": "2008-07-29",
    "acceptedDate": "2008-07-29 12:27:28",
    "calendarYear": "2008",
    "period": "Q3",
    "revenue": 1475000000,
    "costOfRevenue": 869400000,
    "grossProfit": 605600000,
    "grossProfitRatio": 0.4105762712,
    "researchAndDevelopmentExpenses": 0,
    "generalAndAdministrativeExpenses": 0,
    "sellingAndMarketingExpenses": 0,
    "sellingGeneralAndAdministrativeExpenses": 377600000,
    "otherExpenses": 0,
    "operatingExpenses": 377600000,
    "costAndExpenses": 1247000000,
    "interestIncome": 0,
    "interestExpense": 0,
    "depreciationAndAmortization": 35300000,
    "ebitda": 263300000,
    "ebitdaratio": 0.1785084746,
    "operatingIncome": 228000000,
    "operatingIncomeRatio": 0.1545762712,
    "totalOtherIncomeExpensesNet": -14500000,
    "incomeBeforeTax": 213500000,
    "incomeBeforeTaxRatio": 0.1447457627,
    "incomeTaxExpense": 60900000,
    "netIncome": 152600000,
    "netIncomeRatio": 0.1034576271,
    "eps": 1.04,
    "epsdiluted": 1.03,
    "weightedAverageShsOut": 146300000,
    "weightedAverageShsOutDil": 148100000,
    "link": "https://www.sec.gov/Archives/edgar/data/1024478/000119312508159876/0001193125-08-159876-index.htm",
    "finalLink": "https://www.sec.gov/Archives/edgar/data/1024478/000119312508159876/d10q.htm"
  },
  {
    "date": "2008-03-31",
    "symbol": "ROK",
    "reportedCurrency": "USD",
    "cik": "0001024478",
    "fillingDate": "2008-04-25",
    "acceptedDate": "2008-04-25 16:13:49",
    "calendarYear": "2008",
    "period": "Q2",
    "revenue": 1406600000,
    "costOfRevenue": 835300000,
    "grossProfit": 571300000,
    "grossProfitRatio": 0.4061566899,
    "researchAndDevelopmentExpenses": 0,
    "generalAndAdministrativeExpenses": 0,
    "sellingAndMarketingExpenses": 0,
    "sellingGeneralAndAdministrativeExpenses": 358300000,
    "otherExpenses": 0,
    "operatingExpenses": 358300000,
    "costAndExpenses": 1193600000,
    "interestIncome": 0,
    "interestExpense": 0,
    "depreciationAndAmortization": 34300000,
    "ebitda": 247300000,
    "ebitdaratio": 0.1758140196,
    "operatingIncome": 213000000,
    "operatingIncomeRatio": 0.1514289777,
    "totalOtherIncomeExpensesNet": -13300000,
    "incomeBeforeTax": 199700000,
    "incomeBeforeTaxRatio": 0.1419735532,
    "incomeTaxExpense": 56900000,
    "netIncome": 142800000,
    "netIncomeRatio": 0.1015213991,
    "eps": 0.97,
    "epsdiluted": 0.96,
    "weightedAverageShsOut": 146900000,
    "weightedAverageShsOutDil": 148700000,
    "link": "https://www.sec.gov/Archives/edgar/data/1024478/000119312508090981/0001193125-08-090981-index.htm",
    "finalLink": "https://www.sec.gov/Archives/edgar/data/1024478/000119312508090981/d10q.htm"
  },
  {
    "date": "2007-12-31",
    "symbol": "ROK",
    "reportedCurrency": "USD",
    "cik": "0001024478",
    "fillingDate": "2008-02-06",
    "acceptedDate": "2008-02-06 12:23:41",
    "calendarYear": "2008",
    "period": "Q1",
    "revenue": 1331900000,
    "costOfRevenue": 756400000,
    "grossProfit": 575500000,
    "grossProfitRatio": 0.4320894962,
    "researchAndDevelopmentExpenses": 0,
    "generalAndAdministrativeExpenses": 0,
    "sellingAndMarketingExpenses": 0,
    "sellingGeneralAndAdministrativeExpenses": 348600000,
    "otherExpenses": 0,
    "operatingExpenses": 348600000,
    "costAndExpenses": 1105000000,
    "interestIncome": 0,
    "interestExpense": 0,
    "depreciationAndAmortization": 31300000,
    "ebitda": 258200000,
    "ebitdaratio": 0.1938583978,
    "operatingIncome": 226900000,
    "operatingIncomeRatio": 0.170358135,
    "totalOtherIncomeExpensesNet": -7900000,
    "incomeBeforeTax": 219000000,
    "incomeBeforeTaxRatio": 0.1644267588,
    "incomeTaxExpense": 62400000,
    "netIncome": 156600000,
    "netIncomeRatio": 0.1175763946,
    "eps": 1.05,
    "epsdiluted": 1.04,
    "weightedAverageShsOut": 148700000,
    "weightedAverageShsOutDil": 151000000,
    "link": "https://www.sec.gov/Archives/edgar/data/1024478/000119312508021364/0001193125-08-021364-index.htm",
    "finalLink": "https://www.sec.gov/Archives/edgar/data/1024478/000119312508021364/d10q.htm"
  },
  {
    "date": "2007-09-30",
    "symbol": "ROK",
    "reportedCurrency": "USD",
    "cik": "0001024478",
    "fillingDate": "2007-11-19",
    "acceptedDate": "2007-11-19 15:22:34",
    "calendarYear": "2007",
    "period": "Q4",
    "revenue": 1370500000,
    "costOfRevenue": 796400000,
    "grossProfit": 574100000,
    "grossProfitRatio": 0.4188982123,
    "researchAndDevelopmentExpenses": 0,
    "generalAndAdministrativeExpenses": 0,
    "sellingAndMarketingExpenses": 0,
    "sellingGeneralAndAdministrativeExpenses": 340200000,
    "otherExpenses": 0,
    "operatingExpenses": 340200000,
    "costAndExpenses": 1136600000,
    "interestIncome": 0,
    "interestExpense": 0,
    "depreciationAndAmortization": 31800000,
    "ebitda": 265700000,
    "ebitdaratio": 0.1938708501,
    "operatingIncome": 233900000,
    "operatingIncomeRatio": 0.1706676395,
    "totalOtherIncomeExpensesNet": -2700000,
    "incomeBeforeTax": 231200000,
    "incomeBeforeTaxRatio": 0.1686975556,
    "incomeTaxExpense": 67400000,
    "netIncome": 165200000,
    "netIncomeRatio": 0.1205399489,
    "eps": 1.11,
    "epsdiluted": 1.11,
    "weightedAverageShsOut": 148700000,
    "weightedAverageShsOutDil": 148700000,
    "link": "https://www.sec.gov/Archives/edgar/data/1024478/000119312507250273/0001193125-07-250273-index.htm",
    "finalLink": "https://www.sec.gov/Archives/edgar/data/1024478/000119312507250273/d10k.htm"
  },
  {
    "date": "2007-06-30",
    "symbol": "ROK",
    "reportedCurrency": "USD",
    "cik": "0001024478",
    "fillingDate": "2007-07-27",
    "acceptedDate": "2007-07-27 12:04:38",
    "calendarYear": "2007",
    "period": "Q3",
    "revenue": 1280600000,
    "costOfRevenue": 729500000,
    "grossProfit": 551100000,
    "grossProfitRatio": 0.4303451507,
    "researchAndDevelopmentExpenses": 0,
    "generalAndAdministrativeExpenses": 0,
    "sellingAndMarketingExpenses": 0,
    "sellingGeneralAndAdministrativeExpenses": 319700000,
    "otherExpenses": 0,
    "operatingExpenses": 319700000,
    "costAndExpenses": 1049200000,
    "interestIncome": 0,
    "interestExpense": 0,
    "depreciationAndAmortization": 28400000,
    "ebitda": 259800000,
    "ebitdaratio": 0.202873653,
    "operatingIncome": 231400000,
    "operatingIncomeRatio": 0.1806965485,
    "totalOtherIncomeExpensesNet": -4300000,
    "incomeBeforeTax": 227100000,
    "incomeBeforeTaxRatio": 0.1773387475,
    "incomeTaxExpense": 59600000,
    "netIncome": 164200000,
    "netIncomeRatio": 0.1282211463,
    "eps": 1.07,
    "epsdiluted": 1.05,
    "weightedAverageShsOut": 154000000,
    "weightedAverageShsOutDil": 156500000,
    "link": "https://www.sec.gov/Archives/edgar/data/1024478/000095012307010391/0000950123-07-010391-index.htm",
    "finalLink": "https://www.sec.gov/Archives/edgar/data/1024478/000095012307010391/y37580e10vq.htm"
  },
  {
    "date": "2007-03-31",
    "symbol": "ROK",
    "reportedCurrency": "USD",
    "cik": "0001024478",
    "fillingDate": "2007-04-27",
    "acceptedDate": "2007-04-27 14:08:24",
    "calendarYear": "2007",
    "period": "Q2",
    "revenue": 1206500000,
    "costOfRevenue": 732000000,
    "grossProfit": 474500000,
    "grossProfitRatio": 0.3932863655,
    "researchAndDevelopmentExpenses": 0,
    "generalAndAdministrativeExpenses": 0,
    "sellingAndMarketingExpenses": 0,
    "sellingGeneralAndAdministrativeExpenses": 325600000,
    "otherExpenses": 0,
    "operatingExpenses": 325600000,
    "costAndExpenses": 1057600000,
    "interestIncome": 0,
    "interestExpense": 0,
    "depreciationAndAmortization": 29200000,
    "ebitda": 178100000,
    "ebitdaratio": 0.1476170742,
    "operatingIncome": 148900000,
    "operatingIncomeRatio": 0.1234148363,
    "totalOtherIncomeExpensesNet": -5500000,
    "incomeBeforeTax": 143400000,
    "incomeBeforeTaxRatio": 0.1188561956,
    "incomeTaxExpense": 36300000,
    "netIncome": 729300000,
    "netIncomeRatio": 0.6044757563,
    "eps": 4.52,
    "epsdiluted": 4.45,
    "weightedAverageShsOut": 161200000,
    "weightedAverageShsOutDil": 163800000,
    "link": "https://www.sec.gov/Archives/edgar/data/1024478/000095012307006167/0000950123-07-006167-index.htm",
    "finalLink": "https://www.sec.gov/Archives/edgar/data/1024478/000095012307006167/y34023e10vq.htm"
  },
  {
    "date": "2006-12-31",
    "symbol": "ROK",
    "reportedCurrency": "USD",
    "cik": "0001024478",
    "fillingDate": "2007-01-26",
    "acceptedDate": "2007-01-26 14:25:34",
    "calendarYear": "2007",
    "period": "Q1",
    "revenue": 1146300000,
    "costOfRevenue": 648700000,
    "grossProfit": 497600000,
    "grossProfitRatio": 0.434092297,
    "researchAndDevelopmentExpenses": 0,
    "generalAndAdministrativeExpenses": 0,
    "sellingAndMarketingExpenses": 0,
    "sellingGeneralAndAdministrativeExpenses": 293100000,
    "otherExpenses": 0,
    "operatingExpenses": 293100000,
    "costAndExpenses": 941800000,
    "interestIncome": 0,
    "interestExpense": 0,
    "depreciationAndAmortization": 28500000,
    "ebitda": 233000000,
    "ebitdaratio": 0.2032626712,
    "operatingIncome": 204500000,
    "operatingIncomeRatio": 0.1784000698,
    "totalOtherIncomeExpensesNet": -17600000,
    "incomeBeforeTax": 186900000,
    "incomeBeforeTaxRatio": 0.163046323,
    "incomeTaxExpense": 56000000,
    "netIncome": 429100000,
    "netIncomeRatio": 0.3743348164,
    "eps": 2.55,
    "epsdiluted": 2.5,
    "weightedAverageShsOut": 168600000,
    "weightedAverageShsOutDil": 171400000,
    "link": "https://www.sec.gov/Archives/edgar/data/1024478/000095012307000867/0000950123-07-000867-index.htm",
    "finalLink": "https://www.sec.gov/Archives/edgar/data/1024478/000095012307000867/y29508e10vq.htm"
  },
  {
    "date": "2006-09-30",
    "symbol": "ROK",
    "reportedCurrency": "USD",
    "cik": "0001024478",
    "fillingDate": "2006-11-09",
    "acceptedDate": "2006-11-09 11:37:07",
    "calendarYear": "2006",
    "period": "Q4",
    "revenue": 1453700000,
    "costOfRevenue": 887900000,
    "grossProfit": 565800000,
    "grossProfitRatio": 0.3892137305,
    "researchAndDevelopmentExpenses": 0,
    "generalAndAdministrativeExpenses": 0,
    "sellingAndMarketingExpenses": 0,
    "sellingGeneralAndAdministrativeExpenses": 326500000,
    "otherExpenses": 0,
    "operatingExpenses": 326500000,
    "costAndExpenses": 1214400000,
    "interestIncome": 0,
    "interestExpense": 0,
    "depreciationAndAmortization": 37300000,
    "ebitda": 276600000,
    "ebitdaratio": 0.1902730962,
    "operatingIncome": 239300000,
    "operatingIncomeRatio": 0.1646144321,
    "totalOtherIncomeExpensesNet": 7800000,
    "incomeBeforeTax": 247100000,
    "incomeBeforeTaxRatio": 0.1699800509,
    "incomeTaxExpense": 63200000,
    "netIncome": 165800000,
    "netIncomeRatio": 0.1140537938,
    "eps": 0.98,
    "epsdiluted": 0.98,
    "weightedAverageShsOut": 168600000,
    "weightedAverageShsOutDil": 168600000,
    "link": "https://www.sec.gov/Archives/edgar/data/1024478/000095012306013812/0000950123-06-013812-index.htm",
    "finalLink": "https://www.sec.gov/Archives/edgar/data/1024478/000095012306013812/y26663e10vk.htm"
  },
  {
    "date": "2006-06-30",
    "symbol": "ROK",
    "reportedCurrency": "USD",
    "cik": "0001024478",
    "fillingDate": "2006-07-28",
    "acceptedDate": "2006-07-28 12:43:44",
    "calendarYear": "2006",
    "period": "Q3",
    "revenue": 1171700000,
    "costOfRevenue": 685200000,
    "grossProfit": 486500000,
    "grossProfitRatio": 0.4152086712,
    "researchAndDevelopmentExpenses": 0,
    "generalAndAdministrativeExpenses": 0,
    "sellingAndMarketingExpenses": 0,
    "sellingGeneralAndAdministrativeExpenses": 295100000,
    "otherExpenses": 0,
    "operatingExpenses": 295100000,
    "costAndExpenses": 980300000,
    "interestIncome": 0,
    "interestExpense": 0,
    "depreciationAndAmortization": 37300000,
    "ebitda": 220000000,
    "ebitdaratio": 0.1877613724,
    "operatingIncome": 234500000,
    "operatingIncomeRatio": 0.2001365537,
    "totalOtherIncomeExpensesNet": -13300000,
    "incomeBeforeTax": 219600000,
    "incomeBeforeTaxRatio": 0.1874199881,
    "incomeTaxExpense": 70600000,
    "netIncome": 149000000,
    "netIncomeRatio": 0.1271656567,
    "eps": 0.84,
    "epsdiluted": 0.83,
    "weightedAverageShsOut": 176600000,
    "weightedAverageShsOutDil": 179800000,
    "link": "https://www.sec.gov/Archives/edgar/data/1024478/000095012306009563/0000950123-06-009563-index.htm",
    "finalLink": "https://www.sec.gov/Archives/edgar/data/1024478/000095012306009563/y23544e10vq.htm"
  },
  {
    "date": "2006-03-31",
    "symbol": "ROK",
    "reportedCurrency": "USD",
    "cik": "0001024478",
    "fillingDate": "2006-04-28",
    "acceptedDate": "2006-04-28 13:31:39",
    "calendarYear": "2006",
    "period": "Q2",
    "revenue": 1121000000,
    "costOfRevenue": 645100000,
    "grossProfit": 475900000,
    "grossProfitRatio": 0.4245316682,
    "researchAndDevelopmentExpenses": 0,
    "generalAndAdministrativeExpenses": 0,
    "sellingAndMarketingExpenses": 0,
    "sellingGeneralAndAdministrativeExpenses": 290300000,
    "otherExpenses": 0,
    "operatingExpenses": 290300000,
    "costAndExpenses": 935400000,
    "interestIncome": 0,
    "interestExpense": 0,
    "depreciationAndAmortization": 43400000,
    "ebitda": 219500000,
    "ebitdaratio": 0.1958073149,
    "operatingIncome": 226300000,
    "operatingIncomeRatio": 0.2018733274,
    "totalOtherIncomeExpensesNet": -9400000,
    "incomeBeforeTax": 214900000,
    "incomeBeforeTaxRatio": 0.1917038359,
    "incomeTaxExpense": 65400000,
    "netIncome": 146500000,
    "netIncomeRatio": 0.1306868867,
    "eps": 0.83,
    "epsdiluted": 0.81,
    "weightedAverageShsOut": 177200000,
    "weightedAverageShsOutDil": 180700000,
    "link": "https://www.sec.gov/Archives/edgar/data/1024478/000095012306005399/0000950123-06-005399-index.htm",
    "finalLink": "https://www.sec.gov/Archives/edgar/data/1024478/000095012306005399/y20266e10vq.htm"
  },
  {
    "date": "2005-12-31",
    "symbol": "ROK",
    "reportedCurrency": "USD",
    "cik": "0001024478",
    "fillingDate": "2006-01-27",
    "acceptedDate": "2006-01-27 12:13:08",
    "calendarYear": "2006",
    "period": "Q1",
    "revenue": 1069700000,
    "costOfRevenue": 620400000,
    "grossProfit": 449300000,
    "grossProfitRatio": 0.4200243059,
    "researchAndDevelopmentExpenses": 0,
    "generalAndAdministrativeExpenses": 0,
    "sellingAndMarketingExpenses": 0,
    "sellingGeneralAndAdministrativeExpenses": 264900000,
    "otherExpenses": 0,
    "operatingExpenses": 264900000,
    "costAndExpenses": 885300000,
    "interestIncome": 0,
    "interestExpense": 0,
    "depreciationAndAmortization": 35600000,
    "ebitda": 210800000,
    "ebitdaratio": 0.1970645976,
    "operatingIncome": 219000000,
    "operatingIncomeRatio": 0.2047302982,
    "totalOtherIncomeExpensesNet": -10000000,
    "incomeBeforeTax": 209800000,
    "incomeBeforeTaxRatio": 0.196129756,
    "incomeTaxExpense": 64100000,
    "netIncome": 145700000,
    "netIncomeRatio": 0.136206413,
    "eps": 0.82,
    "epsdiluted": 0.8,
    "weightedAverageShsOut": 178700000,
    "weightedAverageShsOutDil": 182300000,
    "link": "https://www.sec.gov/Archives/edgar/data/1024478/000095012306000783/0000950123-06-000783-index.htm",
    "finalLink": "https://www.sec.gov/Archives/edgar/data/1024478/000095012306000783/y16820e10vq.htm"
  },
  {
    "date": "2005-09-30",
    "symbol": "ROK",
    "reportedCurrency": "USD",
    "cik": "0001024478",
    "fillingDate": "2005-11-10",
    "acceptedDate": "2005-11-10 16:39:36",
    "calendarYear": "2005",
    "period": "Q4",
    "revenue": 1335200000,
    "costOfRevenue": 827100000,
    "grossProfit": 508100000,
    "grossProfitRatio": 0.3805422409,
    "researchAndDevelopmentExpenses": 0,
    "generalAndAdministrativeExpenses": 0,
    "sellingAndMarketingExpenses": 0,
    "sellingGeneralAndAdministrativeExpenses": 307900000,
    "otherExpenses": 0,
    "operatingExpenses": 307900000,
    "costAndExpenses": 1135000000,
    "interestIncome": 0,
    "interestExpense": 0,
    "depreciationAndAmortization": 44000000,
    "ebitda": 244200000,
    "ebitdaratio": 0.1828939485,
    "operatingIncome": 200200000,
    "operatingIncomeRatio": 0.1499400839,
    "totalOtherIncomeExpensesNet": -14600000,
    "incomeBeforeTax": 185600000,
    "incomeBeforeTaxRatio": 0.1390053925,
    "incomeTaxExpense": 59100000,
    "netIncome": 129300000,
    "netIncomeRatio": 0.0968394248,
    "eps": 0.72,
    "epsdiluted": 0.72,
    "weightedAverageShsOut": 178700000,
    "weightedAverageShsOutDil": 178700000,
    "link": "https://www.sec.gov/Archives/edgar/data/1024478/000095012305013478/0000950123-05-013478-index.htm",
    "finalLink": "https://www.sec.gov/Archives/edgar/data/1024478/000095012305013478/e14450e10vk.htm"
  },
  {
    "date": "2005-06-30",
    "symbol": "ROK",
    "reportedCurrency": "USD",
    "cik": "0001024478",
    "fillingDate": "2005-07-28",
    "acceptedDate": "2005-07-28 15:48:10",
    "calendarYear": "2005",
    "period": "Q3",
    "revenue": 1264700000,
    "costOfRevenue": 783700000,
    "grossProfit": 481000000,
    "grossProfitRatio": 0.3803273504,
    "researchAndDevelopmentExpenses": 0,
    "generalAndAdministrativeExpenses": 0,
    "sellingAndMarketingExpenses": 0,
    "sellingGeneralAndAdministrativeExpenses": 286600000,
    "otherExpenses": 0,
    "operatingExpenses": 286600000,
    "costAndExpenses": 1070300000,
    "interestIncome": 0,
    "interestExpense": 0,
    "depreciationAndAmortization": 40100000,
    "ebitda": 234500000,
    "ebitdaratio": 0.1854194671,
    "operatingIncome": 194400000,
    "operatingIncomeRatio": 0.1537123428,
    "totalOtherIncomeExpensesNet": -3200000,
    "incomeBeforeTax": 191200000,
    "incomeBeforeTaxRatio": 0.1511820985,
    "incomeTaxExpense": 63900000,
    "netIncome": 127300000,
    "netIncomeRatio": 0.1006562821,
    "eps": 0.7,
    "epsdiluted": 0.68,
    "weightedAverageShsOut": 182700000,
    "weightedAverageShsOutDil": 186400000,
    "link": "https://www.sec.gov/Archives/edgar/data/1024478/000095012305009057/0000950123-05-009057-index.htm",
    "finalLink": "https://www.sec.gov/Archives/edgar/data/1024478/000095012305009057/y11150e10vq.htm"
  },
  {
    "date": "2005-03-31",
    "symbol": "ROK",
    "reportedCurrency": "USD",
    "cik": "0001024478",
    "fillingDate": "2005-04-29",
    "acceptedDate": "2005-04-29 13:38:20",
    "calendarYear": "2005",
    "period": "Q2",
    "revenue": 1218400000,
    "costOfRevenue": 762500000,
    "grossProfit": 455900000,
    "grossProfitRatio": 0.3741792515,
    "researchAndDevelopmentExpenses": 0,
    "generalAndAdministrativeExpenses": 0,
    "sellingAndMarketingExpenses": 0,
    "sellingGeneralAndAdministrativeExpenses": 263300000,
    "otherExpenses": 0,
    "operatingExpenses": 263300000,
    "costAndExpenses": 1025800000,
    "interestIncome": 0,
    "interestExpense": 0,
    "depreciationAndAmortization": 40900000,
    "ebitda": 233500000,
    "ebitdaratio": 0.19164478,
    "operatingIncome": 192600000,
    "operatingIncomeRatio": 0.1580761655,
    "totalOtherIncomeExpensesNet": -12000000,
    "incomeBeforeTax": 180600000,
    "incomeBeforeTaxRatio": 0.1482271832,
    "incomeTaxExpense": 38100000,
    "netIncome": 150000000,
    "netIncomeRatio": 0.1231122784,
    "eps": 0.81,
    "epsdiluted": 0.79,
    "weightedAverageShsOut": 184500000,
    "weightedAverageShsOutDil": 189000000,
    "link": "https://www.sec.gov/Archives/edgar/data/1024478/000095012305005287/0000950123-05-005287-index.htm",
    "finalLink": "https://www.sec.gov/Archives/edgar/data/1024478/000095012305005287/y08290e10vq.htm"
  },
  {
    "date": "2004-12-31",
    "symbol": "ROK",
    "reportedCurrency": "USD",
    "cik": "0001024478",
    "fillingDate": "2005-01-28",
    "acceptedDate": "2005-01-28 15:43:19",
    "calendarYear": "2005",
    "period": "Q1",
    "revenue": 1184900000,
    "costOfRevenue": 735800000,
    "grossProfit": 449100000,
    "grossProfitRatio": 0.3790193265,
    "researchAndDevelopmentExpenses": 0,
    "generalAndAdministrativeExpenses": 0,
    "sellingAndMarketingExpenses": 0,
    "sellingGeneralAndAdministrativeExpenses": 263000000,
    "otherExpenses": 0,
    "operatingExpenses": 263000000,
    "costAndExpenses": 998800000,
    "interestIncome": 0,
    "interestExpense": 0,
    "depreciationAndAmortization": 46200000,
    "ebitda": 232300000,
    "ebitdaratio": 0.1960502996,
    "operatingIncome": 186100000,
    "operatingIncomeRatio": 0.1570596675,
    "totalOtherIncomeExpensesNet": -6500000,
    "incomeBeforeTax": 179600000,
    "incomeBeforeTaxRatio": 0.1515739725,
    "incomeTaxExpense": 57500000,
    "netIncome": 133400000,
    "netIncomeRatio": 0.1125833404,
    "eps": 0.72,
    "epsdiluted": 0.71,
    "weightedAverageShsOut": 184500000,
    "weightedAverageShsOutDil": 189100000,
    "link": "https://www.sec.gov/Archives/edgar/data/1024478/000095012305000851/0000950123-05-000851-index.htm",
    "finalLink": "https://www.sec.gov/Archives/edgar/data/1024478/000095012305000851/y05174e10vq.htm"
  },
  {
    "date": "2004-09-30",
    "symbol": "ROK",
    "reportedCurrency": "USD",
    "cik": "0001024478",
    "fillingDate": "2004-11-19",
    "acceptedDate": "2004-11-19 15:56:40",
    "calendarYear": "2004",
    "period": "Q4",
    "revenue": 1119000000,
    "costOfRevenue": 719300000,
    "grossProfit": 399700000,
    "grossProfitRatio": 0.3571939231,
    "researchAndDevelopmentExpenses": 0,
    "generalAndAdministrativeExpenses": 0,
    "sellingAndMarketingExpenses": 0,
    "sellingGeneralAndAdministrativeExpenses": 245600000,
    "otherExpenses": 0,
    "operatingExpenses": 245600000,
    "costAndExpenses": 964900000,
    "interestIncome": 0,
    "interestExpense": 0,
    "depreciationAndAmortization": 43900000,
    "ebitda": 198000000,
    "ebitdaratio": 0.1769436997,
    "operatingIncome": 154100000,
    "operatingIncomeRatio": 0.1377122431,
    "totalOtherIncomeExpensesNet": -35300000,
    "incomeBeforeTax": 118800000,
    "incomeBeforeTaxRatio": 0.1061662198,
    "incomeTaxExpense": 27000000,
    "netIncome": 148000000,
    "netIncomeRatio": 0.1322609473,
    "eps": 0.8,
    "epsdiluted": 0.8,
    "weightedAverageShsOut": 184500000,
    "weightedAverageShsOutDil": 184500000,
    "link": "https://www.sec.gov/Archives/edgar/data/1024478/000095012304013937/0000950123-04-013937-index.htm",
    "finalLink": "https://www.sec.gov/Archives/edgar/data/1024478/000095012304013937/y68901e10vk.htm"
  },
  {
    "date": "2004-06-30",
    "symbol": "ROK",
    "reportedCurrency": "USD",
    "cik": "0001024478",
    "fillingDate": "2004-07-28",
    "acceptedDate": "2004-07-28 14:10:05",
    "calendarYear": "2004",
    "period": "Q3",
    "revenue": 1135000000,
    "costOfRevenue": 723100000,
    "grossProfit": 411900000,
    "grossProfitRatio": 0.362907489,
    "researchAndDevelopmentExpenses": 0,
    "generalAndAdministrativeExpenses": 0,
    "sellingAndMarketingExpenses": 0,
    "sellingGeneralAndAdministrativeExpenses": 267600000,
    "otherExpenses": 0,
    "operatingExpenses": 267600000,
    "costAndExpenses": 990700000,
    "interestIncome": 0,
    "interestExpense": 0,
    "depreciationAndAmortization": 46100000,
    "ebitda": 193000000,
    "ebitdaratio": 0.1700440529,
    "operatingIncome": 145700000,
    "operatingIncomeRatio": 0.1283700441,
    "totalOtherIncomeExpensesNet": -14500000,
    "incomeBeforeTax": 131200000,
    "incomeBeforeTaxRatio": 0.1155947137,
    "incomeTaxExpense": 4800000,
    "netIncome": 126400000,
    "netIncomeRatio": 0.1113656388,
    "eps": 0.68,
    "epsdiluted": 0.66,
    "weightedAverageShsOut": 185000000,
    "weightedAverageShsOutDil": 190500000,
    "link": "https://www.sec.gov/Archives/edgar/data/1024478/000095012304008861/0000950123-04-008861-index.htm",
    "finalLink": "https://www.sec.gov/Archives/edgar/data/1024478/000095012304008861/y99440e10vq.htm"
  },
  {
    "date": "2004-03-31",
    "symbol": "ROK",
    "reportedCurrency": "USD",
    "cik": "0001024478",
    "fillingDate": "2004-05-04",
    "acceptedDate": "2004-05-04 15:41:17",
    "calendarYear": "2004",
    "period": "Q2",
    "revenue": 1079600000,
    "costOfRevenue": 695800000,
    "grossProfit": 383800000,
    "grossProfitRatio": 0.3555020378,
    "researchAndDevelopmentExpenses": 0,
    "generalAndAdministrativeExpenses": 0,
    "sellingAndMarketingExpenses": 0,
    "sellingGeneralAndAdministrativeExpenses": 268100000,
    "otherExpenses": 0,
    "operatingExpenses": 268100000,
    "costAndExpenses": 963900000,
    "interestIncome": 0,
    "interestExpense": 0,
    "depreciationAndAmortization": 48300000,
    "ebitda": 162500000,
    "ebitdaratio": 0.1505187106,
    "operatingIncome": 121400000,
    "operatingIncomeRatio": 0.1124490552,
    "totalOtherIncomeExpensesNet": -15200000,
    "incomeBeforeTax": 111900000,
    "incomeBeforeTaxRatio": 0.1036494998,
    "incomeTaxExpense": 33600000,
    "netIncome": 78300000,
    "netIncomeRatio": 0.0725268618,
    "eps": 0.42,
    "epsdiluted": 0.41,
    "weightedAverageShsOut": 186700000,
    "weightedAverageShsOutDil": 192100000,
    "link": "https://www.sec.gov/Archives/edgar/data/1024478/000095012304005681/0000950123-04-005681-index.htm",
    "finalLink": "https://www.sec.gov/Archives/edgar/data/1024478/000095012304005681/y96895e10vq.htm"
  },
  {
    "date": "2003-12-31",
    "symbol": "ROK",
    "reportedCurrency": "USD",
    "cik": "0001024478",
    "fillingDate": "2004-02-04",
    "acceptedDate": "2004-02-04 12:08:56",
    "calendarYear": "2004",
    "period": "Q1",
    "revenue": 990300000,
    "costOfRevenue": 656700000,
    "grossProfit": 333600000,
    "grossProfitRatio": 0.3368676159,
    "researchAndDevelopmentExpenses": 0,
    "generalAndAdministrativeExpenses": 0,
    "sellingAndMarketingExpenses": 0,
    "sellingGeneralAndAdministrativeExpenses": 251100000,
    "otherExpenses": 0,
    "operatingExpenses": 251100000,
    "costAndExpenses": 907800000,
    "interestIncome": 0,
    "interestExpense": 0,
    "depreciationAndAmortization": 48400000,
    "ebitda": 129800000,
    "ebitdaratio": 0.1310713925,
    "operatingIncome": 83000000,
    "operatingIncomeRatio": 0.083812986,
    "totalOtherIncomeExpensesNet": -7600000,
    "incomeBeforeTax": 76200000,
    "incomeBeforeTaxRatio": 0.0769463799,
    "incomeTaxExpense": 18600000,
    "netIncome": 62200000,
    "netIncomeRatio": 0.0628092497,
    "eps": 0.33,
    "epsdiluted": 0.32,
    "weightedAverageShsOut": 186300000,
    "weightedAverageShsOutDil": 192300000,
    "link": "https://www.sec.gov/Archives/edgar/data/1024478/000095012304001211/0000950123-04-001211-index.htm",
    "finalLink": "https://www.sec.gov/Archives/edgar/data/1024478/000095012304001211/y93713e10vq.htm"
  },
  {
    "date": "2003-09-30",
    "symbol": "ROK",
    "reportedCurrency": "USD",
    "cik": "0001024478",
    "fillingDate": "2003-12-03",
    "acceptedDate": "2003-12-03 16:24:14",
    "calendarYear": "2003",
    "period": "Q4",
    "revenue": 1058000000,
    "costOfRevenue": 707000000,
    "grossProfit": 351000000,
    "grossProfitRatio": 0.331758034,
    "researchAndDevelopmentExpenses": 0,
    "generalAndAdministrativeExpenses": 0,
    "sellingAndMarketingExpenses": 0,
    "sellingGeneralAndAdministrativeExpenses": 249000000,
    "otherExpenses": 0,
    "operatingExpenses": 249000000,
    "costAndExpenses": 956000000,
    "interestIncome": 0,
    "interestExpense": 0,
    "depreciationAndAmortization": 51000000,
    "ebitda": 153000000,
    "ebitdaratio": 0.1446124764,
    "operatingIncome": 102000000,
    "operatingIncomeRatio": 0.0964083176,
    "totalOtherIncomeExpensesNet": -12000000,
    "incomeBeforeTax": 90000000,
    "incomeBeforeTaxRatio": 0.0850661626,
    "incomeTaxExpense": 27000000,
    "netIncome": 67000000,
    "netIncomeRatio": 0.0633270321,
    "eps": 0.36,
    "epsdiluted": 0.36,
    "weightedAverageShsOut": 185400000,
    "weightedAverageShsOutDil": 186300000,
    "link": "https://www.sec.gov/Archives/edgar/data/1024478/000095012303013398/0000950123-03-013398-index.htm",
    "finalLink": "https://www.sec.gov/Archives/edgar/data/1024478/000095012303013398/y92046ke10vk.htm"
  },
  {
    "date": "2003-06-30",
    "symbol": "ROK",
    "reportedCurrency": "USD",
    "cik": "0001024478",
    "fillingDate": "2003-08-05",
    "acceptedDate": "2003-08-05 15:36:31",
    "calendarYear": "2003",
    "period": "Q3",
    "revenue": 1033000000,
    "costOfRevenue": 689000000,
    "grossProfit": 344000000,
    "grossProfitRatio": 0.3330106486,
    "researchAndDevelopmentExpenses": 0,
    "generalAndAdministrativeExpenses": 0,
    "sellingAndMarketingExpenses": 0,
    "sellingGeneralAndAdministrativeExpenses": 253000000,
    "otherExpenses": 0,
    "operatingExpenses": 253000000,
    "costAndExpenses": 942000000,
    "interestIncome": 0,
    "interestExpense": 0,
    "depreciationAndAmortization": 50000000,
    "ebitda": 91000000,
    "ebitdaratio": 0.0880929332,
    "operatingIncome": 91000000,
    "operatingIncomeRatio": 0.0880929332,
    "totalOtherIncomeExpensesNet": -7000000,
    "incomeBeforeTax": 84000000,
    "incomeBeforeTaxRatio": 0.0813165537,
    "incomeTaxExpense": -44000000,
    "netIncome": 128000000,
    "netIncomeRatio": 0.123910939,
    "eps": 0.69,
    "epsdiluted": 0.67,
    "weightedAverageShsOut": 185000000,
    "weightedAverageShsOutDil": 189800000,
    "link": "https://www.sec.gov/Archives/edgar/data/1024478/000095012303008965/0000950123-03-008965-index.htm",
    "finalLink": "https://www.sec.gov/Archives/edgar/data/1024478/000095012303008965/y88835e10vq.htm"
  },
  {
    "date": "2003-03-31",
    "symbol": "ROK",
    "reportedCurrency": "USD",
    "cik": "0001024478",
    "fillingDate": "2003-04-30",
    "acceptedDate": "2003-04-30 16:38:14",
    "calendarYear": "2003",
    "period": "Q2",
    "revenue": 1029000000,
    "costOfRevenue": 693000000,
    "grossProfit": 336000000,
    "grossProfitRatio": 0.3265306122,
    "researchAndDevelopmentExpenses": 0,
    "generalAndAdministrativeExpenses": 0,
    "sellingAndMarketingExpenses": 0,
    "sellingGeneralAndAdministrativeExpenses": 254000000,
    "otherExpenses": 0,
    "operatingExpenses": 254000000,
    "costAndExpenses": 947000000,
    "interestIncome": 0,
    "interestExpense": 0,
    "depreciationAndAmortization": 47000000,
    "ebitda": 82000000,
    "ebitdaratio": 0.0796890185,
    "operatingIncome": 82000000,
    "operatingIncomeRatio": 0.0796890185,
    "totalOtherIncomeExpensesNet": -17000000,
    "incomeBeforeTax": 65000000,
    "incomeBeforeTaxRatio": 0.0631681244,
    "incomeTaxExpense": 16000000,
    "netIncome": 49000000,
    "netIncomeRatio": 0.0476190476,
    "eps": 0.26,
    "epsdiluted": 0.26,
    "weightedAverageShsOut": 185600000,
    "weightedAverageShsOutDil": 190400000,
    "link": "https://www.sec.gov/Archives/edgar/data/1024478/000095012303005052/0000950123-03-005052-index.htm",
    "finalLink": "https://www.sec.gov/Archives/edgar/data/1024478/000095012303005052/y85824e10vq.htm"
  },
  {
    "date": "2002-12-31",
    "symbol": "ROK",
    "reportedCurrency": "USD",
    "cik": "0001024478",
    "fillingDate": "2003-02-06",
    "acceptedDate": "2003-02-06 15:22:16",
    "calendarYear": "2003",
    "period": "Q1",
    "revenue": 983600000,
    "costOfRevenue": 663200000,
    "grossProfit": 320400000,
    "grossProfitRatio": 0.3257421716,
    "researchAndDevelopmentExpenses": 0,
    "generalAndAdministrativeExpenses": 0,
    "sellingAndMarketingExpenses": 0,
    "sellingGeneralAndAdministrativeExpenses": 250800000,
    "otherExpenses": 0,
    "operatingExpenses": 250800000,
    "costAndExpenses": 914000000,
    "interestIncome": 0,
    "interestExpense": 0,
    "depreciationAndAmortization": 50000000,
    "ebitda": 119400000,
    "ebitdaratio": 0.1213908093,
    "operatingIncome": 70000000,
    "operatingIncomeRatio": 0.0711671411,
    "totalOtherIncomeExpensesNet": -9600000,
    "incomeBeforeTax": 60000000,
    "incomeBeforeTaxRatio": 0.0610004067,
    "incomeTaxExpense": 18000000,
    "netIncome": 42000000,
    "netIncomeRatio": 0.0427002847,
    "eps": 0.22,
    "epsdiluted": 0.22,
    "weightedAverageShsOut": 185600000,
    "weightedAverageShsOutDil": 189400000,
    "link": "https://www.sec.gov/Archives/edgar/data/1024478/000095012303000969/0000950123-03-000969-index.htm",
    "finalLink": "https://www.sec.gov/Archives/edgar/data/1024478/000095012303000969/y83095e10vq.htm"
  },
  {
    "date": "2002-09-30",
    "symbol": "ROK",
    "reportedCurrency": "USD",
    "cik": "0001024478",
    "fillingDate": "2002-11-25",
    "acceptedDate": "2002-11-25 15:47:04",
    "calendarYear": "2002",
    "period": "Q4",
    "revenue": 1017000000,
    "costOfRevenue": 698000000,
    "grossProfit": 319000000,
    "grossProfitRatio": 0.31366765,
    "researchAndDevelopmentExpenses": 0,
    "generalAndAdministrativeExpenses": 0,
    "sellingAndMarketingExpenses": 0,
    "sellingGeneralAndAdministrativeExpenses": 234000000,
    "otherExpenses": 0,
    "operatingExpenses": 234000000,
    "costAndExpenses": 932000000,
    "interestIncome": 0,
    "interestExpense": 0,
    "depreciationAndAmortization": 52000000,
    "ebitda": 137000000,
    "ebitdaratio": 0.1347099312,
    "operatingIncome": 85000000,
    "operatingIncomeRatio": 0.0835791544,
    "totalOtherIncomeExpensesNet": -21000000,
    "incomeBeforeTax": 64000000,
    "incomeBeforeTaxRatio": 0.0629301868,
    "incomeTaxExpense": 15000000,
    "netIncome": 49000000,
    "netIncomeRatio": 0.0481809243,
    "eps": 0.26,
    "epsdiluted": 0.26,
    "weightedAverageShsOut": 185600000,
    "weightedAverageShsOutDil": 185600000,
    "link": "https://www.sec.gov/Archives/edgar/data/1024478/000095012302011324/0000950123-02-011324-index.htm",
    "finalLink": "https://www.sec.gov/Archives/edgar/data/1024478/000095012302011324/y65666e10vk.htm"
  },
  {
    "date": "2002-06-30",
    "symbol": "ROK",
    "reportedCurrency": "USD",
    "cik": "0001024478",
    "fillingDate": "2002-08-06",
    "acceptedDate": "2002-08-06 12:51:44",
    "calendarYear": "2002",
    "period": "Q3",
    "revenue": 995000000,
    "costOfRevenue": 670000000,
    "grossProfit": 325000000,
    "grossProfitRatio": 0.3266331658,
    "researchAndDevelopmentExpenses": 0,
    "generalAndAdministrativeExpenses": 0,
    "sellingAndMarketingExpenses": 0,
    "sellingGeneralAndAdministrativeExpenses": 244000000,
    "otherExpenses": 0,
    "operatingExpenses": 244000000,
    "costAndExpenses": 914000000,
    "interestIncome": 0,
    "interestExpense": 0,
    "depreciationAndAmortization": 47000000,
    "ebitda": 128000000,
    "ebitdaratio": 0.1286432161,
    "operatingIncome": 81000000,
    "operatingIncomeRatio": 0.0814070352,
    "totalOtherIncomeExpensesNet": -6000000,
    "incomeBeforeTax": 75000000,
    "incomeBeforeTaxRatio": 0.0753768844,
    "incomeTaxExpense": -15000000,
    "netIncome": 90000000,
    "netIncomeRatio": 0.0904522613,
    "eps": 0.48,
    "epsdiluted": 0.47,
    "weightedAverageShsOut": 185500000,
    "weightedAverageShsOutDil": 190400000,
    "link": "https://www.sec.gov/Archives/edgar/data/1024478/000095012302007476/0000950123-02-007476-index.htm",
    "finalLink": "https://www.sec.gov/Archives/edgar/data/1024478/000095012302007476/y62722e10vq.htm"
  },
  {
    "date": "2002-03-31",
    "symbol": "ROK",
    "reportedCurrency": "USD",
    "cik": "0001024478",
    "fillingDate": "2002-05-07",
    "acceptedDate": "2002-05-07 11:22:24",
    "calendarYear": "2002",
    "period": "Q2",
    "revenue": 958000000,
    "costOfRevenue": 659000000,
    "grossProfit": 299000000,
    "grossProfitRatio": 0.3121085595,
    "researchAndDevelopmentExpenses": 0,
    "generalAndAdministrativeExpenses": 0,
    "sellingAndMarketingExpenses": 0,
    "sellingGeneralAndAdministrativeExpenses": 235000000,
    "otherExpenses": 0,
    "operatingExpenses": 235000000,
    "costAndExpenses": 894000000,
    "interestIncome": 0,
    "interestExpense": 0,
    "depreciationAndAmortization": 54000000,
    "ebitda": 118000000,
    "ebitdaratio": 0.1231732777,
    "operatingIncome": 71000000,
    "operatingIncomeRatio": 0.0741127349,
    "totalOtherIncomeExpensesNet": -10000000,
    "incomeBeforeTax": 54000000,
    "incomeBeforeTaxRatio": 0.0563674322,
    "incomeTaxExpense": -4000000,
    "netIncome": 61000000,
    "netIncomeRatio": 0.0636743215,
    "eps": 0.33,
    "epsdiluted": 0.33,
    "weightedAverageShsOut": 184500000,
    "weightedAverageShsOutDil": 188900000,
    "link": "https://www.sec.gov/Archives/edgar/data/1024478/000095012302004743/0000950123-02-004743-index.htm",
    "finalLink": "https://www.sec.gov/Archives/edgar/data/1024478/000095012302004743/y60312e10-q.htm"
  },
  {
    "date": "2001-12-31",
    "symbol": "ROK",
    "reportedCurrency": "USD",
    "cik": "0001024478",
    "fillingDate": "2002-02-08",
    "acceptedDate": "2002-02-08 00:00:00",
    "calendarYear": "2002",
    "period": "Q1",
    "revenue": 939000000,
    "costOfRevenue": 647000000,
    "grossProfit": 292000000,
    "grossProfitRatio": 0.3109691161,
    "researchAndDevelopmentExpenses": 0,
    "generalAndAdministrativeExpenses": 0,
    "sellingAndMarketingExpenses": 0,
    "sellingGeneralAndAdministrativeExpenses": 240000000,
    "otherExpenses": 0,
    "operatingExpenses": 240000000,
    "costAndExpenses": 887000000,
    "interestIncome": 0,
    "interestExpense": 0,
    "depreciationAndAmortization": 53000000,
    "ebitda": 105000000,
    "ebitdaratio": 0.1118210863,
    "operatingIncome": 52000000,
    "operatingIncomeRatio": 0.0553780618,
    "totalOtherIncomeExpensesNet": -12000000,
    "incomeBeforeTax": 40000000,
    "incomeBeforeTaxRatio": 0.0425985091,
    "incomeTaxExpense": 11000000,
    "netIncome": -6000000,
    "netIncomeRatio": -0.0063897764,
    "eps": -0.0326,
    "epsdiluted": -0.0322,
    "weightedAverageShsOut": 183900000,
    "weightedAverageShsOutDil": 186600000,
    "link": "https://www.sec.gov/Archives/edgar/data/1024478/000095012302001087/0000950123-02-001087-index.htm",
    "finalLink": "https://www.sec.gov/Archives/edgar/data/1024478/000095012302001087/y57257e10-q.htm"
  },
  {
    "date": "2001-09-30",
    "symbol": "ROK",
    "reportedCurrency": "USD",
    "cik": "0001024478",
    "fillingDate": "2001-11-21",
    "acceptedDate": "2001-11-21 00:00:00",
    "calendarYear": "2001",
    "period": "Q4",
    "revenue": 1005000000,
    "costOfRevenue": 718000000,
    "grossProfit": 287000000,
    "grossProfitRatio": 0.2855721393,
    "researchAndDevelopmentExpenses": 0,
    "generalAndAdministrativeExpenses": 0,
    "sellingAndMarketingExpenses": 0,
    "sellingGeneralAndAdministrativeExpenses": 250000000,
    "otherExpenses": 0,
    "operatingExpenses": 250000000,
    "costAndExpenses": 968000000,
    "interestIncome": 0,
    "interestExpense": 0,
    "depreciationAndAmortization": 65000000,
    "ebitda": 102000000,
    "ebitdaratio": 0.1014925373,
    "operatingIncome": 37000000,
    "operatingIncomeRatio": 0.0368159204,
    "totalOtherIncomeExpensesNet": -17000000,
    "incomeBeforeTax": 20000000,
    "incomeBeforeTaxRatio": 0.0199004975,
    "incomeTaxExpense": 8000000,
    "netIncome": 12000000,
    "netIncomeRatio": 0.0119402985,
    "eps": 0.0653,
    "epsdiluted": 0.0653,
    "weightedAverageShsOut": 182600000,
    "weightedAverageShsOutDil": 183900000,
    "link": "https://www.sec.gov/Archives/edgar/data/1024478/000095012301508750/0000950123-01-508750-index.htm",
    "finalLink": "https://www.sec.gov/Archives/edgar/data/1024478/000095012301508750/y54460e10-k405.txt"
  },
  {
    "date": "2001-06-30",
    "symbol": "ROK",
    "reportedCurrency": "USD",
    "cik": "0001024478",
    "fillingDate": "2001-08-09",
    "acceptedDate": "2001-08-09 00:00:00",
    "calendarYear": "2001",
    "period": "Q3",
    "revenue": 1027000000,
    "costOfRevenue": 797000000,
    "grossProfit": 230000000,
    "grossProfitRatio": 0.2239532619,
    "researchAndDevelopmentExpenses": 0,
    "generalAndAdministrativeExpenses": 0,
    "sellingAndMarketingExpenses": 0,
    "sellingGeneralAndAdministrativeExpenses": 272000000,
    "otherExpenses": 0,
    "operatingExpenses": 272000000,
    "costAndExpenses": 1069000000,
    "interestIncome": 0,
    "interestExpense": 0,
    "depreciationAndAmortization": 70000000,
    "ebitda": 28000000,
    "ebitdaratio": 0.0272638754,
    "operatingIncome": -36000000,
    "operatingIncomeRatio": -0.035053554,
    "totalOtherIncomeExpensesNet": -14000000,
    "incomeBeforeTax": -56000000,
    "incomeBeforeTaxRatio": -0.0545277507,
    "incomeTaxExpense": -29000000,
    "netIncome": 34000000,
    "netIncomeRatio": 0.0331061344,
    "eps": 0.18,
    "epsdiluted": 0.18,
    "weightedAverageShsOut": 183100000,
    "weightedAverageShsOutDil": 183100000,
    "link": "https://www.sec.gov/Archives/edgar/data/1024478/000095012301505246/0000950123-01-505246-index.htm",
    "finalLink": "https://www.sec.gov/Archives/edgar/data/1024478/000095012301505246/y52163e10-q.txt"
  },
  {
    "date": "2001-03-31",
    "symbol": "ROK",
    "reportedCurrency": "USD",
    "cik": "0001024478",
    "fillingDate": "2001-05-09",
    "acceptedDate": "2001-05-09 00:00:00",
    "calendarYear": "2001",
    "period": "Q2",
    "revenue": 1178000000,
    "costOfRevenue": 785000000,
    "grossProfit": 393000000,
    "grossProfitRatio": 0.3336162988,
    "researchAndDevelopmentExpenses": 0,
    "generalAndAdministrativeExpenses": 0,
    "sellingAndMarketingExpenses": 0,
    "sellingGeneralAndAdministrativeExpenses": 263000000,
    "otherExpenses": 0,
    "operatingExpenses": 263000000,
    "costAndExpenses": 1048000000,
    "interestIncome": 0,
    "interestExpense": 0,
    "depreciationAndAmortization": 70000000,
    "ebitda": 200000000,
    "ebitdaratio": 0.1697792869,
    "operatingIncome": 122000000,
    "operatingIncomeRatio": 0.103565365,
    "totalOtherIncomeExpensesNet": -28000000,
    "incomeBeforeTax": 102000000,
    "incomeBeforeTaxRatio": 0.0865874363,
    "incomeTaxExpense": 31000000,
    "netIncome": 125000000,
    "netIncomeRatio": 0.1061120543,
    "eps": 0.68,
    "epsdiluted": 0.67,
    "weightedAverageShsOut": 182400000,
    "weightedAverageShsOutDil": 185300000,
    "link": "https://www.sec.gov/Archives/edgar/data/1024478/000095012301502102/0000950123-01-502102-index.htm",
    "finalLink": "https://www.sec.gov/Archives/edgar/data/1024478/000095012301502102/y48887e10-q.txt"
  },
  {
    "date": "2000-12-31",
    "symbol": "ROK",
    "reportedCurrency": "USD",
    "cik": "0001024478",
    "fillingDate": "2001-02-07",
    "acceptedDate": "2001-02-07 00:00:00",
    "calendarYear": "2001",
    "period": "Q1",
    "revenue": 1107000000,
    "costOfRevenue": 744000000,
    "grossProfit": 363000000,
    "grossProfitRatio": 0.3279132791,
    "researchAndDevelopmentExpenses": 0,
    "generalAndAdministrativeExpenses": 0,
    "sellingAndMarketingExpenses": 0,
    "sellingGeneralAndAdministrativeExpenses": 256000000,
    "otherExpenses": 0,
    "operatingExpenses": 256000000,
    "costAndExpenses": 1000000000,
    "interestIncome": 0,
    "interestExpense": 0,
    "depreciationAndAmortization": 67000000,
    "ebitda": 174000000,
    "ebitdaratio": 0.1571815718,
    "operatingIncome": 107000000,
    "operatingIncomeRatio": 0.0966576332,
    "totalOtherIncomeExpensesNet": -5000000,
    "incomeBeforeTax": 102000000,
    "incomeBeforeTaxRatio": 0.0921409214,
    "incomeTaxExpense": 33000000,
    "netIncome": 134000000,
    "netIncomeRatio": 0.1210478771,
    "eps": 0.74,
    "epsdiluted": 0.73,
    "weightedAverageShsOut": 182500000,
    "weightedAverageShsOutDil": 184700000,
    "link": "https://www.sec.gov/Archives/edgar/data/1024478/000095012401000527/0000950124-01-000527-index.htm",
    "finalLink": "https://www.sec.gov/Archives/edgar/data/1024478/000095012401000527/c59921e10-q.txt"
  },
  {
    "date": "2000-09-30",
    "symbol": "ROK",
    "reportedCurrency": "USD",
    "cik": "0001024478",
    "fillingDate": "2000-11-22",
    "acceptedDate": "2000-11-22 00:00:00",
    "calendarYear": "2000",
    "period": "Q4",
    "revenue": 1887000000,
    "costOfRevenue": 1213000000,
    "grossProfit": 674000000,
    "grossProfitRatio": 0.3571807101,
    "researchAndDevelopmentExpenses": 0,
    "generalAndAdministrativeExpenses": 0,
    "sellingAndMarketingExpenses": 0,
    "sellingGeneralAndAdministrativeExpenses": 340000000,
    "otherExpenses": 98000000,
    "operatingExpenses": 438000000,
    "costAndExpenses": 1651000000,
    "interestIncome": 0,
    "interestExpense": 0,
    "depreciationAndAmortization": 98000000,
    "ebitda": 334000000,
    "ebitdaratio": 0.1770005299,
    "operatingIncome": 236000000,
    "operatingIncomeRatio": 0.1250662427,
    "totalOtherIncomeExpensesNet": -21000000,
    "incomeBeforeTax": 215000000,
    "incomeBeforeTaxRatio": 0.1139374669,
    "incomeTaxExpense": 70000000,
    "netIncome": 145000000,
    "netIncomeRatio": 0.0768415474,
    "eps": 0.79,
    "epsdiluted": 0.79,
    "weightedAverageShsOut": 182500000,
    "weightedAverageShsOutDil": 182500000,
    "link": "https://www.sec.gov/Archives/edgar/data/1024478/000095012400007138/0000950124-00-007138-index.htm",
    "finalLink": "https://www.sec.gov/Archives/edgar/data/1024478/000095012400007138/c57850e10-k405.txt"
  },
  {
    "date": "2000-06-30",
    "symbol": "ROK",
    "reportedCurrency": "USD",
    "cik": "0001024478",
    "fillingDate": "2000-08-11",
    "acceptedDate": "2000-08-11 00:00:00",
    "calendarYear": "2000",
    "period": "Q3",
    "revenue": 1820000000,
    "costOfRevenue": 1161000000,
    "grossProfit": 659000000,
    "grossProfitRatio": 0.3620879121,
    "researchAndDevelopmentExpenses": 0,
    "generalAndAdministrativeExpenses": 0,
    "sellingAndMarketingExpenses": 0,
    "sellingGeneralAndAdministrativeExpenses": 327000000,
    "otherExpenses": 94000000,
    "operatingExpenses": 421000000,
    "costAndExpenses": 1582000000,
    "interestIncome": 0,
    "interestExpense": 0,
    "depreciationAndAmortization": 94000000,
    "ebitda": 377000000,
    "ebitdaratio": 0.2071428571,
    "operatingIncome": 238000000,
    "operatingIncomeRatio": 0.1307692308,
    "totalOtherIncomeExpensesNet": 14000000,
    "incomeBeforeTax": 252000000,
    "incomeBeforeTaxRatio": 0.1384615385,
    "incomeTaxExpense": 82000000,
    "netIncome": 170000000,
    "netIncomeRatio": 0.0934065934,
    "eps": 0.91,
    "epsdiluted": 0.9,
    "weightedAverageShsOut": 187200000,
    "weightedAverageShsOutDil": 189000000,
    "link": "https://www.sec.gov/Archives/edgar/data/1024478/000095012400004939/0000950124-00-004939-index.htm",
    "finalLink": "https://www.sec.gov/Archives/edgar/data/1024478/000095012400004939/e10-q.txt"
  },
  {
    "date": "2000-03-31",
    "symbol": "ROK",
    "reportedCurrency": "USD",
    "cik": "0001024478",
    "fillingDate": "2000-05-11",
    "acceptedDate": "2000-05-11 00:00:00",
    "calendarYear": "2000",
    "period": "Q2",
    "revenue": 1169000000,
    "costOfRevenue": 675000000,
    "grossProfit": 494000000,
    "grossProfitRatio": 0.4225834046,
    "researchAndDevelopmentExpenses": 0,
    "generalAndAdministrativeExpenses": 0,
    "sellingAndMarketingExpenses": 0,
    "sellingGeneralAndAdministrativeExpenses": 262000000,
    "otherExpenses": 92000000,
    "operatingExpenses": 354000000,
    "costAndExpenses": 1029000000,
    "interestIncome": 0,
    "interestExpense": 0,
    "depreciationAndAmortization": 92000000,
    "ebitda": 232000000,
    "ebitdaratio": 0.1984602224,
    "operatingIncome": 233000000,
    "operatingIncomeRatio": 0.1993156544,
    "totalOtherIncomeExpensesNet": -82000000,
    "incomeBeforeTax": 243000000,
    "incomeBeforeTaxRatio": 0.2078699743,
    "incomeTaxExpense": 79000000,
    "netIncome": 164000000,
    "netIncomeRatio": 0.1402908469,
    "eps": 0.87,
    "epsdiluted": 0.85,
    "weightedAverageShsOut": 189500000,
    "weightedAverageShsOutDil": 192000000,
    "link": "https://www.sec.gov/Archives/edgar/data/1024478/000095012400002979/0000950124-00-002979-index.html",
    "finalLink": "https://www.sec.gov/Archives/edgar/data/1024478/000095012400002979/"
  },
  {
    "date": "1999-12-31",
    "symbol": "ROK",
    "reportedCurrency": "USD",
    "cik": "0001024478",
    "fillingDate": "2000-02-11",
    "acceptedDate": "2000-02-11 00:00:00",
    "calendarYear": "2000",
    "period": "Q1",
    "revenue": 1099000000,
    "costOfRevenue": 653000000,
    "grossProfit": 446000000,
    "grossProfitRatio": 0.4058234759,
    "researchAndDevelopmentExpenses": 0,
    "generalAndAdministrativeExpenses": 0,
    "sellingAndMarketingExpenses": 0,
    "sellingGeneralAndAdministrativeExpenses": 240000000,
    "otherExpenses": 64000000,
    "operatingExpenses": 304000000,
    "costAndExpenses": 957000000,
    "interestIncome": 0,
    "interestExpense": 0,
    "depreciationAndAmortization": 85000000,
    "ebitda": 206000000,
    "ebitdaratio": 0.1874431301,
    "operatingIncome": 240000000,
    "operatingIncomeRatio": 0.2183803458,
    "totalOtherIncomeExpensesNet": -14000000,
    "incomeBeforeTax": 233000000,
    "incomeBeforeTaxRatio": 0.212010919,
    "incomeTaxExpense": 76000000,
    "netIncome": 157000000,
    "netIncomeRatio": 0.1428571429,
    "eps": 0.83,
    "epsdiluted": 0.81,
    "weightedAverageShsOut": 190000000,
    "weightedAverageShsOutDil": 192900000,
    "link": "https://www.sec.gov/Archives/edgar/data/1024478/000095012400000563/0000950124-00-000563-index.html",
    "finalLink": "https://www.sec.gov/Archives/edgar/data/1024478/000095012400000563/"
  },
  {
    "date": "1999-09-30",
    "symbol": "ROK",
    "reportedCurrency": "USD",
    "cik": "0001024478",
    "fillingDate": "1999-12-01",
    "acceptedDate": "1999-12-01 00:00:00",
    "calendarYear": "1999",
    "period": "Q4",
    "revenue": 1926000000,
    "costOfRevenue": 1243000000,
    "grossProfit": 683000000,
    "grossProfitRatio": 0.3546209761,
    "researchAndDevelopmentExpenses": 0,
    "generalAndAdministrativeExpenses": 0,
    "sellingAndMarketingExpenses": 0,
    "sellingGeneralAndAdministrativeExpenses": 351000000,
    "otherExpenses": 101000000,
    "operatingExpenses": 452000000,
    "costAndExpenses": 1695000000,
    "interestIncome": 0,
    "interestExpense": 0,
    "depreciationAndAmortization": 101000000,
    "ebitda": 332000000,
    "ebitdaratio": 0.1723779855,
    "operatingIncome": 231000000,
    "operatingIncomeRatio": 0.1199376947,
    "totalOtherIncomeExpensesNet": -4000000,
    "incomeBeforeTax": 227000000,
    "incomeBeforeTaxRatio": 0.1178608515,
    "incomeTaxExpense": 72000000,
    "netIncome": 155000000,
    "netIncomeRatio": 0.0804776739,
    "eps": 0.82,
    "epsdiluted": 0.82,
    "weightedAverageShsOut": 190000000,
    "weightedAverageShsOutDil": 190000000,
    "link": "https://www.sec.gov/Archives/edgar/data/1024478/000095012399010617/0000950123-99-010617-index.html",
    "finalLink": "https://www.sec.gov/Archives/edgar/data/1024478/000095012399010617/"
  },
  {
    "date": "1999-06-30",
    "symbol": "ROK",
    "reportedCurrency": "USD",
    "cik": "0001024478",
    "fillingDate": "1999-08-13",
    "acceptedDate": "1999-08-13 00:00:00",
    "calendarYear": "1999",
    "period": "Q3",
    "revenue": 1808000000,
    "costOfRevenue": 1160000000,
    "grossProfit": 648000000,
    "grossProfitRatio": 0.3584070796,
    "researchAndDevelopmentExpenses": 0,
    "generalAndAdministrativeExpenses": 0,
    "sellingAndMarketingExpenses": 0,
    "sellingGeneralAndAdministrativeExpenses": 330000000,
    "otherExpenses": 85000000,
    "operatingExpenses": 415000000,
    "costAndExpenses": 1575000000,
    "interestIncome": 0,
    "interestExpense": 0,
    "depreciationAndAmortization": 85000000,
    "ebitda": 318000000,
    "ebitdaratio": 0.1758849558,
    "operatingIncome": 233000000,
    "operatingIncomeRatio": 0.1288716814,
    "totalOtherIncomeExpensesNet": 0,
    "incomeBeforeTax": 233000000,
    "incomeBeforeTaxRatio": 0.1288716814,
    "incomeTaxExpense": 83000000,
    "netIncome": 150000000,
    "netIncomeRatio": 0.0829646018,
    "eps": 0.79,
    "epsdiluted": 0.77,
    "weightedAverageShsOut": 190800000,
    "weightedAverageShsOutDil": 194500000,
    "link": "https://www.sec.gov/Archives/edgar/data/1024478/000089383899000226/0000893838-99-000226-index.html",
    "finalLink": "https://www.sec.gov/Archives/edgar/data/1024478/000089383899000226/"
  },
  {
    "date": "1999-03-31",
    "symbol": "ROK",
    "reportedCurrency": "USD",
    "cik": "0001024478",
    "fillingDate": "1999-05-13",
    "acceptedDate": "1999-05-13 00:00:00",
    "calendarYear": "1999",
    "period": "Q2",
    "revenue": 1701000000,
    "costOfRevenue": 1100000000,
    "grossProfit": 601000000,
    "grossProfitRatio": 0.3533215755,
    "researchAndDevelopmentExpenses": 0,
    "generalAndAdministrativeExpenses": 0,
    "sellingAndMarketingExpenses": 0,
    "sellingGeneralAndAdministrativeExpenses": 298000000,
    "otherExpenses": 83000000,
    "operatingExpenses": 381000000,
    "costAndExpenses": 1481000000,
    "interestIncome": 0,
    "interestExpense": 0,
    "depreciationAndAmortization": 83000000,
    "ebitda": 303000000,
    "ebitdaratio": 0.1781305115,
    "operatingIncome": 220000000,
    "operatingIncomeRatio": 0.1293356849,
    "totalOtherIncomeExpensesNet": 1000000,
    "incomeBeforeTax": 221000000,
    "incomeBeforeTaxRatio": 0.1299235744,
    "incomeTaxExpense": 78000000,
    "netIncome": 143000000,
    "netIncomeRatio": 0.0840681952,
    "eps": 0.75,
    "epsdiluted": 0.74,
    "weightedAverageShsOut": 190666667,
    "weightedAverageShsOutDil": 193243243,
    "link": "https://www.sec.gov/Archives/edgar/data/1024478/000089383899000117/0000893838-99-000117-index.html",
    "finalLink": "https://www.sec.gov/Archives/edgar/data/1024478/"
  },
  {
    "date": "1998-12-31",
    "symbol": "ROK",
    "reportedCurrency": "USD",
    "cik": "0001024478",
    "fillingDate": "1999-02-10",
    "acceptedDate": "1999-02-10 00:00:00",
    "calendarYear": "1999",
    "period": "Q1",
    "revenue": 1608000000,
    "costOfRevenue": 1067000000,
    "grossProfit": 541000000,
    "grossProfitRatio": 0.3364427861,
    "researchAndDevelopmentExpenses": 0,
    "generalAndAdministrativeExpenses": 0,
    "sellingAndMarketingExpenses": 0,
    "sellingGeneralAndAdministrativeExpenses": 291000000,
    "otherExpenses": 68000000,
    "operatingExpenses": 359000000,
    "costAndExpenses": 1426000000,
    "interestIncome": 0,
    "interestExpense": 0,
    "depreciationAndAmortization": 68000000,
    "ebitda": 250000000,
    "ebitdaratio": 0.1554726368,
    "operatingIncome": 182000000,
    "operatingIncomeRatio": 0.1131840796,
    "totalOtherIncomeExpensesNet": 27000000,
    "incomeBeforeTax": 209000000,
    "incomeBeforeTaxRatio": 0.1299751244,
    "incomeTaxExpense": 75000000,
    "netIncome": 114000000,
    "netIncomeRatio": 0.0708955224,
    "eps": 0.6,
    "epsdiluted": 0.59,
    "weightedAverageShsOut": 190000000,
    "weightedAverageShsOutDil": 193220339,
    "link": "https://www.sec.gov/Archives/edgar/data/1024478/000089383899000021/0000893838-99-000021-index.html",
    "finalLink": "https://www.sec.gov/Archives/edgar/data/1024478/"
  },
  {
    "date": "1998-09-30",
    "symbol": "ROK",
    "reportedCurrency": "USD",
    "cik": "0001024478",
    "fillingDate": "1998-12-03",
    "acceptedDate": "1998-12-03 00:00:00",
    "calendarYear": "1998",
    "period": "Q4",
    "revenue": 1812000000,
    "costOfRevenue": 739000000,
    "grossProfit": 1073000000,
    "grossProfitRatio": 0.5921633554,
    "researchAndDevelopmentExpenses": 0,
    "generalAndAdministrativeExpenses": 0,
    "sellingAndMarketingExpenses": 0,
    "sellingGeneralAndAdministrativeExpenses": 212000000,
    "otherExpenses": 172000000,
    "operatingExpenses": 384000000,
    "costAndExpenses": 1123000000,
    "interestIncome": 0,
    "interestExpense": 0,
    "depreciationAndAmortization": 69000000,
    "ebitda": 758000000,
    "ebitdaratio": 0.4183222958,
    "operatingIncome": 689000000,
    "operatingIncomeRatio": 0.3802428256,
    "totalOtherIncomeExpensesNet": -497000000,
    "incomeBeforeTax": 192000000,
    "incomeBeforeTaxRatio": 0.1059602649,
    "incomeTaxExpense": 63000000,
    "netIncome": -143000000,
    "netIncomeRatio": -0.0789183223,
    "eps": -0.75,
    "epsdiluted": -0.75,
    "weightedAverageShsOut": 190000000,
    "weightedAverageShsOutDil": 190000000,
    "link": "https://www.sec.gov/Archives/edgar/data/1024478/000095012898001167/0000950128-98-001167-index.html",
    "finalLink": "https://www.sec.gov/Archives/edgar/data/1024478/"
  },
  {
    "date": "1998-06-30",
    "symbol": "ROK",
    "reportedCurrency": "USD",
    "cik": "0001024478",
    "fillingDate": "1998-08-14",
    "acceptedDate": "1998-08-14 00:00:00",
    "calendarYear": "1998",
    "period": "Q3",
    "revenue": 1664000000,
    "costOfRevenue": 1657000000,
    "grossProfit": 7000000,
    "grossProfitRatio": 0.0042067308,
    "researchAndDevelopmentExpenses": 0,
    "generalAndAdministrativeExpenses": 0,
    "sellingAndMarketingExpenses": 0,
    "sellingGeneralAndAdministrativeExpenses": 472000000,
    "otherExpenses": 0,
    "operatingExpenses": 472000000,
    "costAndExpenses": 2129000000,
    "interestIncome": 0,
    "interestExpense": 0,
    "depreciationAndAmortization": -8000000,
    "ebitda": -381000000,
    "ebitdaratio": -0.2289663462,
    "operatingIncome": -465000000,
    "operatingIncomeRatio": -0.2794471154,
    "totalOtherIncomeExpensesNet": 10000000,
    "incomeBeforeTax": -455000000,
    "incomeBeforeTaxRatio": -0.2734375,
    "incomeTaxExpense": -35000000,
    "netIncome": -482000000,
    "netIncomeRatio": -0.2896634615,
    "eps": -2.47,
    "epsdiluted": -2.47,
    "weightedAverageShsOut": 195141700,
    "weightedAverageShsOutDil": 195141700,
    "link": "https://www.sec.gov/Archives/edgar/data/1024478/000089383898000132/0000893838-98-000132-index.html",
    "finalLink": "https://www.sec.gov/Archives/edgar/data/1024478/"
  },
  {
    "date": "1998-03-31",
    "symbol": "ROK",
    "reportedCurrency": "USD",
    "cik": "0001024478",
    "fillingDate": "1998-05-13",
    "acceptedDate": "1998-05-13 00:00:00",
    "calendarYear": "1998",
    "period": "Q2",
    "revenue": 1674000000,
    "costOfRevenue": 1092000000,
    "grossProfit": 582000000,
    "grossProfitRatio": 0.3476702509,
    "researchAndDevelopmentExpenses": 0,
    "generalAndAdministrativeExpenses": 0,
    "sellingAndMarketingExpenses": 0,
    "sellingGeneralAndAdministrativeExpenses": 320000000,
    "otherExpenses": 78000000,
    "operatingExpenses": 398000000,
    "costAndExpenses": 1490000000,
    "interestIncome": 0,
    "interestExpense": 0,
    "depreciationAndAmortization": 127000000,
    "ebitda": 262000000,
    "ebitdaratio": 0.1565113501,
    "operatingIncome": 152000000,
    "operatingIncomeRatio": 0.0908004779,
    "totalOtherIncomeExpensesNet": 39000000,
    "incomeBeforeTax": 163000000,
    "incomeBeforeTaxRatio": 0.0973715651,
    "incomeTaxExpense": 54000000,
    "netIncome": 109000000,
    "netIncomeRatio": 0.0651135006,
    "eps": 0.54,
    "epsdiluted": 0.54,
    "weightedAverageShsOut": 201851852,
    "weightedAverageShsOutDil": 201851852,
    "link": "https://www.sec.gov/Archives/edgar/data/1024478/000102447898000009/0001024478-98-000009-index.html",
    "finalLink": "https://www.sec.gov/Archives/edgar/data/1024478/"
  },
  {
    "date": "1997-12-31",
    "symbol": "ROK",
    "reportedCurrency": "USD",
    "cik": "0001024478",
    "fillingDate": "1998-02-12",
    "acceptedDate": "1998-02-12 00:00:00",
    "calendarYear": "1998",
    "period": "Q1",
    "revenue": 1602000000,
    "costOfRevenue": 1041000000,
    "grossProfit": 561000000,
    "grossProfitRatio": 0.3501872659,
    "researchAndDevelopmentExpenses": 103000000,
    "generalAndAdministrativeExpenses": 0,
    "sellingAndMarketingExpenses": 0,
    "sellingGeneralAndAdministrativeExpenses": 302000000,
    "otherExpenses": 75000000,
    "operatingExpenses": 480000000,
    "costAndExpenses": 1521000000,
    "interestIncome": 0,
    "interestExpense": 0,
    "depreciationAndAmortization": 118000000,
    "ebitda": 156000000,
    "ebitdaratio": 0.0973782772,
    "operatingIncome": 118000000,
    "operatingIncomeRatio": 0.0736579276,
    "totalOtherIncomeExpensesNet": -21000000,
    "incomeBeforeTax": 139000000,
    "incomeBeforeTaxRatio": 0.0867665418,
    "incomeTaxExpense": 50000000,
    "netIncome": 89000000,
    "netIncomeRatio": 0.0555555556,
    "eps": 0.35,
    "epsdiluted": 0.35,
    "weightedAverageShsOut": 205714286,
    "weightedAverageShsOutDil": 205714286,
    "link": "https://www.sec.gov/Archives/edgar/data/1024478/000102447898000004/0001024478-98-000004-index.html",
    "finalLink": "https://www.sec.gov/Archives/edgar/data/1024478/"
  },
  {
    "date": "1997-09-30",
    "symbol": "ROK",
    "reportedCurrency": "USD",
    "cik": "0001024478",
    "fillingDate": "1997-12-05",
    "acceptedDate": "1997-12-05 00:00:00",
    "calendarYear": "1997",
    "period": "Q4",
    "revenue": 2081000000,
    "costOfRevenue": 1349000000,
    "grossProfit": 732000000,
    "grossProfitRatio": 0.3517539644,
    "researchAndDevelopmentExpenses": 23000000,
    "generalAndAdministrativeExpenses": 0,
    "sellingAndMarketingExpenses": 0,
    "sellingGeneralAndAdministrativeExpenses": 384000000,
    "otherExpenses": 142000000,
    "operatingExpenses": 549000000,
    "costAndExpenses": 1898000000,
    "interestIncome": 0,
    "interestExpense": 0,
    "depreciationAndAmortization": 142000000,
    "ebitda": 325000000,
    "ebitdaratio": 0.1561749159,
    "operatingIncome": 183000000,
    "operatingIncomeRatio": 0.0879384911,
    "totalOtherIncomeExpensesNet": 34000000,
    "incomeBeforeTax": 217000000,
    "incomeBeforeTaxRatio": 0.10427679,
    "incomeTaxExpense": 71000000,
    "netIncome": 109000000,
    "netIncomeRatio": 0.0523786641,
    "eps": 0.53,
    "epsdiluted": 0.53,
    "weightedAverageShsOut": 206976744,
    "weightedAverageShsOutDil": 206976744,
    "link": "https://www.sec.gov/Archives/edgar/data/1024478/000095012897001084/0000950128-97-001084-index.html",
    "finalLink": "https://www.sec.gov/Archives/edgar/data/1024478/"
  },
  {
    "date": "1997-06-30",
    "symbol": "ROK",
    "reportedCurrency": "USD",
    "cik": "0001024478",
    "fillingDate": "1997-06-30",
    "acceptedDate": "1997-06-29 20:00:00",
    "calendarYear": "1997",
    "period": "Q3",
    "revenue": 1613000000,
    "costOfRevenue": 1005000000,
    "grossProfit": 608000000,
    "grossProfitRatio": 0.3769373838,
    "researchAndDevelopmentExpenses": 30000000,
    "generalAndAdministrativeExpenses": 0,
    "sellingAndMarketingExpenses": 0,
    "sellingGeneralAndAdministrativeExpenses": 313000000,
    "otherExpenses": 89000000,
    "operatingExpenses": 432000000,
    "costAndExpenses": 1437000000,
    "interestIncome": 0,
    "interestExpense": 0,
    "depreciationAndAmortization": 119000000,
    "ebitda": 295000000,
    "ebitdaratio": 0.1828890267,
    "operatingIncome": 180000000,
    "operatingIncomeRatio": 0.1115933044,
    "totalOtherIncomeExpensesNet": 26000000,
    "incomeBeforeTax": 211000000,
    "incomeBeforeTaxRatio": 0.1308121513,
    "incomeTaxExpense": 80000000,
    "netIncome": 167000000,
    "netIncomeRatio": 0.103533788,
    "eps": 0.79,
    "epsdiluted": 0.78,
    "weightedAverageShsOut": 211392405,
    "weightedAverageShsOutDil": 214102564,
    "link": "",
    "finalLink": ""
  },
  {
    "date": "1997-03-31",
    "symbol": "ROK",
    "reportedCurrency": "USD",
    "cik": "0001024478",
    "fillingDate": "1997-05-15",
    "acceptedDate": "1997-05-15 00:00:00",
    "calendarYear": "1997",
    "period": "Q2",
    "revenue": 1899000000,
    "costOfRevenue": 1244000000,
    "grossProfit": 655000000,
    "grossProfitRatio": 0.3449183781,
    "researchAndDevelopmentExpenses": 0,
    "generalAndAdministrativeExpenses": 0,
    "sellingAndMarketingExpenses": 0,
    "sellingGeneralAndAdministrativeExpenses": 339000000,
    "otherExpenses": 81000000,
    "operatingExpenses": 420000000,
    "costAndExpenses": 1664000000,
    "interestIncome": 0,
    "interestExpense": 0,
    "depreciationAndAmortization": 81000000,
    "ebitda": 316000000,
    "ebitdaratio": 0.1664033702,
    "operatingIncome": 235000000,
    "operatingIncomeRatio": 0.1237493418,
    "totalOtherIncomeExpensesNet": 14000000,
    "incomeBeforeTax": 249000000,
    "incomeBeforeTaxRatio": 0.131121643,
    "incomeTaxExpense": 94000000,
    "netIncome": 189000000,
    "netIncomeRatio": 0.0995260664,
    "eps": 0.87,
    "epsdiluted": 0.87,
    "weightedAverageShsOut": 217241379,
    "weightedAverageShsOutDil": 217241379,
    "link": "https://www.sec.gov/Archives/edgar/data/1024478/000102447897000006/0001024478-97-000006-index.html",
    "finalLink": "https://www.sec.gov/Archives/edgar/data/1024478/"
  },
  {
    "date": "1996-12-31",
    "symbol": "ROK",
    "reportedCurrency": "USD",
    "cik": "0001024478",
    "fillingDate": "1997-02-12",
    "acceptedDate": "1997-02-12 00:00:00",
    "calendarYear": "1997",
    "period": "Q1",
    "revenue": 2608000000,
    "costOfRevenue": 1801000000,
    "grossProfit": 807000000,
    "grossProfitRatio": 0.3094325153,
    "researchAndDevelopmentExpenses": 0,
    "generalAndAdministrativeExpenses": 0,
    "sellingAndMarketingExpenses": 0,
    "sellingGeneralAndAdministrativeExpenses": 390000000,
    "otherExpenses": 142000000,
    "operatingExpenses": 532000000,
    "costAndExpenses": 2333000000,
    "interestIncome": 0,
    "interestExpense": 0,
    "depreciationAndAmortization": 142000000,
    "ebitda": 417000000,
    "ebitdaratio": 0.159892638,
    "operatingIncome": 275000000,
    "operatingIncomeRatio": 0.1054447853,
    "totalOtherIncomeExpensesNet": 15000000,
    "incomeBeforeTax": 290000000,
    "incomeBeforeTaxRatio": 0.111196319,
    "incomeTaxExpense": 111000000,
    "netIncome": 179000000,
    "netIncomeRatio": 0.0686349693,
    "eps": 0.82,
    "epsdiluted": 0.82,
    "weightedAverageShsOut": 218292683,
    "weightedAverageShsOutDil": 218292683,
    "link": "https://www.sec.gov/Archives/edgar/data/1024478/000095012897000525/0000950128-97-000525-index.html",
    "finalLink": "https://www.sec.gov/Archives/edgar/data/1024478/"
  },
  {
    "date": "1996-09-30",
    "symbol": "ROK",
    "reportedCurrency": "USD",
    "cik": "0001024478",
    "fillingDate": "1996-12-19",
    "acceptedDate": "1996-12-19 00:00:00",
    "calendarYear": "1996",
    "period": "Q4",
    "revenue": 400000000,
    "costOfRevenue": 261000000,
    "grossProfit": 139000000,
    "grossProfitRatio": 0.3475,
    "researchAndDevelopmentExpenses": 0,
    "generalAndAdministrativeExpenses": 0,
    "sellingAndMarketingExpenses": 0,
    "sellingGeneralAndAdministrativeExpenses": 267000000,
    "otherExpenses": 76000000,
    "operatingExpenses": 343000000,
    "costAndExpenses": 604000000,
    "interestIncome": 0,
    "interestExpense": 0,
    "depreciationAndAmortization": 76000000,
    "ebitda": -128000000,
    "ebitdaratio": -0.32,
    "operatingIncome": -204000000,
    "operatingIncomeRatio": -0.51,
    "totalOtherIncomeExpensesNet": 58000000,
    "incomeBeforeTax": -146000000,
    "incomeBeforeTaxRatio": -0.365,
    "incomeTaxExpense": -67000000,
    "netIncome": 97000000,
    "netIncomeRatio": 0.2425,
    "eps": 0.44,
    "epsdiluted": 0.44,
    "weightedAverageShsOut": 216519901,
    "weightedAverageShsOutDil": 218627451,
    "link": "https://www.sec.gov/Archives/edgar/data/1024478/000095012896000664/0000950128-96-000664-index.html",
    "finalLink": "https://www.sec.gov/Archives/edgar/data/1024478/"
  },
  {
    "date": "1996-06-30",
    "symbol": "ROK",
    "reportedCurrency": "USD",
    "cik": "0001024478",
    "fillingDate": "1996-06-30",
    "acceptedDate": "1996-06-30 00:00:00",
    "calendarYear": "1996",
    "period": "Q3",
    "revenue": 1891000000,
    "costOfRevenue": 1220000000,
    "grossProfit": 671000000,
    "grossProfitRatio": 0.3548387097,
    "researchAndDevelopmentExpenses": 0,
    "generalAndAdministrativeExpenses": 0,
    "sellingAndMarketingExpenses": 0,
    "sellingGeneralAndAdministrativeExpenses": 324000000,
    "otherExpenses": 115000000,
    "operatingExpenses": 439000000,
    "costAndExpenses": 1659000000,
    "interestIncome": 0,
    "interestExpense": 0,
    "depreciationAndAmortization": 174000000,
    "ebitda": 347000000,
    "ebitdaratio": 0.1835007932,
    "operatingIncome": 396000000,
    "operatingIncomeRatio": 0.209413009,
    "totalOtherIncomeExpensesNet": 8000000,
    "incomeBeforeTax": 376000000,
    "incomeBeforeTaxRatio": 0.1988365944,
    "incomeTaxExpense": 147000000,
    "netIncome": 223000000,
    "netIncomeRatio": 0.1179270227,
    "eps": 1.02,
    "epsdiluted": 1.02,
    "weightedAverageShsOut": 218627451,
    "weightedAverageShsOutDil": 218627451,
    "link": null,
    "finalLink": null
  },
  {
    "date": "1996-03-31",
    "symbol": "ROK",
    "reportedCurrency": "USD",
    "cik": "0001024478",
    "fillingDate": "1996-03-31",
    "acceptedDate": "1996-03-31 00:00:00",
    "calendarYear": "1996",
    "period": "Q2",
    "revenue": 3464000000,
    "costOfRevenue": 2444000000,
    "grossProfit": 1020000000,
    "grossProfitRatio": 0.2944572748,
    "researchAndDevelopmentExpenses": 0,
    "generalAndAdministrativeExpenses": 0,
    "sellingAndMarketingExpenses": 0,
    "sellingGeneralAndAdministrativeExpenses": 473000000,
    "otherExpenses": 147000000,
    "operatingExpenses": 620000000,
    "costAndExpenses": 3064000000,
    "interestIncome": 0,
    "interestExpense": 0,
    "depreciationAndAmortization": 147000000,
    "ebitda": 547000000,
    "ebitdaratio": 0.1579099307,
    "operatingIncome": 400000000,
    "operatingIncomeRatio": 0.1154734411,
    "totalOtherIncomeExpensesNet": -50000000,
    "incomeBeforeTax": 350000000,
    "incomeBeforeTaxRatio": 0.101039261,
    "incomeTaxExpense": 138000000,
    "netIncome": 214000000,
    "netIncomeRatio": 0.061778291,
    "eps": 0.98,
    "epsdiluted": 0.97,
    "weightedAverageShsOut": 218367347,
    "weightedAverageShsOutDil": 220618557,
    "link": null,
    "finalLink": null
  },
  {
    "date": "1995-12-31",
    "symbol": "ROK",
    "reportedCurrency": "USD",
    "cik": "0001024478",
    "fillingDate": "1995-12-31",
    "acceptedDate": "1995-12-31 00:00:00",
    "calendarYear": "1996",
    "period": "Q1",
    "revenue": 3094000000,
    "costOfRevenue": 2175000000,
    "grossProfit": 919000000,
    "grossProfitRatio": 0.2970265029,
    "researchAndDevelopmentExpenses": 0,
    "generalAndAdministrativeExpenses": 0,
    "sellingAndMarketingExpenses": 0,
    "sellingGeneralAndAdministrativeExpenses": 411000000,
    "otherExpenses": 145000000,
    "operatingExpenses": 556000000,
    "costAndExpenses": 2731000000,
    "interestIncome": 0,
    "interestExpense": 0,
    "depreciationAndAmortization": 145000000,
    "ebitda": 508000000,
    "ebitdaratio": 0.1641887524,
    "operatingIncome": 363000000,
    "operatingIncomeRatio": 0.1173238526,
    "totalOtherIncomeExpensesNet": -47000000,
    "incomeBeforeTax": 316000000,
    "incomeBeforeTaxRatio": 0.102133161,
    "incomeTaxExpense": 123000000,
    "netIncome": 192000000,
    "netIncomeRatio": 0.0620555915,
    "eps": 0.89,
    "epsdiluted": 0.87,
    "weightedAverageShsOut": 215730337,
    "weightedAverageShsOutDil": 220689655,
    "link": null,
    "finalLink": null
  },
  {
    "date": "1995-09-30",
    "symbol": "ROK",
    "reportedCurrency": "USD",
    "cik": "0001024478",
    "fillingDate": "1995-09-30",
    "acceptedDate": "1995-09-30 00:00:00",
    "calendarYear": "1995",
    "period": "Q4",
    "revenue": 3662700000,
    "costOfRevenue": 2569100000,
    "grossProfit": 1093600000,
    "grossProfitRatio": 0.2985775521,
    "researchAndDevelopmentExpenses": 0,
    "generalAndAdministrativeExpenses": 0,
    "sellingAndMarketingExpenses": 0,
    "sellingGeneralAndAdministrativeExpenses": 496400000,
    "otherExpenses": 164500000,
    "operatingExpenses": 660900000,
    "costAndExpenses": 3230000000,
    "interestIncome": 0,
    "interestExpense": 0,
    "depreciationAndAmortization": 164500000,
    "ebitda": 597200000,
    "ebitdaratio": 0.1630491168,
    "operatingIncome": 432700000,
    "operatingIncomeRatio": 0.1181368935,
    "totalOtherIncomeExpensesNet": -123200000,
    "incomeBeforeTax": 309500000,
    "incomeBeforeTaxRatio": 0.0845005051,
    "incomeTaxExpense": 120600000,
    "netIncome": 188900000,
    "netIncomeRatio": 0.0515739755,
    "eps": 0.86,
    "epsdiluted": 0.86,
    "weightedAverageShsOut": 214804761,
    "weightedAverageShsOutDil": 218777778,
    "link": null,
    "finalLink": null
  }
]