[
  {
    "date": "2024-09-30",
    "symbol": "ROK",
    "reportedCurrency": "USD",
    "cik": "0001024478",
    "fillingDate": "2024-11-12",
    "acceptedDate": "2024-11-12 15:34:04",
    "calendarYear": "2024",
    "period": "FY",
    "revenue": 8262100000,
    "costOfRevenue": 4583600000,
    "grossProfit": 3678500000,
    "grossProfitRatio": 0.4452257901,
    "researchAndDevelopmentExpenses": 477300000,
    "generalAndAdministrativeExpenses": 0,
    "sellingAndMarketingExpenses": 0,
    "sellingGeneralAndAdministrativeExpenses": 1936800000,
    "otherExpenses": 0,
    "operatingExpenses": 2414100000,
    "costAndExpenses": 6997700000,
    "interestIncome": 15600000,
    "interestExpense": 151000000,
    "depreciationAndAmortization": 317400000,
    "ebitda": 1567500000,
    "ebitdaratio": 0.1897217414,
    "operatingIncome": 1264400000,
    "operatingIncomeRatio": 0.153036153,
    "totalOtherIncomeExpensesNet": -165300000,
    "incomeBeforeTax": 1099100000,
    "incomeBeforeTaxRatio": 0.133029133,
    "incomeTaxExpense": 151800000,
    "netIncome": 952500000,
    "netIncomeRatio": 0.1152854601,
    "eps": 8.32,
    "epsdiluted": 8.28,
    "weightedAverageShsOut": 114000000,
    "weightedAverageShsOutDil": 114500000,
    "link": "https://www.sec.gov/Archives/edgar/data/1024478/000102447824000107/0001024478-24-000107-index.htm",
    "finalLink": "https://www.sec.gov/Archives/edgar/data/1024478/000102447824000107/rok-20240930.htm"
  },
  {
    "date": "2023-09-30",
    "symbol": "ROK",
    "reportedCurrency": "USD",
    "cik": "0001024478",
    "fillingDate": "2023-11-08",
    "acceptedDate": "2023-11-08 08:56:55",
    "calendarYear": "2023",
    "period": "FY",
    "revenue": 9052000000,
    "costOfRevenue": 4846500000,
    "grossProfit": 4205500000,
    "grossProfitRatio": 0.46459346,
    "researchAndDevelopmentExpenses": 529500000,
    "generalAndAdministrativeExpenses": 0,
    "sellingAndMarketingExpenses": 0,
    "sellingGeneralAndAdministrativeExpenses": 2026800000,
    "otherExpenses": 3100000,
    "operatingExpenses": 2553200000,
    "costAndExpenses": 7399700000,
    "interestIncome": 9700000,
    "interestExpense": 131800000,
    "depreciationAndAmortization": 250400000,
    "ebitda": 1990700000,
    "ebitdaratio": 0.2199182501,
    "operatingIncome": 1652300000,
    "operatingIncomeRatio": 0.1825342466,
    "totalOtherIncomeExpensesNet": -43800000,
    "incomeBeforeTax": 1608500000,
    "incomeBeforeTaxRatio": 0.1776955369,
    "incomeTaxExpense": 330500000,
    "netIncome": 1381500000,
    "netIncomeRatio": 0.1526182059,
    "eps": 12.034,
    "epsdiluted": 11.9507,
    "weightedAverageShsOut": 114800000,
    "weightedAverageShsOutDil": 115600000,
    "link": "https://www.sec.gov/Archives/edgar/data/1024478/000102447823000126/0001024478-23-000126-index.htm",
    "finalLink": "https://www.sec.gov/Archives/edgar/data/1024478/000102447823000126/rok-20230930.htm"
  },
  {
    "date": "2022-09-30",
    "symbol": "ROK",
    "reportedCurrency": "USD",
    "cik": "0001024478",
    "fillingDate": "2022-11-08",
    "acceptedDate": "2022-11-08 14:05:57",
    "calendarYear": "2022",
    "period": "FY",
    "revenue": 7759700000,
    "costOfRevenue": 4239800000,
    "grossProfit": 3519900000,
    "grossProfitRatio": 0.4536128974,
    "researchAndDevelopmentExpenses": 440900000,
    "generalAndAdministrativeExpenses": 0,
    "sellingAndMarketingExpenses": 0,
    "sellingGeneralAndAdministrativeExpenses": 1768900000,
    "otherExpenses": 3100000,
    "operatingExpenses": 2206700000,
    "costAndExpenses": 6446500000,
    "interestIncome": 4400000,
    "interestExpense": 119600000,
    "depreciationAndAmortization": 238900000,
    "ebitda": 1432100000,
    "ebitdaratio": 0.184556104,
    "operatingIncome": 1313200000,
    "operatingIncomeRatio": 0.1692333466,
    "totalOtherIncomeExpensesNet": -239600000,
    "incomeBeforeTax": 1073600000,
    "incomeBeforeTaxRatio": 0.1383558643,
    "incomeTaxExpense": 154500000,
    "netIncome": 919100000,
    "netIncomeRatio": 0.1184453007,
    "eps": 8.02,
    "epsdiluted": 7.96,
    "weightedAverageShsOut": 115900000,
    "weightedAverageShsOutDil": 116700000,
    "link": "https://www.sec.gov/Archives/edgar/data/1024478/000102447822000093/0001024478-22-000093-index.htm",
    "finalLink": "https://www.sec.gov/Archives/edgar/data/1024478/000102447822000093/rok-20220930.htm"
  },
  {
    "date": "2021-09-30",
    "symbol": "ROK",
    "reportedCurrency": "USD",
    "cik": "0001024478",
    "fillingDate": "2021-11-09",
    "acceptedDate": "2021-11-09 13:46:19",
    "calendarYear": "2021",
    "period": "FY",
    "revenue": 6995500000,
    "costOfRevenue": 3651600000,
    "grossProfit": 3343900000,
    "grossProfitRatio": 0.4780072904,
    "researchAndDevelopmentExpenses": 422500000,
    "generalAndAdministrativeExpenses": 0,
    "sellingAndMarketingExpenses": 0,
    "sellingGeneralAndAdministrativeExpenses": 1688500000,
    "otherExpenses": 0,
    "operatingExpenses": 2104000000,
    "costAndExpenses": 5755600000,
    "interestIncome": 1600000,
    "interestExpense": 92300000,
    "depreciationAndAmortization": 189800000,
    "ebitda": 1808300000,
    "ebitdaratio": 0.2584947466,
    "operatingIncome": 1239900000,
    "operatingIncomeRatio": 0.177242513,
    "totalOtherIncomeExpensesNet": 286300000,
    "incomeBeforeTax": 1526200000,
    "incomeBeforeTaxRatio": 0.2181688228,
    "incomeTaxExpense": 181900000,
    "netIncome": 1344300000,
    "netIncomeRatio": 0.1921663927,
    "eps": 11.69,
    "epsdiluted": 11.58,
    "weightedAverageShsOut": 116000000,
    "weightedAverageShsOutDil": 117100000,
    "link": "https://www.sec.gov/Archives/edgar/data/1024478/000102447821000083/0001024478-21-000083-index.htm",
    "finalLink": "https://www.sec.gov/Archives/edgar/data/1024478/000102447821000083/rok-20210930.htm"
  },
  {
    "date": "2020-09-30",
    "symbol": "ROK",
    "reportedCurrency": "USD",
    "cik": "0001024478",
    "fillingDate": "2020-11-10",
    "acceptedDate": "2020-11-10 13:49:48",
    "calendarYear": "2020",
    "period": "FY",
    "revenue": 6330500000,
    "costOfRevenue": 3388800000,
    "grossProfit": 2941700000,
    "grossProfitRatio": 0.4646868336,
    "researchAndDevelopmentExpenses": 371500000,
    "generalAndAdministrativeExpenses": 0,
    "sellingAndMarketingExpenses": 0,
    "sellingGeneralAndAdministrativeExpenses": 1478400000,
    "otherExpenses": 0,
    "operatingExpenses": 1849900000,
    "costAndExpenses": 5238700000,
    "interestIncome": 5500000,
    "interestExpense": 101400000,
    "depreciationAndAmortization": 172700000,
    "ebitda": 1410200000,
    "ebitdaratio": 0.2227628149,
    "operatingIncome": 1091800000,
    "operatingIncomeRatio": 0.1724666298,
    "totalOtherIncomeExpensesNet": 44300000,
    "incomeBeforeTax": 1136100000,
    "incomeBeforeTaxRatio": 0.1794644973,
    "incomeTaxExpense": 112900000,
    "netIncome": 1023400000,
    "netIncomeRatio": 0.1616617961,
    "eps": 8.83,
    "epsdiluted": 8.77,
    "weightedAverageShsOut": 115800000,
    "weightedAverageShsOutDil": 116600000,
    "link": "https://www.sec.gov/Archives/edgar/data/1024478/000102447820000038/0001024478-20-000038-index.htm",
    "finalLink": "https://www.sec.gov/Archives/edgar/data/1024478/000102447820000038/fy2020form10k.htm"
  },
  {
    "date": "2019-09-30",
    "symbol": "ROK",
    "reportedCurrency": "USD",
    "cik": "0001024478",
    "fillingDate": "2019-11-12",
    "acceptedDate": "2019-11-12 10:58:12",
    "calendarYear": "2019",
    "period": "FY",
    "revenue": 6693800000,
    "costOfRevenue": 3433600000,
    "grossProfit": 3260200000,
    "grossProfitRatio": 0.4870477158,
    "researchAndDevelopmentExpenses": 378900000,
    "generalAndAdministrativeExpenses": 0,
    "sellingAndMarketingExpenses": 0,
    "sellingGeneralAndAdministrativeExpenses": 1537200000,
    "otherExpenses": 0,
    "operatingExpenses": 1916100000,
    "costAndExpenses": 5349700000,
    "interestIncome": 11100000,
    "interestExpense": 97000000,
    "depreciationAndAmortization": 152200000,
    "ebitda": 1150200000,
    "ebitdaratio": 0.1718306493,
    "operatingIncome": 1344100000,
    "operatingIncomeRatio": 0.2007977531,
    "totalOtherIncomeExpensesNet": -443100000,
    "incomeBeforeTax": 901000000,
    "incomeBeforeTaxRatio": 0.1346021692,
    "incomeTaxExpense": 205200000,
    "netIncome": 695800000,
    "netIncomeRatio": 0.103946936,
    "eps": 5.88,
    "epsdiluted": 5.83,
    "weightedAverageShsOut": 118300000,
    "weightedAverageShsOutDil": 119300000,
    "link": "https://www.sec.gov/Archives/edgar/data/1024478/000102447819000044/0001024478-19-000044-index.htm",
    "finalLink": "https://www.sec.gov/Archives/edgar/data/1024478/000102447819000044/fy2019form10k.htm"
  },
  {
    "date": "2018-09-30",
    "symbol": "ROK",
    "reportedCurrency": "USD",
    "cik": "0001024478",
    "fillingDate": "2018-11-09",
    "acceptedDate": "2018-11-09 12:00:41",
    "calendarYear": "2018",
    "period": "FY",
    "revenue": 6663600000,
    "costOfRevenue": 3393100000,
    "grossProfit": 3270500000,
    "grossProfitRatio": 0.4908007684,
    "researchAndDevelopmentExpenses": 371800000,
    "generalAndAdministrativeExpenses": 0,
    "sellingAndMarketingExpenses": 0,
    "sellingGeneralAndAdministrativeExpenses": 1589100000,
    "otherExpenses": 0,
    "operatingExpenses": 1960900000,
    "costAndExpenses": 5354000000,
    "interestIncome": 24400000,
    "interestExpense": 73000000,
    "depreciationAndAmortization": 164600000,
    "ebitda": 1568400000,
    "ebitdaratio": 0.2353682694,
    "operatingIncome": 1309600000,
    "operatingIncomeRatio": 0.196530404,
    "totalOtherIncomeExpensesNet": 21200000,
    "incomeBeforeTax": 1330800000,
    "incomeBeforeTaxRatio": 0.1997118675,
    "incomeTaxExpense": 795300000,
    "netIncome": 535500000,
    "netIncomeRatio": 0.0803619665,
    "eps": 4.42,
    "epsdiluted": 4.22,
    "weightedAverageShsOut": 121100000,
    "weightedAverageShsOutDil": 126900000,
    "link": "https://www.sec.gov/Archives/edgar/data/1024478/000102447818000032/0001024478-18-000032-index.htm",
    "finalLink": "https://www.sec.gov/Archives/edgar/data/1024478/000102447818000032/fy2018form10k.htm"
  },
  {
    "date": "2017-09-30",
    "symbol": "ROK",
    "reportedCurrency": "USD",
    "cik": "0001024478",
    "fillingDate": "2017-11-15",
    "acceptedDate": "2017-11-15 11:51:58",
    "calendarYear": "2017",
    "period": "FY",
    "revenue": 6311000000,
    "costOfRevenue": 3334300000,
    "grossProfit": 2976700000,
    "grossProfitRatio": 0.4716685153,
    "researchAndDevelopmentExpenses": 348200000,
    "generalAndAdministrativeExpenses": 0,
    "sellingAndMarketingExpenses": 0,
    "sellingGeneralAndAdministrativeExpenses": 1591000000,
    "otherExpenses": 0,
    "operatingExpenses": 1939200000,
    "costAndExpenses": 5273500000,
    "interestIncome": 19600000,
    "interestExpense": 52100000,
    "depreciationAndAmortization": 168900000,
    "ebitda": 1258400000,
    "ebitdaratio": 0.1993978767,
    "operatingIncome": 1037500000,
    "operatingIncomeRatio": 0.1643954999,
    "totalOtherIncomeExpensesNet": -99999,
    "incomeBeforeTax": 1037400000,
    "incomeBeforeTaxRatio": 0.1643796546,
    "incomeTaxExpense": 211700000,
    "netIncome": 825700000,
    "netIncomeRatio": 0.1308350499,
    "eps": 6.43,
    "epsdiluted": 6.35,
    "weightedAverageShsOut": 128400000,
    "weightedAverageShsOutDil": 129900000,
    "link": "https://www.sec.gov/Archives/edgar/data/1024478/000102447817000034/0001024478-17-000034-index.htm",
    "finalLink": "https://www.sec.gov/Archives/edgar/data/1024478/000102447817000034/fy2017form10k.htm"
  },
  {
    "date": "2016-09-30",
    "symbol": "ROK",
    "reportedCurrency": "USD",
    "cik": "0001024478",
    "fillingDate": "2016-11-15",
    "acceptedDate": "2016-11-15 13:03:41",
    "calendarYear": "2016",
    "period": "FY",
    "revenue": 5885000000,
    "costOfRevenue": 3111100000,
    "grossProfit": 2773900000,
    "grossProfitRatio": 0.4713508921,
    "researchAndDevelopmentExpenses": 319300000,
    "generalAndAdministrativeExpenses": 0,
    "sellingAndMarketingExpenses": 0,
    "sellingGeneralAndAdministrativeExpenses": 1466500000,
    "otherExpenses": 0,
    "operatingExpenses": 1785800000,
    "costAndExpenses": 4896900000,
    "interestIncome": 12700000,
    "interestExpense": 85400000,
    "depreciationAndAmortization": 172200000,
    "ebitda": 1200700000,
    "ebitdaratio": 0.2040271878,
    "operatingIncome": 988100000,
    "operatingIncomeRatio": 0.1679014444,
    "totalOtherIncomeExpensesNet": -45000000,
    "incomeBeforeTax": 943100000,
    "incomeBeforeTaxRatio": 0.1602548853,
    "incomeTaxExpense": 213400000,
    "netIncome": 729700000,
    "netIncomeRatio": 0.1239932031,
    "eps": 5.68,
    "epsdiluted": 5.56,
    "weightedAverageShsOut": 128500000,
    "weightedAverageShsOutDil": 131100000,
    "link": "https://www.sec.gov/Archives/edgar/data/1024478/000102447816000071/0001024478-16-000071-index.htm",
    "finalLink": "https://www.sec.gov/Archives/edgar/data/1024478/000102447816000071/fy2016form10k.htm"
  },
  {
    "date": "2015-09-30",
    "symbol": "ROK",
    "reportedCurrency": "USD",
    "cik": "0001024478",
    "fillingDate": "2015-11-17",
    "acceptedDate": "2015-11-17 12:43:45",
    "calendarYear": "2015",
    "period": "FY",
    "revenue": 6316300000,
    "costOfRevenue": 3342100000,
    "grossProfit": 2974200000,
    "grossProfitRatio": 0.4708769374,
    "researchAndDevelopmentExpenses": 307300000,
    "generalAndAdministrativeExpenses": 0,
    "sellingAndMarketingExpenses": 0,
    "sellingGeneralAndAdministrativeExpenses": 1506400000,
    "otherExpenses": 0,
    "operatingExpenses": 1813700000,
    "costAndExpenses": 5155800000,
    "interestIncome": 10700000,
    "interestExpense": 69100000,
    "depreciationAndAmortization": 162500000,
    "ebitda": 1359100000,
    "ebitdaratio": 0.2151734401,
    "operatingIncome": 1160500000,
    "operatingIncomeRatio": 0.1837309817,
    "totalOtherIncomeExpensesNet": -33000000,
    "incomeBeforeTax": 1127500000,
    "incomeBeforeTaxRatio": 0.1785064041,
    "incomeTaxExpense": 299900000,
    "netIncome": 827600000,
    "netIncomeRatio": 0.1310260754,
    "eps": 6.25,
    "epsdiluted": 6.09,
    "weightedAverageShsOut": 132400000,
    "weightedAverageShsOutDil": 135700000,
    "link": "https://www.sec.gov/Archives/edgar/data/1024478/000102447815000028/0001024478-15-000028-index.htm",
    "finalLink": "https://www.sec.gov/Archives/edgar/data/1024478/000102447815000028/fy2015form10k.htm"
  },
  {
    "date": "2014-09-30",
    "symbol": "ROK",
    "reportedCurrency": "USD",
    "cik": "0001024478",
    "fillingDate": "2014-11-18",
    "acceptedDate": "2014-11-18 15:33:33",
    "calendarYear": "2014",
    "period": "FY",
    "revenue": 6625800000,
    "costOfRevenue": 3580200000,
    "grossProfit": 3045600000,
    "grossProfitRatio": 0.4596577017,
    "researchAndDevelopmentExpenses": 290100000,
    "generalAndAdministrativeExpenses": 0,
    "sellingAndMarketingExpenses": 0,
    "sellingGeneralAndAdministrativeExpenses": 1570100000,
    "otherExpenses": 0,
    "operatingExpenses": 1860200000,
    "costAndExpenses": 5440400000,
    "interestIncome": 9500000,
    "interestExpense": 59300000,
    "depreciationAndAmortization": 152500000,
    "ebitda": 1346000000,
    "ebitdaratio": 0.2031452806,
    "operatingIncome": 1185400000,
    "operatingIncomeRatio": 0.1789066981,
    "totalOtherIncomeExpensesNet": -51200000,
    "incomeBeforeTax": 1134200000,
    "incomeBeforeTaxRatio": 0.1711793293,
    "incomeTaxExpense": 307400000,
    "netIncome": 826800000,
    "netIncomeRatio": 0.1247849316,
    "eps": 6.05,
    "epsdiluted": 5.91,
    "weightedAverageShsOut": 136700000,
    "weightedAverageShsOutDil": 139700000,
    "link": "https://www.sec.gov/Archives/edgar/data/1024478/000102447814000031/0001024478-14-000031-index.htm",
    "finalLink": "https://www.sec.gov/Archives/edgar/data/1024478/000102447814000031/fy2014form10k.htm"
  },
  {
    "date": "2013-09-30",
    "symbol": "ROK",
    "reportedCurrency": "USD",
    "cik": "0001024478",
    "fillingDate": "2013-11-18",
    "acceptedDate": "2013-11-18 16:27:01",
    "calendarYear": "2013",
    "period": "FY",
    "revenue": 6350300000,
    "costOfRevenue": 3522300000,
    "grossProfit": 2828000000,
    "grossProfitRatio": 0.4453332913,
    "researchAndDevelopmentExpenses": 260700000,
    "generalAndAdministrativeExpenses": 0,
    "sellingAndMarketingExpenses": 0,
    "sellingGeneralAndAdministrativeExpenses": 1537700000,
    "otherExpenses": 0,
    "operatingExpenses": 1798400000,
    "costAndExpenses": 5320700000,
    "interestIncome": 9800000,
    "interestExpense": 60900000,
    "depreciationAndAmortization": 145200000,
    "ebitda": 1187000000,
    "ebitdaratio": 0.186920303,
    "operatingIncome": 1029599999,
    "operatingIncomeRatio": 0.1621340722,
    "totalOtherIncomeExpensesNet": -48699999,
    "incomeBeforeTax": 980900000,
    "incomeBeforeTaxRatio": 0.1544651434,
    "incomeTaxExpense": 224600000,
    "netIncome": 756300000,
    "netIncomeRatio": 0.1190967356,
    "eps": 5.44,
    "epsdiluted": 5.36,
    "weightedAverageShsOut": 138900000,
    "weightedAverageShsOutDil": 140900000,
    "link": "https://www.sec.gov/Archives/edgar/data/1024478/000102447813000035/0001024478-13-000035-index.htm",
    "finalLink": "https://www.sec.gov/Archives/edgar/data/1024478/000102447813000035/fy2013form10k.htm"
  },
  {
    "date": "2012-09-30",
    "symbol": "ROK",
    "reportedCurrency": "USD",
    "cik": "0001024478",
    "fillingDate": "2012-11-19",
    "acceptedDate": "2012-11-19 16:14:47",
    "calendarYear": "2012",
    "period": "FY",
    "revenue": 6260500000,
    "costOfRevenue": 3485100000,
    "grossProfit": 2775400000,
    "grossProfitRatio": 0.4433192237,
    "researchAndDevelopmentExpenses": 259100000,
    "generalAndAdministrativeExpenses": 0,
    "sellingAndMarketingExpenses": 0,
    "sellingGeneralAndAdministrativeExpenses": 1491700000,
    "otherExpenses": 0,
    "operatingExpenses": 1750800000,
    "costAndExpenses": 5235900000,
    "interestIncome": 7800000,
    "interestExpense": 60100000,
    "depreciationAndAmortization": 138600000,
    "ebitda": 1164600000,
    "ebitdaratio": 0.1860234806,
    "operatingIncome": 1024599999,
    "operatingIncomeRatio": 0.1636610493,
    "totalOtherIncomeExpensesNet": -58699999,
    "incomeBeforeTax": 965900000,
    "incomeBeforeTaxRatio": 0.1542848015,
    "incomeTaxExpense": 228900000,
    "netIncome": 737000000,
    "netIncomeRatio": 0.1177222267,
    "eps": 5.27,
    "epsdiluted": 5.13,
    "weightedAverageShsOut": 139800000,
    "weightedAverageShsOutDil": 143400000,
    "link": "https://www.sec.gov/Archives/edgar/data/1024478/000102447812000024/0001024478-12-000024-index.htm",
    "finalLink": "https://www.sec.gov/Archives/edgar/data/1024478/000102447812000024/fy2012form10k.htm"
  },
  {
    "date": "2011-09-30",
    "symbol": "ROK",
    "reportedCurrency": "USD",
    "cik": "0001024478",
    "fillingDate": "2011-11-14",
    "acceptedDate": "2011-11-14 13:43:57",
    "calendarYear": "2011",
    "period": "FY",
    "revenue": 6000100000,
    "costOfRevenue": 3352500000,
    "grossProfit": 2647600000,
    "grossProfitRatio": 0.4412593123,
    "researchAndDevelopmentExpenses": 254400000,
    "generalAndAdministrativeExpenses": 0,
    "sellingAndMarketingExpenses": 0,
    "sellingGeneralAndAdministrativeExpenses": 1461200000,
    "otherExpenses": 0,
    "operatingExpenses": 1715600000,
    "costAndExpenses": 5068100000,
    "interestIncome": 6000000,
    "interestExpense": 59500000,
    "depreciationAndAmortization": 131300000,
    "ebitda": 1058400000,
    "ebitdaratio": 0.17639706,
    "operatingIncome": 932000000,
    "operatingIncomeRatio": 0.1553307445,
    "totalOtherIncomeExpensesNet": -64400000,
    "incomeBeforeTax": 867600000,
    "incomeBeforeTaxRatio": 0.14459759,
    "incomeTaxExpense": 170500000,
    "netIncome": 697800000,
    "netIncomeRatio": 0.1162980617,
    "eps": 4.92,
    "epsdiluted": 4.8,
    "weightedAverageShsOut": 141900000,
    "weightedAverageShsOutDil": 145200000,
    "link": "https://www.sec.gov/Archives/edgar/data/1024478/000095012311098301/0000950123-11-098301-index.htm",
    "finalLink": "https://www.sec.gov/Archives/edgar/data/1024478/000095012311098301/c21764e10vk.htm"
  },
  {
    "date": "2010-09-30",
    "symbol": "ROK",
    "reportedCurrency": "USD",
    "cik": "0001024478",
    "fillingDate": "2010-11-18",
    "acceptedDate": "2010-11-18 11:39:32",
    "calendarYear": "2010",
    "period": "FY",
    "revenue": 4859200000,
    "costOfRevenue": 2719100000,
    "grossProfit": 2140100000,
    "grossProfitRatio": 0.4404222917,
    "researchAndDevelopmentExpenses": 198900000,
    "generalAndAdministrativeExpenses": 0,
    "sellingAndMarketingExpenses": 0,
    "sellingGeneralAndAdministrativeExpenses": 1323300000,
    "otherExpenses": 0,
    "operatingExpenses": 1522200000,
    "costAndExpenses": 4241300000,
    "interestIncome": 5000000,
    "interestExpense": 60500000,
    "depreciationAndAmortization": 127300000,
    "ebitda": 732000000,
    "ebitdaratio": 0.150642081,
    "operatingIncome": 617900000,
    "operatingIncomeRatio": 0.1271608495,
    "totalOtherIncomeExpensesNet": -73700000,
    "incomeBeforeTax": 544200000,
    "incomeBeforeTaxRatio": 0.1119937438,
    "incomeTaxExpense": 103800000,
    "netIncome": 464300000,
    "netIncomeRatio": 0.0955507079,
    "eps": 3.27,
    "epsdiluted": 3.22,
    "weightedAverageShsOut": 141790182,
    "weightedAverageShsOutDil": 144000000,
    "link": "https://www.sec.gov/Archives/edgar/data/1024478/000095012310106922/0000950123-10-106922-index.htm",
    "finalLink": "https://www.sec.gov/Archives/edgar/data/1024478/000095012310106922/c07527e10vk.htm"
  },
  {
    "date": "2009-09-30",
    "symbol": "ROK",
    "reportedCurrency": "USD",
    "cik": "0001024478",
    "fillingDate": "2009-11-18",
    "acceptedDate": "2009-11-18 15:33:39",
    "calendarYear": "2009",
    "period": "FY",
    "revenue": 4325300000,
    "costOfRevenue": 2568800000,
    "grossProfit": 1756500000,
    "grossProfitRatio": 0.4060989989,
    "researchAndDevelopmentExpenses": 170000000,
    "generalAndAdministrativeExpenses": 0,
    "sellingAndMarketingExpenses": 0,
    "sellingGeneralAndAdministrativeExpenses": 1188600000,
    "otherExpenses": 0,
    "operatingExpenses": 1358600000,
    "costAndExpenses": 3927400000,
    "interestIncome": 0,
    "interestExpense": 60900000,
    "depreciationAndAmortization": 134100000,
    "ebitda": 468900000,
    "ebitdaratio": 0.1084086653,
    "operatingIncome": 397900000,
    "operatingIncomeRatio": 0.0919936189,
    "totalOtherIncomeExpensesNet": -124000000,
    "incomeBeforeTax": 273900000,
    "incomeBeforeTaxRatio": 0.0633250873,
    "incomeTaxExpense": 56000000,
    "netIncome": 220700000,
    "netIncomeRatio": 0.0510253624,
    "eps": 1.55,
    "epsdiluted": 1.55,
    "weightedAverageShsOut": 141600000,
    "weightedAverageShsOutDil": 142200000,
    "link": "https://www.sec.gov/Archives/edgar/data/1024478/000095012309063897/0000950123-09-063897-index.htm",
    "finalLink": "https://www.sec.gov/Archives/edgar/data/1024478/000095012309063897/c92248e10vk.htm"
  },
  {
    "date": "2008-09-30",
    "symbol": "ROK",
    "reportedCurrency": "USD",
    "cik": "0001024478",
    "fillingDate": "2008-11-21",
    "acceptedDate": "2008-11-21 14:20:28",
    "calendarYear": "2008",
    "period": "FY",
    "revenue": 5697800000,
    "costOfRevenue": 3160400000,
    "grossProfit": 2537400000,
    "grossProfitRatio": 0.4453297764,
    "researchAndDevelopmentExpenses": 191300000,
    "generalAndAdministrativeExpenses": 0,
    "sellingAndMarketingExpenses": 0,
    "sellingGeneralAndAdministrativeExpenses": 1435500000,
    "otherExpenses": 0,
    "operatingExpenses": 1626800000,
    "costAndExpenses": 4787200000,
    "interestIncome": 0,
    "interestExpense": 68200000,
    "depreciationAndAmortization": 136500000,
    "ebitda": 1013600000,
    "ebitdaratio": 0.1778932219,
    "operatingIncome": 910600000,
    "operatingIncomeRatio": 0.1598160694,
    "totalOtherIncomeExpensesNet": -101700000,
    "incomeBeforeTax": 808900000,
    "incomeBeforeTaxRatio": 0.141967075,
    "incomeTaxExpense": 231300000,
    "netIncome": 577600000,
    "netIncomeRatio": 0.1013724595,
    "eps": 3.94,
    "epsdiluted": 3.9,
    "weightedAverageShsOut": 146500000,
    "weightedAverageShsOutDil": 148200000,
    "link": "https://www.sec.gov/Archives/edgar/data/1024478/000119312508241034/0001193125-08-241034-index.htm",
    "finalLink": "https://www.sec.gov/Archives/edgar/data/1024478/000119312508241034/d10k.htm"
  },
  {
    "date": "2007-09-30",
    "symbol": "ROK",
    "reportedCurrency": "USD",
    "cik": "0001024478",
    "fillingDate": "2007-11-19",
    "acceptedDate": "2007-11-19 15:22:34",
    "calendarYear": "2007",
    "period": "FY",
    "revenue": 5003900000,
    "costOfRevenue": 2741700000,
    "grossProfit": 2262200000,
    "grossProfitRatio": 0.4520873718,
    "researchAndDevelopmentExpenses": 143100000,
    "generalAndAdministrativeExpenses": 0,
    "sellingAndMarketingExpenses": 0,
    "sellingGeneralAndAdministrativeExpenses": 1256900000,
    "otherExpenses": 0,
    "operatingExpenses": 1400000000,
    "costAndExpenses": 4141700000,
    "interestIncome": 0,
    "interestExpense": 63400000,
    "depreciationAndAmortization": 117900000,
    "ebitda": 969900000,
    "ebitdaratio": 0.1938288135,
    "operatingIncome": 862200000,
    "operatingIncomeRatio": 0.1723056016,
    "totalOtherIncomeExpensesNet": -73600000,
    "incomeBeforeTax": 788600000,
    "incomeBeforeTaxRatio": 0.1575970743,
    "incomeTaxExpense": 219300000,
    "netIncome": 1487800000,
    "netIncomeRatio": 0.2973280841,
    "eps": 9.37,
    "epsdiluted": 9.23,
    "weightedAverageShsOut": 158700000,
    "weightedAverageShsOutDil": 161200000,
    "link": "https://www.sec.gov/Archives/edgar/data/1024478/000119312507250273/0001193125-07-250273-index.htm",
    "finalLink": "https://www.sec.gov/Archives/edgar/data/1024478/000119312507250273/d10k.htm"
  },
  {
    "date": "2006-09-30",
    "symbol": "ROK",
    "reportedCurrency": "USD",
    "cik": "0001024478",
    "fillingDate": "2006-11-09",
    "acceptedDate": "2006-11-09 11:37:07",
    "calendarYear": "2006",
    "period": "FY",
    "revenue": 4556400000,
    "costOfRevenue": 2507900000,
    "grossProfit": 2048500000,
    "grossProfitRatio": 0.4495873936,
    "researchAndDevelopmentExpenses": 148500000,
    "generalAndAdministrativeExpenses": 0,
    "sellingAndMarketingExpenses": 0,
    "sellingGeneralAndAdministrativeExpenses": 1141000000,
    "otherExpenses": 0,
    "operatingExpenses": 1289500000,
    "costAndExpenses": 3797400000,
    "interestIncome": 0,
    "interestExpense": 56600000,
    "depreciationAndAmortization": 117400000,
    "ebitda": 909800000,
    "ebitdaratio": 0.1996751822,
    "operatingIncome": 759000000,
    "operatingIncomeRatio": 0.1665788781,
    "totalOtherIncomeExpensesNet": -23200000,
    "incomeBeforeTax": 891400000,
    "incomeBeforeTaxRatio": 0.1956369063,
    "incomeTaxExpense": 263300000,
    "netIncome": 607000000,
    "netIncomeRatio": 0.1332192081,
    "eps": 3.44,
    "epsdiluted": 3.37,
    "weightedAverageShsOut": 176600000,
    "weightedAverageShsOutDil": 179900000,
    "link": "https://www.sec.gov/Archives/edgar/data/1024478/000095012306013812/0000950123-06-013812-index.htm",
    "finalLink": "https://www.sec.gov/Archives/edgar/data/1024478/000095012306013812/y26663e10vk.htm"
  },
  {
    "date": "2005-09-30",
    "symbol": "ROK",
    "reportedCurrency": "USD",
    "cik": "0001024478",
    "fillingDate": "2005-11-10",
    "acceptedDate": "2005-11-10 16:39:36",
    "calendarYear": "2005",
    "period": "FY",
    "revenue": 5003200000,
    "costOfRevenue": 2970500000,
    "grossProfit": 2032700000,
    "grossProfitRatio": 0.4062799808,
    "researchAndDevelopmentExpenses": 138600000,
    "generalAndAdministrativeExpenses": 0,
    "sellingAndMarketingExpenses": 0,
    "sellingGeneralAndAdministrativeExpenses": 1120800000,
    "otherExpenses": 0,
    "operatingExpenses": 1259400000,
    "costAndExpenses": 4229899999,
    "interestIncome": 0,
    "interestExpense": 45800000,
    "depreciationAndAmortization": 171200000,
    "ebitda": 954000000,
    "ebitdaratio": 0.1906779661,
    "operatingIncome": 773300000,
    "operatingIncomeRatio": 0.1545610809,
    "totalOtherIncomeExpensesNet": -36300000,
    "incomeBeforeTax": 737000000,
    "incomeBeforeTaxRatio": 0.1473057243,
    "incomeTaxExpense": 218600000,
    "netIncome": 540000000,
    "netIncomeRatio": 0.1079309242,
    "eps": 2.45,
    "epsdiluted": 2.39,
    "weightedAverageShsOut": 220408163,
    "weightedAverageShsOutDil": 225941423,
    "link": "https://www.sec.gov/Archives/edgar/data/1024478/000095012305013478/0000950123-05-013478-index.htm",
    "finalLink": "https://www.sec.gov/Archives/edgar/data/1024478/000095012305013478/e14450e10vk.htm"
  },
  {
    "date": "2004-09-30",
    "symbol": "ROK",
    "reportedCurrency": "USD",
    "cik": "0001024478",
    "fillingDate": "2004-11-19",
    "acceptedDate": "2004-11-19 15:56:40",
    "calendarYear": "2004",
    "period": "FY",
    "revenue": 4411100000,
    "costOfRevenue": 2726600000,
    "grossProfit": 1684500000,
    "grossProfitRatio": 0.3818775362,
    "researchAndDevelopmentExpenses": 121700000,
    "generalAndAdministrativeExpenses": 0,
    "sellingAndMarketingExpenses": 0,
    "sellingGeneralAndAdministrativeExpenses": 1058599999,
    "otherExpenses": 0,
    "operatingExpenses": 1180300000,
    "costAndExpenses": 3906900000,
    "interestIncome": 0,
    "interestExpense": 41700000,
    "depreciationAndAmortization": 186700000,
    "ebitda": 663300000,
    "ebitdaratio": 0.1503706558,
    "operatingIncome": 504200000,
    "operatingIncomeRatio": 0.1143025549,
    "totalOtherIncomeExpensesNet": -69300000,
    "incomeBeforeTax": 438100000,
    "incomeBeforeTaxRatio": 0.0993176305,
    "incomeTaxExpense": 84000000,
    "netIncome": 414900000,
    "netIncomeRatio": 0.0940581714,
    "eps": 1.71,
    "epsdiluted": 1.65,
    "weightedAverageShsOut": 186000000,
    "weightedAverageShsOutDil": 191700000,
    "link": "https://www.sec.gov/Archives/edgar/data/1024478/000095012304013937/0000950123-04-013937-index.htm",
    "finalLink": "https://www.sec.gov/Archives/edgar/data/1024478/000095012304013937/y68901e10vk.htm"
  },
  {
    "date": "2003-09-30",
    "symbol": "ROK",
    "reportedCurrency": "USD",
    "cik": "0001024478",
    "fillingDate": "2003-12-03",
    "acceptedDate": "2003-12-03 16:24:14",
    "calendarYear": "2003",
    "period": "FY",
    "revenue": 3992300000,
    "costOfRevenue": 2681000000,
    "grossProfit": 1311300000,
    "grossProfitRatio": 0.3284572803,
    "researchAndDevelopmentExpenses": 0,
    "generalAndAdministrativeExpenses": 0,
    "sellingAndMarketingExpenses": 0,
    "sellingGeneralAndAdministrativeExpenses": 967700000,
    "otherExpenses": 0,
    "operatingExpenses": 967700000,
    "costAndExpenses": 3648700000,
    "interestIncome": 0,
    "interestExpense": 0,
    "depreciationAndAmortization": 198000000,
    "ebitda": 534200000,
    "ebitdaratio": 0.1338075796,
    "operatingIncome": 345000000,
    "operatingIncomeRatio": 0.0864163515,
    "totalOtherIncomeExpensesNet": -47400000,
    "incomeBeforeTax": 299000000,
    "incomeBeforeTaxRatio": 0.0748941713,
    "incomeTaxExpense": 17000000,
    "netIncome": 286000000,
    "netIncomeRatio": 0.071637903,
    "eps": 1.54,
    "epsdiluted": 1.51,
    "weightedAverageShsOut": 185400000,
    "weightedAverageShsOutDil": 190100000,
    "link": "https://www.sec.gov/Archives/edgar/data/1024478/000095012303013398/0000950123-03-013398-index.htm",
    "finalLink": "https://www.sec.gov/Archives/edgar/data/1024478/000095012303013398/y92046ke10vk.htm"
  },
  {
    "date": "2002-09-30",
    "symbol": "ROK",
    "reportedCurrency": "USD",
    "cik": "0001024478",
    "fillingDate": "2002-11-25",
    "acceptedDate": "2002-11-25 15:47:04",
    "calendarYear": "2002",
    "period": "FY",
    "revenue": 3909000000,
    "costOfRevenue": 2674000000,
    "grossProfit": 1235000000,
    "grossProfitRatio": 0.3159375799,
    "researchAndDevelopmentExpenses": 0,
    "generalAndAdministrativeExpenses": 0,
    "sellingAndMarketingExpenses": 0,
    "sellingGeneralAndAdministrativeExpenses": 953000000,
    "otherExpenses": 0,
    "operatingExpenses": 953000000,
    "costAndExpenses": 3627000000,
    "interestIncome": 0,
    "interestExpense": 0,
    "depreciationAndAmortization": 206000000,
    "ebitda": 488000000,
    "ebitdaratio": 0.1248401126,
    "operatingIncome": 282000000,
    "operatingIncomeRatio": 0.0721412126,
    "totalOtherIncomeExpensesNet": -49000000,
    "incomeBeforeTax": 233000000,
    "incomeBeforeTaxRatio": 0.0596060373,
    "incomeTaxExpense": 7000000,
    "netIncome": 121000000,
    "netIncomeRatio": 0.0309542082,
    "eps": 0.66,
    "epsdiluted": 0.64,
    "weightedAverageShsOut": 184900000,
    "weightedAverageShsOutDil": 188800000,
    "link": "https://www.sec.gov/Archives/edgar/data/1024478/000095012302011324/0000950123-02-011324-index.htm",
    "finalLink": "https://www.sec.gov/Archives/edgar/data/1024478/000095012302011324/y65666e10vk.htm"
  },
  {
    "date": "2001-09-30",
    "symbol": "ROK",
    "reportedCurrency": "USD",
    "cik": "0001024478",
    "fillingDate": "2001-11-21",
    "acceptedDate": "2001-11-21 00:00:00",
    "calendarYear": "2001",
    "period": "FY",
    "revenue": 4285000000,
    "costOfRevenue": 3037000000,
    "grossProfit": 1248000000,
    "grossProfitRatio": 0.2912485414,
    "researchAndDevelopmentExpenses": 0,
    "generalAndAdministrativeExpenses": 0,
    "sellingAndMarketingExpenses": 0,
    "sellingGeneralAndAdministrativeExpenses": 1041000000,
    "otherExpenses": 0,
    "operatingExpenses": 1041000000,
    "costAndExpenses": 4078000000,
    "interestIncome": 0,
    "interestExpense": 0,
    "depreciationAndAmortization": 272000000,
    "ebitda": 479000000,
    "ebitdaratio": 0.1117852975,
    "operatingIncome": 251000000,
    "operatingIncomeRatio": 0.0585764294,
    "totalOtherIncomeExpensesNet": -39000000,
    "incomeBeforeTax": 168000000,
    "incomeBeforeTaxRatio": 0.0392065344,
    "incomeTaxExpense": 43000000,
    "netIncome": 305000000,
    "netIncomeRatio": 0.0711785298,
    "eps": 0.66,
    "epsdiluted": 0.65,
    "weightedAverageShsOut": 182600000,
    "weightedAverageShsOutDil": 185100000,
    "link": "https://www.sec.gov/Archives/edgar/data/1024478/000095012301508750/0000950123-01-508750-index.htm",
    "finalLink": "https://www.sec.gov/Archives/edgar/data/1024478/000095012301508750/y54460e10-k405.txt"
  },
  {
    "date": "2000-09-30",
    "symbol": "ROK",
    "reportedCurrency": "USD",
    "cik": "0001024478",
    "fillingDate": "2000-11-22",
    "acceptedDate": "2000-11-22 00:00:00",
    "calendarYear": "2000",
    "period": "FY",
    "revenue": 4661000000,
    "costOfRevenue": 3107000000,
    "grossProfit": 1554000000,
    "grossProfitRatio": 0.3334048487,
    "researchAndDevelopmentExpenses": 0,
    "generalAndAdministrativeExpenses": 0,
    "sellingAndMarketingExpenses": 0,
    "sellingGeneralAndAdministrativeExpenses": 1040000000,
    "otherExpenses": 0,
    "operatingExpenses": 1040000000,
    "costAndExpenses": 4147000000,
    "interestIncome": 0,
    "interestExpense": 0,
    "depreciationAndAmortization": 369000000,
    "ebitda": 784000000,
    "ebitdaratio": 0.168204248,
    "operatingIncome": 947000000,
    "operatingIncomeRatio": 0.2031752843,
    "totalOtherIncomeExpensesNet": -7000000,
    "incomeBeforeTax": 943000000,
    "incomeBeforeTaxRatio": 0.2023170993,
    "incomeTaxExpense": 307000000,
    "netIncome": 636000000,
    "netIncomeRatio": 0.1364514053,
    "eps": 1.88,
    "epsdiluted": 1.86,
    "weightedAverageShsOut": 188900000,
    "weightedAverageShsOutDil": 191300000,
    "link": "https://www.sec.gov/Archives/edgar/data/1024478/000095012400007138/0000950124-00-007138-index.htm",
    "finalLink": "https://www.sec.gov/Archives/edgar/data/1024478/000095012400007138/c57850e10-k405.txt"
  },
  {
    "date": "1999-09-30",
    "symbol": "ROK",
    "reportedCurrency": "USD",
    "cik": "0001024478",
    "fillingDate": "1999-12-01",
    "acceptedDate": "1999-12-01 00:00:00",
    "calendarYear": "1999",
    "period": "FY",
    "revenue": 7043000000,
    "costOfRevenue": 4570000000,
    "grossProfit": 2473000000,
    "grossProfitRatio": 0.3511287803,
    "researchAndDevelopmentExpenses": 0,
    "generalAndAdministrativeExpenses": 0,
    "sellingAndMarketingExpenses": 0,
    "sellingGeneralAndAdministrativeExpenses": 1270000000,
    "otherExpenses": 337000000,
    "operatingExpenses": 1607000000,
    "costAndExpenses": 6177000000,
    "interestIncome": 0,
    "interestExpense": 0,
    "depreciationAndAmortization": 337000000,
    "ebitda": 1203000000,
    "ebitdaratio": 0.1708078944,
    "operatingIncome": 866000000,
    "operatingIncomeRatio": 0.1229589663,
    "totalOtherIncomeExpensesNet": 24000000,
    "incomeBeforeTax": 890000000,
    "incomeBeforeTaxRatio": 0.1263666051,
    "incomeTaxExpense": 308000000,
    "netIncome": 562000000,
    "netIncomeRatio": 0.0797955417,
    "eps": 1.49,
    "epsdiluted": 1.47,
    "weightedAverageShsOut": 190186916,
    "weightedAverageShsOutDil": 192890995,
    "link": "https://www.sec.gov/Archives/edgar/data/1024478/000095012399010617/0000950123-99-010617-index.html",
    "finalLink": "https://www.sec.gov/Archives/edgar/data/1024478/000095012399010617/"
  },
  {
    "date": "1998-09-30",
    "symbol": "ROK",
    "reportedCurrency": "USD",
    "cik": "0001024478",
    "fillingDate": "1998-12-03",
    "acceptedDate": "1998-12-03 00:00:00",
    "calendarYear": "1998",
    "period": "FY",
    "revenue": 6752000000,
    "costOfRevenue": 4445000000,
    "grossProfit": 2307000000,
    "grossProfitRatio": 0.3416765403,
    "researchAndDevelopmentExpenses": 103000000,
    "generalAndAdministrativeExpenses": 0,
    "sellingAndMarketingExpenses": 0,
    "sellingGeneralAndAdministrativeExpenses": 1306000000,
    "otherExpenses": 306000000,
    "operatingExpenses": 1715000000,
    "costAndExpenses": 6160000000,
    "interestIncome": 0,
    "interestExpense": 0,
    "depreciationAndAmortization": 306000000,
    "ebitda": 898000000,
    "ebitdaratio": 0.1329976303,
    "operatingIncome": 592000000,
    "operatingIncomeRatio": 0.0876777251,
    "totalOtherIncomeExpensesNet": -567000000,
    "incomeBeforeTax": 25000000,
    "incomeBeforeTaxRatio": 0.0037026066,
    "incomeTaxExpense": 134000000,
    "netIncome": -427000000,
    "netIncomeRatio": -0.0632405213,
    "eps": -2.16,
    "epsdiluted": -2.16,
    "weightedAverageShsOut": 197900000,
    "weightedAverageShsOutDil": 197900000,
    "link": "https://www.sec.gov/Archives/edgar/data/1024478/000095012898001167/0000950128-98-001167-index.html",
    "finalLink": "https://www.sec.gov/Archives/edgar/data/1024478/"
  },
  {
    "date": "1997-09-30",
    "symbol": "ROK",
    "reportedCurrency": "USD",
    "cik": "0001024478",
    "fillingDate": "1997-12-05",
    "acceptedDate": "1997-12-05 00:00:00",
    "calendarYear": "1997",
    "period": "FY",
    "revenue": 6370000000,
    "costOfRevenue": 4163000000,
    "grossProfit": 2207000000,
    "grossProfitRatio": 0.3464678179,
    "researchAndDevelopmentExpenses": 23000000,
    "generalAndAdministrativeExpenses": 0,
    "sellingAndMarketingExpenses": 0,
    "sellingGeneralAndAdministrativeExpenses": 1235000000,
    "otherExpenses": 293000000,
    "operatingExpenses": 1551000000,
    "costAndExpenses": 5714000000,
    "interestIncome": 0,
    "interestExpense": 0,
    "depreciationAndAmortization": 484000000,
    "ebitda": 949000000,
    "ebitdaratio": 0.1489795918,
    "operatingIncome": 830000000,
    "operatingIncomeRatio": 0.1302982732,
    "totalOtherIncomeExpensesNet": -95000000,
    "incomeBeforeTax": 923000000,
    "incomeBeforeTaxRatio": 0.1448979592,
    "incomeTaxExpense": 337000000,
    "netIncome": 644000000,
    "netIncomeRatio": 0.1010989011,
    "eps": 3.01,
    "epsdiluted": 2.97,
    "weightedAverageShsOut": 213953488,
    "weightedAverageShsOutDil": 216835017,
    "link": "https://www.sec.gov/Archives/edgar/data/1024478/000095012897001084/0000950128-97-001084-index.html",
    "finalLink": "https://www.sec.gov/Archives/edgar/data/1024478/"
  },
  {
    "date": "1996-09-30",
    "symbol": "ROK",
    "reportedCurrency": "USD",
    "cik": "0001024478",
    "fillingDate": "1996-12-19",
    "acceptedDate": "1996-12-19 00:00:00",
    "calendarYear": "1996",
    "period": "FY",
    "revenue": 5784000000,
    "costOfRevenue": 3798000000,
    "grossProfit": 1986000000,
    "grossProfitRatio": 0.3433609959,
    "researchAndDevelopmentExpenses": 0,
    "generalAndAdministrativeExpenses": 0,
    "sellingAndMarketingExpenses": 0,
    "sellingGeneralAndAdministrativeExpenses": 1145000000,
    "otherExpenses": 301000000,
    "operatingExpenses": 1446000000,
    "costAndExpenses": 5244000000,
    "interestIncome": 0,
    "interestExpense": 0,
    "depreciationAndAmortization": 542000000,
    "ebitda": 841000000,
    "ebitdaratio": 0.1454011065,
    "operatingIncome": 881000000,
    "operatingIncomeRatio": 0.1523167358,
    "totalOtherIncomeExpensesNet": -8000000,
    "incomeBeforeTax": 896000000,
    "incomeBeforeTaxRatio": 0.1549100968,
    "incomeTaxExpense": 341000000,
    "netIncome": 726000000,
    "netIncomeRatio": 0.1255186722,
    "eps": 3.34,
    "epsdiluted": 3.28,
    "weightedAverageShsOut": 217365269,
    "weightedAverageShsOutDil": 221341463,
    "link": "https://www.sec.gov/Archives/edgar/data/1024478/000095012896000664/0000950128-96-000664-index.html",
    "finalLink": "https://www.sec.gov/Archives/edgar/data/1024478/"
  },
  {
    "date": "1995-09-30",
    "symbol": "ROK",
    "reportedCurrency": "USD",
    "cik": "0001024478",
    "fillingDate": "1995-09-30",
    "acceptedDate": "1995-09-30 00:00:00",
    "calendarYear": "1995",
    "period": "FY",
    "revenue": 5937000000,
    "costOfRevenue": 3884000000,
    "grossProfit": 2053000000,
    "grossProfitRatio": 0.3457975408,
    "researchAndDevelopmentExpenses": 0,
    "generalAndAdministrativeExpenses": 0,
    "sellingAndMarketingExpenses": 0,
    "sellingGeneralAndAdministrativeExpenses": 1133000000,
    "otherExpenses": 331000000,
    "operatingExpenses": 1464000000,
    "costAndExpenses": 5348000000,
    "interestIncome": 0,
    "interestExpense": 0,
    "depreciationAndAmortization": 571000000,
    "ebitda": 1967000000,
    "ebitdaratio": 0.3313121105,
    "operatingIncome": 1396000000,
    "operatingIncomeRatio": 0.2351355904,
    "totalOtherIncomeExpensesNet": -170000000,
    "incomeBeforeTax": 1226000000,
    "incomeBeforeTaxRatio": 0.2065016001,
    "incomeTaxExpense": 484000000,
    "netIncome": 742000000,
    "netIncomeRatio": 0.1249789456,
    "eps": 3.42,
    "epsdiluted": 3.42,
    "weightedAverageShsOut": 216959064,
    "weightedAverageShsOutDil": 216959064,
    "link": null,
    "finalLink": null
  },
  {
    "date": "1994-09-30",
    "symbol": "ROK",
    "reportedCurrency": "USD",
    "cik": "0001024478",
    "fillingDate": "1994-09-30",
    "acceptedDate": "1994-09-30 00:00:00",
    "calendarYear": "1994",
    "period": "FY",
    "revenue": 11204700000,
    "costOfRevenue": 8181300000,
    "grossProfit": 3023400000,
    "grossProfitRatio": 0.269833195,
    "researchAndDevelopmentExpenses": 0,
    "generalAndAdministrativeExpenses": 0,
    "sellingAndMarketingExpenses": 0,
    "sellingGeneralAndAdministrativeExpenses": 1411600000,
    "otherExpenses": 493900000,
    "operatingExpenses": 1905500000,
    "costAndExpenses": 10086800000,
    "interestIncome": 0,
    "interestExpense": 0,
    "depreciationAndAmortization": 493900000,
    "ebitda": 1611800000,
    "ebitdaratio": 0.1438503485,
    "operatingIncome": 1117900000,
    "operatingIncomeRatio": 0.099770632,
    "totalOtherIncomeExpensesNet": -96600000,
    "incomeBeforeTax": 1021300000,
    "incomeBeforeTaxRatio": 0.0911492499,
    "incomeTaxExpense": 387200000,
    "netIncome": 634100000,
    "netIncomeRatio": 0.0565923229,
    "eps": 2.87,
    "epsdiluted": 2.82,
    "weightedAverageShsOut": 220836237,
    "weightedAverageShsOutDil": 224751773,
    "link": null,
    "finalLink": null
  },
  {
    "date": "1993-09-30",
    "symbol": "ROK",
    "reportedCurrency": "USD",
    "cik": "0001024478",
    "fillingDate": "1993-09-30",
    "acceptedDate": "1993-09-30 00:00:00",
    "calendarYear": "1993",
    "period": "FY",
    "revenue": 10840000000,
    "costOfRevenue": 8047600000,
    "grossProfit": 2792400000,
    "grossProfitRatio": 0.257601476,
    "researchAndDevelopmentExpenses": 0,
    "generalAndAdministrativeExpenses": 0,
    "sellingAndMarketingExpenses": 0,
    "sellingGeneralAndAdministrativeExpenses": 1374200000,
    "otherExpenses": 490900000,
    "operatingExpenses": 1865100000,
    "costAndExpenses": 9912700000,
    "interestIncome": 0,
    "interestExpense": 0,
    "depreciationAndAmortization": 490900000,
    "ebitda": 1418200000,
    "ebitdaratio": 0.1308302583,
    "operatingIncome": 927300000,
    "operatingIncomeRatio": 0.0855442804,
    "totalOtherIncomeExpensesNet": -23200000,
    "incomeBeforeTax": 904100000,
    "incomeBeforeTaxRatio": 0.083404059,
    "incomeTaxExpense": 342200000,
    "netIncome": 561900000,
    "netIncomeRatio": 0.0518357934,
    "eps": 2.55,
    "epsdiluted": 2.51,
    "weightedAverageShsOut": 220235294,
    "weightedAverageShsOutDil": 223745020,
    "link": null,
    "finalLink": null
  },
  {
    "date": "1992-09-30",
    "symbol": "ROK",
    "reportedCurrency": "USD",
    "cik": "0001024478",
    "fillingDate": "1992-09-30",
    "acceptedDate": "1992-09-30 00:00:00",
    "calendarYear": "1992",
    "period": "FY",
    "revenue": 10909700000,
    "costOfRevenue": 8251400000,
    "grossProfit": 2658300000,
    "grossProfitRatio": 0.2436638954,
    "researchAndDevelopmentExpenses": 0,
    "generalAndAdministrativeExpenses": 0,
    "sellingAndMarketingExpenses": 0,
    "sellingGeneralAndAdministrativeExpenses": 1331800000,
    "otherExpenses": 558100000,
    "operatingExpenses": 1889900000,
    "costAndExpenses": 10141300000,
    "interestIncome": 0,
    "interestExpense": 0,
    "depreciationAndAmortization": 558100000,
    "ebitda": 1326500000,
    "ebitdaratio": 0.1215890446,
    "operatingIncome": 768400000,
    "operatingIncomeRatio": 0.0704327342,
    "totalOtherIncomeExpensesNet": 10000000,
    "incomeBeforeTax": 778400000,
    "incomeBeforeTaxRatio": 0.0713493497,
    "incomeTaxExpense": 295400000,
    "netIncome": -1036000000,
    "netIncomeRatio": -0.0949613647,
    "eps": -4.62,
    "epsdiluted": -4.56,
    "weightedAverageShsOut": 224307359,
    "weightedAverageShsOutDil": 227258772,
    "link": null,
    "finalLink": null
  },
  {
    "date": "1991-09-30",
    "symbol": "ROK",
    "reportedCurrency": "USD",
    "cik": "0001024478",
    "fillingDate": "1991-09-30",
    "acceptedDate": "1991-09-30 00:00:00",
    "calendarYear": "1991",
    "period": "FY",
    "revenue": 11927400000,
    "costOfRevenue": 8942500000,
    "grossProfit": 2984900000,
    "grossProfitRatio": 0.2502557137,
    "researchAndDevelopmentExpenses": 0,
    "generalAndAdministrativeExpenses": 0,
    "sellingAndMarketingExpenses": 0,
    "sellingGeneralAndAdministrativeExpenses": 1385200000,
    "otherExpenses": 601400000,
    "operatingExpenses": 1986600000,
    "costAndExpenses": 10929100000,
    "interestIncome": 0,
    "interestExpense": 0,
    "depreciationAndAmortization": 601400000,
    "ebitda": 1599700000,
    "ebitdaratio": 0.1341197579,
    "operatingIncome": 998300000,
    "operatingIncomeRatio": 0.0836980398,
    "totalOtherIncomeExpensesNet": 25200000,
    "incomeBeforeTax": 1023500000,
    "incomeBeforeTaxRatio": 0.0858108221,
    "incomeTaxExpense": 423000000,
    "netIncome": 600500000,
    "netIncomeRatio": 0.0503462615,
    "eps": 2.57,
    "epsdiluted": 2.54,
    "weightedAverageShsOut": 233540856,
    "weightedAverageShsOutDil": 236299213,
    "link": null,
    "finalLink": null
  },
  {
    "date": "1990-09-30",
    "symbol": "ROK",
    "reportedCurrency": "USD",
    "cik": "0001024478",
    "fillingDate": "1990-09-30",
    "acceptedDate": "1990-09-30 00:00:00",
    "calendarYear": "1990",
    "period": "FY",
    "revenue": 12378700000,
    "costOfRevenue": 9197100000,
    "grossProfit": 3181600000,
    "grossProfitRatio": 0.2570221429,
    "researchAndDevelopmentExpenses": 0,
    "generalAndAdministrativeExpenses": 0,
    "sellingAndMarketingExpenses": 0,
    "sellingGeneralAndAdministrativeExpenses": 1449100000,
    "otherExpenses": 620000000,
    "operatingExpenses": 2069100000,
    "costAndExpenses": 11266200000,
    "interestIncome": 0,
    "interestExpense": 0,
    "depreciationAndAmortization": 620000000,
    "ebitda": 1732500000,
    "ebitdaratio": 0.1399581539,
    "operatingIncome": 1112500000,
    "operatingIncomeRatio": 0.089872119,
    "totalOtherIncomeExpensesNet": -60500000,
    "incomeBeforeTax": 1052000000,
    "incomeBeforeTaxRatio": 0.0849846914,
    "incomeTaxExpense": 427700000,
    "netIncome": 624300000,
    "netIncomeRatio": 0.0504334058,
    "eps": 2.56,
    "epsdiluted": 2.53,
    "weightedAverageShsOut": 243710938,
    "weightedAverageShsOutDil": 246600791,
    "link": null,
    "finalLink": null
  },
  {
    "date": "1989-09-30",
    "symbol": "ROK",
    "reportedCurrency": "USD",
    "cik": "0001024478",
    "fillingDate": "1989-09-30",
    "acceptedDate": "1989-09-30 00:00:00",
    "calendarYear": "1989",
    "period": "FY",
    "revenue": 12518100000,
    "costOfRevenue": 9371600000,
    "grossProfit": 3146500000,
    "grossProfitRatio": 0.2513560365,
    "researchAndDevelopmentExpenses": 0,
    "generalAndAdministrativeExpenses": 0,
    "sellingAndMarketingExpenses": 0,
    "sellingGeneralAndAdministrativeExpenses": 1472800000,
    "otherExpenses": 614600000,
    "operatingExpenses": 2087400000,
    "costAndExpenses": 11459000000,
    "interestIncome": 0,
    "interestExpense": 0,
    "depreciationAndAmortization": 614600000,
    "ebitda": 1673700000,
    "ebitdaratio": 0.1337023989,
    "operatingIncome": 1059100000,
    "operatingIncomeRatio": 0.0846054912,
    "totalOtherIncomeExpensesNet": 146600000,
    "incomeBeforeTax": 1205700000,
    "incomeBeforeTaxRatio": 0.0963165337,
    "incomeTaxExpense": 470800000,
    "netIncome": 734900000,
    "netIncomeRatio": 0.0587069923,
    "eps": 2.87,
    "epsdiluted": 2.84,
    "weightedAverageShsOut": 255923345,
    "weightedAverageShsOutDil": 258626761,
    "link": null,
    "finalLink": null
  },
  {
    "date": "1988-09-30",
    "symbol": "ROK",
    "reportedCurrency": "USD",
    "cik": "0001024478",
    "fillingDate": "1988-09-30",
    "acceptedDate": "1988-09-29 20:00:00",
    "calendarYear": "1988",
    "period": "FY",
    "revenue": 11946300000,
    "costOfRevenue": 9014900000,
    "grossProfit": 2931400000,
    "grossProfitRatio": 0.2453814152,
    "researchAndDevelopmentExpenses": 0,
    "generalAndAdministrativeExpenses": 0,
    "sellingAndMarketingExpenses": 0,
    "sellingGeneralAndAdministrativeExpenses": 1435400000,
    "otherExpenses": 493900000,
    "operatingExpenses": 1929300000,
    "costAndExpenses": 10944200000,
    "interestIncome": 0,
    "interestExpense": 0,
    "depreciationAndAmortization": 493900000,
    "ebitda": 1496000000,
    "ebitdaratio": 0.1252270578,
    "operatingIncome": 1002100000,
    "operatingIncomeRatio": 0.0838837129,
    "totalOtherIncomeExpensesNet": 50900000,
    "incomeBeforeTax": 1053000000,
    "incomeBeforeTaxRatio": 0.0881444464,
    "incomeTaxExpense": 241100000,
    "netIncome": 811900000,
    "netIncomeRatio": 0.0679624654,
    "eps": 3.04,
    "epsdiluted": 3.01,
    "weightedAverageShsOut": 267072368,
    "weightedAverageShsOutDil": 269734219,
    "link": "",
    "finalLink": ""
  },
  {
    "date": "1987-09-30",
    "symbol": "ROK",
    "reportedCurrency": "USD",
    "cik": "0001024478",
    "fillingDate": "1987-09-30",
    "acceptedDate": "1987-09-29 20:00:00",
    "calendarYear": "1987",
    "period": "FY",
    "revenue": 12123400000,
    "costOfRevenue": 9069000000,
    "grossProfit": 3054400000,
    "grossProfitRatio": 0.2519425244,
    "researchAndDevelopmentExpenses": 0,
    "generalAndAdministrativeExpenses": 0,
    "sellingAndMarketingExpenses": 0,
    "sellingGeneralAndAdministrativeExpenses": 1363100000,
    "otherExpenses": 491300000,
    "operatingExpenses": 1854400000,
    "costAndExpenses": 10923400000,
    "interestIncome": 0,
    "interestExpense": 0,
    "depreciationAndAmortization": 491300000,
    "ebitda": 1691300000,
    "ebitdaratio": 0.139507069,
    "operatingIncome": 1200000000,
    "operatingIncomeRatio": 0.0989821337,
    "totalOtherIncomeExpensesNet": -13300000,
    "incomeBeforeTax": 1186700000,
    "incomeBeforeTaxRatio": 0.0978850817,
    "incomeTaxExpense": 551600000,
    "netIncome": 635100000,
    "netIncomeRatio": 0.0523862943,
    "eps": 2.27,
    "epsdiluted": 2.23,
    "weightedAverageShsOut": 279559471,
    "weightedAverageShsOutDil": 284573991,
    "link": "",
    "finalLink": ""
  },
  {
    "date": "1986-09-30",
    "symbol": "ROK",
    "reportedCurrency": "USD",
    "cik": "0001024478",
    "fillingDate": "1986-09-30",
    "acceptedDate": "1986-09-29 20:00:00",
    "calendarYear": "1986",
    "period": "FY",
    "revenue": 12295700000,
    "costOfRevenue": 9354900000,
    "grossProfit": 2940800000,
    "grossProfitRatio": 0.2391730442,
    "researchAndDevelopmentExpenses": 0,
    "generalAndAdministrativeExpenses": 0,
    "sellingAndMarketingExpenses": 0,
    "sellingGeneralAndAdministrativeExpenses": 1318100000,
    "otherExpenses": 558100000,
    "operatingExpenses": 1876200000,
    "costAndExpenses": 11231100000,
    "interestIncome": 0,
    "interestExpense": 0,
    "depreciationAndAmortization": 558100000,
    "ebitda": 1622700000,
    "ebitdaratio": 0.1319729662,
    "operatingIncome": 1064600000,
    "operatingIncomeRatio": 0.0865831144,
    "totalOtherIncomeExpensesNet": -6000000,
    "incomeBeforeTax": 1058600000,
    "incomeBeforeTaxRatio": 0.086095139,
    "incomeTaxExpense": 447400000,
    "netIncome": 611200000,
    "netIncomeRatio": 0.0497084347,
    "eps": 2.01,
    "epsdiluted": 1.98,
    "weightedAverageShsOut": 303781095,
    "weightedAverageShsOutDil": 308383838,
    "link": "",
    "finalLink": ""
  },
  {
    "date": "1985-09-30",
    "symbol": "ROK",
    "reportedCurrency": "USD",
    "cik": "0001024478",
    "fillingDate": "1985-09-30",
    "acceptedDate": "1985-09-29 20:00:00",
    "calendarYear": "1985",
    "period": "FY",
    "revenue": 11337600000,
    "costOfRevenue": 8495400000,
    "grossProfit": 2842200000,
    "grossProfitRatio": 0.2506879763,
    "researchAndDevelopmentExpenses": 0,
    "generalAndAdministrativeExpenses": 0,
    "sellingAndMarketingExpenses": 0,
    "sellingGeneralAndAdministrativeExpenses": 1218300000,
    "otherExpenses": 595300000,
    "operatingExpenses": 1813600000,
    "costAndExpenses": 10309000000,
    "interestIncome": 0,
    "interestExpense": 0,
    "depreciationAndAmortization": 595300000,
    "ebitda": 1623900000,
    "ebitdaratio": 0.1432313717,
    "operatingIncome": 1028600000,
    "operatingIncomeRatio": 0.0907246684,
    "totalOtherIncomeExpensesNet": 33900000,
    "incomeBeforeTax": 1062500000,
    "incomeBeforeTaxRatio": 0.0937147192,
    "incomeTaxExpense": 467200000,
    "netIncome": 595300000,
    "netIncomeRatio": 0.0525067034,
    "eps": 1.95,
    "epsdiluted": 1.91,
    "weightedAverageShsOut": 304871795,
    "weightedAverageShsOutDil": 311256545,
    "link": "",
    "finalLink": ""
  }
]