[
  {
    "date": "2025-06-30",
    "symbol": "ROP",
    "reportedCurrency": "USD",
    "cik": "0000882835",
    "fillingDate": "2025-08-01",
    "acceptedDate": "2025-08-01 17:09:29",
    "calendarYear": "2025",
    "period": "Q2",
    "revenue": 1943600000,
    "costOfRevenue": 598200000,
    "grossProfit": 1345400000,
    "grossProfitRatio": 0.6922206215,
    "researchAndDevelopmentExpenses": 0,
    "generalAndAdministrativeExpenses": 0,
    "sellingAndMarketingExpenses": 0,
    "sellingGeneralAndAdministrativeExpenses": 797100000,
    "otherExpenses": 0,
    "operatingExpenses": 797100000,
    "costAndExpenses": 1395300000,
    "interestIncome": 0,
    "interestExpense": 79100000,
    "depreciationAndAmortization": 223000000,
    "ebitda": 787400000,
    "ebitdaratio": 0.4051245112,
    "operatingIncome": 548300000,
    "operatingIncomeRatio": 0.2821053715,
    "totalOtherIncomeExpensesNet": -63000000,
    "incomeBeforeTax": 485300000,
    "incomeBeforeTaxRatio": 0.2496912945,
    "incomeTaxExpense": 107000000,
    "netIncome": 378300000,
    "netIncomeRatio": 0.1946388146,
    "eps": 3.52,
    "epsdiluted": 3.49,
    "weightedAverageShsOut": 107600000,
    "weightedAverageShsOutDil": 108400000,
    "link": "https://www.sec.gov/Archives/edgar/data/882835/000088283525000036/0000882835-25-000036-index.htm",
    "finalLink": "https://www.sec.gov/Archives/edgar/data/882835/000088283525000036/rop-20250630.htm"
  },
  {
    "date": "2025-03-31",
    "symbol": "ROP",
    "reportedCurrency": "USD",
    "cik": "0000882835",
    "fillingDate": "2025-05-02",
    "acceptedDate": "2025-05-02 17:17:35",
    "calendarYear": "2025",
    "period": "Q1",
    "revenue": 1882800000,
    "costOfRevenue": 589100000,
    "grossProfit": 1293700000,
    "grossProfitRatio": 0.6871149352,
    "researchAndDevelopmentExpenses": 0,
    "generalAndAdministrativeExpenses": 0,
    "sellingAndMarketingExpenses": 0,
    "sellingGeneralAndAdministrativeExpenses": 767900000,
    "otherExpenses": 0,
    "operatingExpenses": 767900000,
    "costAndExpenses": 1357000000,
    "interestIncome": 0,
    "interestExpense": 62900000,
    "depreciationAndAmortization": 213100000,
    "ebitda": 694000000,
    "ebitdaratio": 0.3685999575,
    "operatingIncome": 525799999,
    "operatingIncomeRatio": 0.279264924,
    "totalOtherIncomeExpensesNet": -107799999,
    "incomeBeforeTax": 418000000,
    "incomeBeforeTaxRatio": 0.2220097727,
    "incomeTaxExpense": 86900000,
    "netIncome": 331100000,
    "netIncomeRatio": 0.1758551094,
    "eps": 3.0829,
    "epsdiluted": 3.0601,
    "weightedAverageShsOut": 107400000,
    "weightedAverageShsOutDil": 108200000,
    "link": "https://www.sec.gov/Archives/edgar/data/882835/000088283525000020/0000882835-25-000020-index.htm",
    "finalLink": "https://www.sec.gov/Archives/edgar/data/882835/000088283525000020/rop-20250331.htm"
  },
  {
    "date": "2024-12-31",
    "symbol": "ROP",
    "reportedCurrency": "USD",
    "cik": "0000882835",
    "fillingDate": "2025-02-24",
    "acceptedDate": "2025-02-24 17:06:17",
    "calendarYear": "2024",
    "period": "Q4",
    "revenue": 1877100000,
    "costOfRevenue": 594800000,
    "grossProfit": 1282300000,
    "grossProfitRatio": 0.6831282297,
    "researchAndDevelopmentExpenses": 0,
    "generalAndAdministrativeExpenses": 0,
    "sellingAndMarketingExpenses": 0,
    "sellingGeneralAndAdministrativeExpenses": 757600000,
    "otherExpenses": 0,
    "operatingExpenses": 757600000,
    "costAndExpenses": 1352400000,
    "interestIncome": 0,
    "interestExpense": 70800000,
    "depreciationAndAmortization": 211000000,
    "ebitda": 872600000,
    "ebitdaratio": 0.4648660167,
    "operatingIncome": 524700000,
    "operatingIncomeRatio": 0.2795269298,
    "totalOtherIncomeExpensesNet": 66099999,
    "incomeBeforeTax": 590800000,
    "incomeBeforeTaxRatio": 0.3147408236,
    "incomeTaxExpense": 128500000,
    "netIncome": 462300000,
    "netIncomeRatio": 0.2462841617,
    "eps": 4.3085,
    "epsdiluted": 4.2766,
    "weightedAverageShsOut": 107300000,
    "weightedAverageShsOutDil": 108100000,
    "link": "https://www.sec.gov/Archives/edgar/data/882835/000088283525000008/0000882835-25-000008-index.htm",
    "finalLink": "https://www.sec.gov/Archives/edgar/data/882835/000088283525000008/rop-20241231.htm"
  },
  {
    "date": "2024-09-30",
    "symbol": "ROP",
    "reportedCurrency": "USD",
    "cik": "0000882835",
    "fillingDate": "2024-11-01",
    "acceptedDate": "2024-11-01 16:50:25",
    "calendarYear": "2024",
    "period": "Q3",
    "revenue": 1764600000,
    "costOfRevenue": 542900000,
    "grossProfit": 1221700000,
    "grossProfitRatio": 0.692338207,
    "researchAndDevelopmentExpenses": 0,
    "generalAndAdministrativeExpenses": 0,
    "sellingAndMarketingExpenses": 0,
    "sellingGeneralAndAdministrativeExpenses": 725100000,
    "otherExpenses": 0,
    "operatingExpenses": 725100000,
    "costAndExpenses": 1268000000,
    "interestIncome": 0,
    "interestExpense": 67700000,
    "depreciationAndAmortization": 206000000,
    "ebitda": 740900000,
    "ebitdaratio": 0.4198685254,
    "operatingIncome": 496600000,
    "operatingIncomeRatio": 0.2814235521,
    "totalOtherIncomeExpensesNet": -29400000,
    "incomeBeforeTax": 467200000,
    "incomeBeforeTaxRatio": 0.2647625524,
    "incomeTaxExpense": 99300000,
    "netIncome": 367900000,
    "netIncomeRatio": 0.208489176,
    "eps": 3.4319,
    "epsdiluted": 3.4033,
    "weightedAverageShsOut": 107200000,
    "weightedAverageShsOutDil": 108100000,
    "link": "https://www.sec.gov/Archives/edgar/data/882835/000088283524000044/0000882835-24-000044-index.htm",
    "finalLink": "https://www.sec.gov/Archives/edgar/data/882835/000088283524000044/rop-20240930.htm"
  },
  {
    "date": "2024-06-30",
    "symbol": "ROP",
    "reportedCurrency": "USD",
    "cik": "0000882835",
    "fillingDate": "2024-08-01",
    "acceptedDate": "2024-08-01 17:23:48",
    "calendarYear": "2024",
    "period": "Q2",
    "revenue": 1716800000,
    "costOfRevenue": 523500000,
    "grossProfit": 1193300000,
    "grossProfitRatio": 0.6950722274,
    "researchAndDevelopmentExpenses": 0,
    "generalAndAdministrativeExpenses": 0,
    "sellingAndMarketingExpenses": 0,
    "sellingGeneralAndAdministrativeExpenses": 699100000,
    "otherExpenses": 0,
    "operatingExpenses": 699100000,
    "costAndExpenses": 1222600000,
    "interestIncome": 0,
    "interestExpense": 67500000,
    "depreciationAndAmortization": 201500000,
    "ebitda": 694300000,
    "ebitdaratio": 0.4044151911,
    "operatingIncome": 494200000,
    "operatingIncomeRatio": 0.287861137,
    "totalOtherIncomeExpensesNet": -68900000,
    "incomeBeforeTax": 425300000,
    "incomeBeforeTaxRatio": 0.2477283318,
    "incomeTaxExpense": 88200000,
    "netIncome": 337100000,
    "netIncomeRatio": 0.1963536813,
    "eps": 3.1475,
    "epsdiluted": 3.1242,
    "weightedAverageShsOut": 107100000,
    "weightedAverageShsOutDil": 107900000,
    "link": "https://www.sec.gov/Archives/edgar/data/882835/000088283524000037/0000882835-24-000037-index.htm",
    "finalLink": "https://www.sec.gov/Archives/edgar/data/882835/000088283524000037/rop-20240630.htm"
  },
  {
    "date": "2024-03-31",
    "symbol": "ROP",
    "reportedCurrency": "USD",
    "cik": "0000882835",
    "fillingDate": "2024-05-03",
    "acceptedDate": "2024-05-03 16:52:18",
    "calendarYear": "2024",
    "period": "Q1",
    "revenue": 1680700000,
    "costOfRevenue": 499700000,
    "grossProfit": 1181000000,
    "grossProfitRatio": 0.7026834057,
    "researchAndDevelopmentExpenses": 0,
    "generalAndAdministrativeExpenses": 0,
    "sellingAndMarketingExpenses": 0,
    "sellingGeneralAndAdministrativeExpenses": 699700000,
    "otherExpenses": 0,
    "operatingExpenses": 699700000,
    "costAndExpenses": 1199400000,
    "interestIncome": 0,
    "interestExpense": 53200000,
    "depreciationAndAmortization": 194200000,
    "ebitda": 731300000,
    "ebitdaratio": 0.4351163206,
    "operatingIncome": 481300000,
    "operatingIncomeRatio": 0.2863687749,
    "totalOtherIncomeExpensesNet": 2600000,
    "incomeBeforeTax": 483900000,
    "incomeBeforeTaxRatio": 0.2879157494,
    "incomeTaxExpense": 101900000,
    "netIncome": 382000000,
    "netIncomeRatio": 0.2272862498,
    "eps": 3.5701,
    "epsdiluted": 3.5403,
    "weightedAverageShsOut": 107000000,
    "weightedAverageShsOutDil": 107900000,
    "link": "https://www.sec.gov/Archives/edgar/data/882835/000088283524000018/0000882835-24-000018-index.htm",
    "finalLink": "https://www.sec.gov/Archives/edgar/data/882835/000088283524000018/rop-20240331.htm"
  },
  {
    "date": "2023-12-31",
    "symbol": "ROP",
    "reportedCurrency": "USD",
    "cik": "0000882835",
    "fillingDate": "2024-02-22",
    "acceptedDate": "2024-02-22 17:05:32",
    "calendarYear": "2023",
    "period": "Q4",
    "revenue": 1613500000,
    "costOfRevenue": 488300000,
    "grossProfit": 1125200000,
    "grossProfitRatio": 0.6973659746,
    "researchAndDevelopmentExpenses": 0,
    "generalAndAdministrativeExpenses": 0,
    "sellingAndMarketingExpenses": 0,
    "sellingGeneralAndAdministrativeExpenses": 662400000,
    "otherExpenses": 0,
    "operatingExpenses": 662400000,
    "costAndExpenses": 1150700000,
    "interestIncome": 0,
    "interestExpense": 50100000,
    "depreciationAndAmortization": 196100000,
    "ebitda": 722900000,
    "ebitdaratio": 0.4480322281,
    "operatingIncome": 462800000,
    "operatingIncomeRatio": 0.2868298729,
    "totalOtherIncomeExpensesNet": 13900000,
    "incomeBeforeTax": 476700000,
    "incomeBeforeTaxRatio": 0.2954446855,
    "incomeTaxExpense": 99200000,
    "netIncome": 377500000,
    "netIncomeRatio": 0.2339634335,
    "eps": 3.5313,
    "epsdiluted": 3.5051,
    "weightedAverageShsOut": 106900000,
    "weightedAverageShsOutDil": 107700000,
    "link": "https://www.sec.gov/Archives/edgar/data/882835/000088283524000008/0000882835-24-000008-index.htm",
    "finalLink": "https://www.sec.gov/Archives/edgar/data/882835/000088283524000008/rop-20231231.htm"
  },
  {
    "date": "2023-09-30",
    "symbol": "ROP",
    "reportedCurrency": "USD",
    "cik": "0000882835",
    "fillingDate": "2023-11-02",
    "acceptedDate": "2023-11-02 16:49:04",
    "calendarYear": "2023",
    "period": "Q3",
    "revenue": 1563400000,
    "costOfRevenue": 467100000,
    "grossProfit": 1096300000,
    "grossProfitRatio": 0.7012280926,
    "researchAndDevelopmentExpenses": 0,
    "generalAndAdministrativeExpenses": 0,
    "sellingAndMarketingExpenses": 0,
    "sellingGeneralAndAdministrativeExpenses": 650200000,
    "otherExpenses": 0,
    "operatingExpenses": 650200000,
    "costAndExpenses": 1117300000,
    "interestIncome": 0,
    "interestExpense": 42400000,
    "depreciationAndAmortization": 191200000,
    "ebitda": 676200000,
    "ebitdaratio": 0.4325188691,
    "operatingIncome": 446100000,
    "operatingIncomeRatio": 0.2853396444,
    "totalOtherIncomeExpensesNet": -3500000,
    "incomeBeforeTax": 442600000,
    "incomeBeforeTaxRatio": 0.2831009339,
    "incomeTaxExpense": 97000000,
    "netIncome": 342700000,
    "netIncomeRatio": 0.2192017398,
    "eps": 3.2118,
    "epsdiluted": 3.1849,
    "weightedAverageShsOut": 106700000,
    "weightedAverageShsOutDil": 107600000,
    "link": "https://www.sec.gov/Archives/edgar/data/882835/000088283523000052/0000882835-23-000052-index.htm",
    "finalLink": "https://www.sec.gov/Archives/edgar/data/882835/000088283523000052/rop-20230930.htm"
  },
  {
    "date": "2023-06-30",
    "symbol": "ROP",
    "reportedCurrency": "USD",
    "cik": "0000882835",
    "fillingDate": "2023-08-03",
    "acceptedDate": "2023-08-03 16:50:07",
    "calendarYear": "2023",
    "period": "Q2",
    "revenue": 1531200000,
    "costOfRevenue": 464100000,
    "grossProfit": 1067099999,
    "grossProfitRatio": 0.6969043881,
    "researchAndDevelopmentExpenses": 0,
    "generalAndAdministrativeExpenses": 0,
    "sellingAndMarketingExpenses": 0,
    "sellingGeneralAndAdministrativeExpenses": 631800000,
    "otherExpenses": 0,
    "operatingExpenses": 631800000,
    "costAndExpenses": 1095900000,
    "interestIncome": 0,
    "interestExpense": 34800000,
    "depreciationAndAmortization": 184200000,
    "ebitda": 682700000,
    "ebitdaratio": 0.4458594566,
    "operatingIncome": 435300000,
    "operatingIncomeRatio": 0.2842868339,
    "totalOtherIncomeExpensesNet": 28400000,
    "incomeBeforeTax": 463700000,
    "incomeBeforeTaxRatio": 0.3028343783,
    "incomeTaxExpense": 102700000,
    "netIncome": 361000000,
    "netIncomeRatio": 0.2357628004,
    "eps": 3.3865,
    "epsdiluted": 3.3613,
    "weightedAverageShsOut": 106600000,
    "weightedAverageShsOutDil": 107400000,
    "link": "https://www.sec.gov/Archives/edgar/data/882835/000088283523000045/0000882835-23-000045-index.htm",
    "finalLink": "https://www.sec.gov/Archives/edgar/data/882835/000088283523000045/rop-20230630.htm"
  },
  {
    "date": "2023-03-31",
    "symbol": "ROP",
    "reportedCurrency": "USD",
    "cik": "0000882835",
    "fillingDate": "2023-05-03",
    "acceptedDate": "2023-05-03 17:25:17",
    "calendarYear": "2023",
    "period": "Q1",
    "revenue": 1469700000,
    "costOfRevenue": 451100000,
    "grossProfit": 1018600000,
    "grossProfitRatio": 0.6930666122,
    "researchAndDevelopmentExpenses": 0,
    "generalAndAdministrativeExpenses": 0,
    "sellingAndMarketingExpenses": 0,
    "sellingGeneralAndAdministrativeExpenses": 617600000,
    "otherExpenses": 0,
    "operatingExpenses": 617600000,
    "costAndExpenses": 1068700000,
    "interestIncome": 0,
    "interestExpense": 37400000,
    "depreciationAndAmortization": 183700000,
    "ebitda": 581200000,
    "ebitdaratio": 0.3954548547,
    "operatingIncome": 401000000,
    "operatingIncomeRatio": 0.2728447983,
    "totalOtherIncomeExpensesNet": -40900000,
    "incomeBeforeTax": 360100000,
    "incomeBeforeTaxRatio": 0.2450159897,
    "incomeTaxExpense": 75800000,
    "netIncome": 283100000,
    "netIncomeRatio": 0.1926243451,
    "eps": 2.6632,
    "epsdiluted": 2.6458,
    "weightedAverageShsOut": 106300000,
    "weightedAverageShsOutDil": 107000000,
    "link": "https://www.sec.gov/Archives/edgar/data/882835/000088283523000025/0000882835-23-000025-index.htm",
    "finalLink": "https://www.sec.gov/Archives/edgar/data/882835/000088283523000025/rop-20230331.htm"
  },
  {
    "date": "2022-12-31",
    "symbol": "ROP",
    "reportedCurrency": "USD",
    "cik": "0000882835",
    "fillingDate": "2023-02-27",
    "acceptedDate": "2023-02-27 16:48:06",
    "calendarYear": "2022",
    "period": "Q4",
    "revenue": 1430900000,
    "costOfRevenue": 428600000,
    "grossProfit": 1002300000,
    "grossProfitRatio": 0.7004682368,
    "researchAndDevelopmentExpenses": 0,
    "generalAndAdministrativeExpenses": 0,
    "sellingAndMarketingExpenses": 0,
    "sellingGeneralAndAdministrativeExpenses": 589800000,
    "otherExpenses": 0,
    "operatingExpenses": 589800000,
    "costAndExpenses": 1018400000,
    "interestIncome": 0,
    "interestExpense": 53800000,
    "depreciationAndAmortization": 183700000,
    "ebitda": 545900000,
    "ebitdaratio": 0.3815081417,
    "operatingIncome": 412500000,
    "operatingIncomeRatio": 0.2882801034,
    "totalOtherIncomeExpensesNet": -104100000,
    "incomeBeforeTax": 308400000,
    "incomeBeforeTaxRatio": 0.2155286882,
    "incomeTaxExpense": 61100000,
    "netIncome": 279800000,
    "netIncomeRatio": 0.1955412677,
    "eps": 2.6371,
    "epsdiluted": 2.6198,
    "weightedAverageShsOut": 106100000,
    "weightedAverageShsOutDil": 106800000,
    "link": "https://www.sec.gov/Archives/edgar/data/882835/000088283523000016/0000882835-23-000016-index.htm",
    "finalLink": "https://www.sec.gov/Archives/edgar/data/882835/000088283523000016/rop-20221231.htm"
  },
  {
    "date": "2022-09-30",
    "symbol": "ROP",
    "reportedCurrency": "USD",
    "cik": "0000882835",
    "fillingDate": "2022-11-02",
    "acceptedDate": "2022-11-02 09:04:44",
    "calendarYear": "2022",
    "period": "Q3",
    "revenue": 1350300000,
    "costOfRevenue": 408500000,
    "grossProfit": 941800000,
    "grossProfitRatio": 0.6974746353,
    "researchAndDevelopmentExpenses": 0,
    "generalAndAdministrativeExpenses": 0,
    "sellingAndMarketingExpenses": 0,
    "sellingGeneralAndAdministrativeExpenses": 548600000,
    "otherExpenses": 0,
    "operatingExpenses": 548600000,
    "costAndExpenses": 957100000,
    "interestIncome": 0,
    "interestExpense": 41300000,
    "depreciationAndAmortization": 156400000,
    "ebitda": 553200000,
    "ebitdaratio": 0.4096867363,
    "operatingIncome": 393200000,
    "operatingIncomeRatio": 0.2911945494,
    "totalOtherIncomeExpensesNet": -37700000,
    "incomeBeforeTax": 355500000,
    "incomeBeforeTaxRatio": 0.2632748278,
    "incomeTaxExpense": 78600000,
    "netIncome": 325900000,
    "netIncomeRatio": 0.2413537732,
    "eps": 3.0745,
    "epsdiluted": 3.0515,
    "weightedAverageShsOut": 106000000,
    "weightedAverageShsOutDil": 106800000,
    "link": "https://www.sec.gov/Archives/edgar/data/882835/000088283522000072/0000882835-22-000072-index.htm",
    "finalLink": "https://www.sec.gov/Archives/edgar/data/882835/000088283522000072/rop-20220930.htm"
  },
  {
    "date": "2022-06-30",
    "symbol": "ROP",
    "reportedCurrency": "USD",
    "cik": "0000882835",
    "fillingDate": "2022-08-03",
    "acceptedDate": "2022-08-03 16:39:06",
    "calendarYear": "2022",
    "period": "Q2",
    "revenue": 1310800000,
    "costOfRevenue": 399300000,
    "grossProfit": 911500000,
    "grossProfitRatio": 0.6953768691,
    "researchAndDevelopmentExpenses": 0,
    "generalAndAdministrativeExpenses": 0,
    "sellingAndMarketingExpenses": 0,
    "sellingGeneralAndAdministrativeExpenses": 548600000,
    "otherExpenses": 0,
    "operatingExpenses": 548600000,
    "costAndExpenses": 947900000,
    "interestIncome": 0,
    "interestExpense": 44700000,
    "depreciationAndAmortization": 150900000,
    "ebitda": 512500000,
    "ebitdaratio": 0.390982606,
    "operatingIncome": 362900000,
    "operatingIncomeRatio": 0.2768538297,
    "totalOtherIncomeExpensesNet": -46000000,
    "incomeBeforeTax": 316900000,
    "incomeBeforeTaxRatio": 0.2417607568,
    "incomeTaxExpense": 91900000,
    "netIncome": 279500000,
    "netIncomeRatio": 0.2132285627,
    "eps": 2.6393,
    "epsdiluted": 2.617,
    "weightedAverageShsOut": 105900000,
    "weightedAverageShsOutDil": 106800000,
    "link": "https://www.sec.gov/Archives/edgar/data/882835/000088283522000060/0000882835-22-000060-index.htm",
    "finalLink": "https://www.sec.gov/Archives/edgar/data/882835/000088283522000060/rop-20220630.htm"
  },
  {
    "date": "2022-03-31",
    "symbol": "ROP",
    "reportedCurrency": "USD",
    "cik": "0000882835",
    "fillingDate": "2022-05-04",
    "acceptedDate": "2022-05-04 08:14:59",
    "calendarYear": "2022",
    "period": "Q1",
    "revenue": 1279800000,
    "costOfRevenue": 382600000,
    "grossProfit": 897200000,
    "grossProfitRatio": 0.7010470386,
    "researchAndDevelopmentExpenses": 0,
    "generalAndAdministrativeExpenses": 0,
    "sellingAndMarketingExpenses": 0,
    "sellingGeneralAndAdministrativeExpenses": 541300000,
    "otherExpenses": 0,
    "operatingExpenses": 541300000,
    "costAndExpenses": 923900000,
    "interestIncome": 0,
    "interestExpense": 52600000,
    "depreciationAndAmortization": 155300000,
    "ebitda": 509100000,
    "ebitdaratio": 0.3977965307,
    "operatingIncome": 355900000,
    "operatingIncomeRatio": 0.2780903266,
    "totalOtherIncomeExpensesNet": -54700000,
    "incomeBeforeTax": 301200000,
    "incomeBeforeTaxRatio": 0.2353492733,
    "incomeTaxExpense": 64800000,
    "netIncome": 303200000,
    "netIncomeRatio": 0.2369120175,
    "eps": 2.8712,
    "epsdiluted": 2.8416,
    "weightedAverageShsOut": 105600000,
    "weightedAverageShsOutDil": 106700000,
    "link": "https://www.sec.gov/Archives/edgar/data/882835/000088283522000025/0000882835-22-000025-index.htm",
    "finalLink": "https://www.sec.gov/Archives/edgar/data/882835/000088283522000025/rop-20220331.htm"
  },
  {
    "date": "2021-12-31",
    "symbol": "ROP",
    "reportedCurrency": "USD",
    "cik": "0000882835",
    "fillingDate": "2022-02-22",
    "acceptedDate": "2022-02-22 17:02:07",
    "calendarYear": "2021",
    "period": "Q4",
    "revenue": 1256600000,
    "costOfRevenue": 376200000,
    "grossProfit": 880400000,
    "grossProfitRatio": 0.7006207226,
    "researchAndDevelopmentExpenses": 0,
    "generalAndAdministrativeExpenses": 0,
    "sellingAndMarketingExpenses": 0,
    "sellingGeneralAndAdministrativeExpenses": 525500000,
    "otherExpenses": 0,
    "operatingExpenses": 525500000,
    "costAndExpenses": 901700000,
    "interestIncome": 0,
    "interestExpense": 55900000,
    "depreciationAndAmortization": 153000000,
    "ebitda": 413100000,
    "ebitdaratio": 0.3287442305,
    "operatingIncome": 354900000,
    "operatingIncomeRatio": 0.2824287761,
    "totalOtherIncomeExpensesNet": -150500000,
    "incomeBeforeTax": 204400000,
    "incomeBeforeTaxRatio": 0.1626611491,
    "incomeTaxExpense": 37300000,
    "netIncome": 231900000,
    "netIncomeRatio": 0.1845455992,
    "eps": 2.1981,
    "epsdiluted": 2.1734,
    "weightedAverageShsOut": 105500000,
    "weightedAverageShsOutDil": 106700000,
    "link": "https://www.sec.gov/Archives/edgar/data/882835/000088283522000012/0000882835-22-000012-index.htm",
    "finalLink": "https://www.sec.gov/Archives/edgar/data/882835/000088283522000012/rop-20211231.htm"
  },
  {
    "date": "2021-09-30",
    "symbol": "ROP",
    "reportedCurrency": "USD",
    "cik": "0000882835",
    "fillingDate": "2021-11-04",
    "acceptedDate": "2021-11-04 08:39:43",
    "calendarYear": "2021",
    "period": "Q3",
    "revenue": 1232100000,
    "costOfRevenue": 360400000,
    "grossProfit": 871700000,
    "grossProfitRatio": 0.7074912751,
    "researchAndDevelopmentExpenses": 0,
    "generalAndAdministrativeExpenses": 0,
    "sellingAndMarketingExpenses": 0,
    "sellingGeneralAndAdministrativeExpenses": 524799999,
    "otherExpenses": 0,
    "operatingExpenses": 524799999,
    "costAndExpenses": 885200000,
    "interestIncome": 0,
    "interestExpense": 58200000,
    "depreciationAndAmortization": 153600000,
    "ebitda": 498400000,
    "ebitdaratio": 0.4045126207,
    "operatingIncome": 346900000,
    "operatingIncomeRatio": 0.2815518221,
    "totalOtherIncomeExpensesNet": -60300000,
    "incomeBeforeTax": 286600000,
    "incomeBeforeTaxRatio": 0.2326109894,
    "incomeTaxExpense": 75800000,
    "netIncome": 289500000,
    "netIncomeRatio": 0.2349646944,
    "eps": 2.7467,
    "epsdiluted": 2.7132,
    "weightedAverageShsOut": 105400000,
    "weightedAverageShsOutDil": 106700000,
    "link": "https://www.sec.gov/Archives/edgar/data/882835/000088283521000067/0000882835-21-000067-index.htm",
    "finalLink": "https://www.sec.gov/Archives/edgar/data/882835/000088283521000067/rop-20210930.htm"
  },
  {
    "date": "2021-06-30",
    "symbol": "ROP",
    "reportedCurrency": "USD",
    "cik": "0000882835",
    "fillingDate": "2021-08-05",
    "acceptedDate": "2021-08-05 09:03:09",
    "calendarYear": "2021",
    "period": "Q2",
    "revenue": 1189800000,
    "costOfRevenue": 350600000,
    "grossProfit": 839200000,
    "grossProfitRatio": 0.7053286267,
    "researchAndDevelopmentExpenses": 0,
    "generalAndAdministrativeExpenses": 0,
    "sellingAndMarketingExpenses": 0,
    "sellingGeneralAndAdministrativeExpenses": 523000000,
    "otherExpenses": 0,
    "operatingExpenses": 523000000,
    "costAndExpenses": 873600000,
    "interestIncome": 0,
    "interestExpense": 59500000,
    "depreciationAndAmortization": 149900000,
    "ebitda": 465900000,
    "ebitdaratio": 0.3915784165,
    "operatingIncome": 316200000,
    "operatingIncomeRatio": 0.2657589511,
    "totalOtherIncomeExpensesNet": -59700000,
    "incomeBeforeTax": 256500000,
    "incomeBeforeTaxRatio": 0.2155824508,
    "incomeTaxExpense": 52100000,
    "netIncome": 286300000,
    "netIncomeRatio": 0.2406286771,
    "eps": 2.7189,
    "epsdiluted": 2.6908,
    "weightedAverageShsOut": 105300000,
    "weightedAverageShsOutDil": 106400000,
    "link": "https://www.sec.gov/Archives/edgar/data/882835/000088283521000044/0000882835-21-000044-index.htm",
    "finalLink": "https://www.sec.gov/Archives/edgar/data/882835/000088283521000044/rop-20210630.htm"
  },
  {
    "date": "2021-03-31",
    "symbol": "ROP",
    "reportedCurrency": "USD",
    "cik": "0000882835",
    "fillingDate": "2021-05-05",
    "acceptedDate": "2021-05-05 09:15:35",
    "calendarYear": "2021",
    "period": "Q1",
    "revenue": 1376100000,
    "costOfRevenue": 440100000,
    "grossProfit": 936000000,
    "grossProfitRatio": 0.6801831262,
    "researchAndDevelopmentExpenses": 0,
    "generalAndAdministrativeExpenses": 0,
    "sellingAndMarketingExpenses": 0,
    "sellingGeneralAndAdministrativeExpenses": 561400000,
    "otherExpenses": 0,
    "operatingExpenses": 561400000,
    "costAndExpenses": 1001500000,
    "interestIncome": 0,
    "interestExpense": 60600000,
    "depreciationAndAmortization": 159400000,
    "ebitda": 561100000,
    "ebitdaratio": 0.40774653,
    "operatingIncome": 374600000,
    "operatingIncomeRatio": 0.2722185888,
    "totalOtherIncomeExpensesNet": -33500000,
    "incomeBeforeTax": 341100000,
    "incomeBeforeTaxRatio": 0.2478744277,
    "incomeTaxExpense": 71200000,
    "netIncome": 289000000,
    "netIncomeRatio": 0.2100138071,
    "eps": 2.7524,
    "epsdiluted": 2.7264,
    "weightedAverageShsOut": 105000000,
    "weightedAverageShsOutDil": 106000000,
    "link": "https://www.sec.gov/Archives/edgar/data/882835/000088283521000018/0000882835-21-000018-index.htm",
    "finalLink": "https://www.sec.gov/Archives/edgar/data/882835/000088283521000018/rop-20210331.htm"
  },
  {
    "date": "2020-12-31",
    "symbol": "ROP",
    "reportedCurrency": "USD",
    "cik": "0000882835",
    "fillingDate": "2021-02-22",
    "acceptedDate": "2021-02-22 08:59:47",
    "calendarYear": "2020",
    "period": "Q4",
    "revenue": 1335600000,
    "costOfRevenue": 434700000,
    "grossProfit": 900900000,
    "grossProfitRatio": 0.6745283019,
    "researchAndDevelopmentExpenses": 0,
    "generalAndAdministrativeExpenses": 0,
    "sellingAndMarketingExpenses": 0,
    "sellingGeneralAndAdministrativeExpenses": 557900000,
    "otherExpenses": 0,
    "operatingExpenses": 557900000,
    "costAndExpenses": 992600000,
    "interestIncome": 0,
    "interestExpense": 63700000,
    "depreciationAndAmortization": 160900000,
    "ebitda": 504300000,
    "ebitdaratio": 0.3775831087,
    "operatingIncome": 343000000,
    "operatingIncomeRatio": 0.2568134172,
    "totalOtherIncomeExpensesNet": -63300000,
    "incomeBeforeTax": 279700000,
    "incomeBeforeTaxRatio": 0.2094189877,
    "incomeTaxExpense": 54700000,
    "netIncome": 255800000,
    "netIncomeRatio": 0.1915244085,
    "eps": 2.4385,
    "epsdiluted": 2.4132,
    "weightedAverageShsOut": 104900000,
    "weightedAverageShsOutDil": 106000000,
    "link": "https://www.sec.gov/Archives/edgar/data/882835/000088283521000011/0000882835-21-000011-index.htm",
    "finalLink": "https://www.sec.gov/Archives/edgar/data/882835/000088283521000011/rop-20201231.htm"
  },
  {
    "date": "2020-09-30",
    "symbol": "ROP",
    "reportedCurrency": "USD",
    "cik": "0000882835",
    "fillingDate": "2020-11-04",
    "acceptedDate": "2020-11-04 14:55:13",
    "calendarYear": "2020",
    "period": "Q3",
    "revenue": 1198200000,
    "costOfRevenue": 388300000,
    "grossProfit": 809900000,
    "grossProfitRatio": 0.6759305625,
    "researchAndDevelopmentExpenses": 0,
    "generalAndAdministrativeExpenses": 0,
    "sellingAndMarketingExpenses": 0,
    "sellingGeneralAndAdministrativeExpenses": 479400000,
    "otherExpenses": 0,
    "operatingExpenses": 479400000,
    "costAndExpenses": 867700000,
    "interestIncome": 100000,
    "interestExpense": 62300000,
    "depreciationAndAmortization": 123900000,
    "ebitda": 452300000,
    "ebitdaratio": 0.377482891,
    "operatingIncome": 330500000,
    "operatingIncomeRatio": 0.2758304123,
    "totalOtherIncomeExpensesNet": -64300000,
    "incomeBeforeTax": 266200000,
    "incomeBeforeTaxRatio": 0.2221665832,
    "incomeTaxExpense": 59200000,
    "netIncome": 234400000,
    "netIncomeRatio": 0.1956267735,
    "eps": 2.2388,
    "epsdiluted": 2.2134,
    "weightedAverageShsOut": 104700000,
    "weightedAverageShsOutDil": 105900000,
    "link": "https://www.sec.gov/Archives/edgar/data/882835/000088283520000033/0000882835-20-000033-index.htm",
    "finalLink": "https://www.sec.gov/Archives/edgar/data/882835/000088283520000033/rop-20200930.htm"
  },
  {
    "date": "2020-06-30",
    "symbol": "ROP",
    "reportedCurrency": "USD",
    "cik": "0000882835",
    "fillingDate": "2020-08-05",
    "acceptedDate": "2020-08-05 11:36:17",
    "calendarYear": "2020",
    "period": "Q2",
    "revenue": 1305000000,
    "costOfRevenue": 461300000,
    "grossProfit": 843700000,
    "grossProfitRatio": 0.64651341,
    "researchAndDevelopmentExpenses": 0,
    "generalAndAdministrativeExpenses": 0,
    "sellingAndMarketingExpenses": 0,
    "sellingGeneralAndAdministrativeExpenses": 510100000,
    "otherExpenses": 0,
    "operatingExpenses": 510100000,
    "costAndExpenses": 971400000,
    "interestIncome": 0,
    "interestExpense": 47500000,
    "depreciationAndAmortization": 113500000,
    "ebitda": 445100000,
    "ebitdaratio": 0.3410727969,
    "operatingIncome": 333600000,
    "operatingIncomeRatio": 0.2556321839,
    "totalOtherIncomeExpensesNet": -49500000,
    "incomeBeforeTax": 284100000,
    "incomeBeforeTaxRatio": 0.2177011494,
    "incomeTaxExpense": 64900000,
    "netIncome": 219200000,
    "netIncomeRatio": 0.1679693487,
    "eps": 2.0976,
    "epsdiluted": 2.0777,
    "weightedAverageShsOut": 104500000,
    "weightedAverageShsOutDil": 105500000,
    "link": "https://www.sec.gov/Archives/edgar/data/882835/000088283520000025/0000882835-20-000025-index.htm",
    "finalLink": "https://www.sec.gov/Archives/edgar/data/882835/000088283520000025/rop-20200630.htm"
  },
  {
    "date": "2020-03-31",
    "symbol": "ROP",
    "reportedCurrency": "USD",
    "cik": "0000882835",
    "fillingDate": "2020-05-06",
    "acceptedDate": "2020-05-06 13:26:18",
    "calendarYear": "2020",
    "period": "Q1",
    "revenue": 1350700000,
    "costOfRevenue": 493900000,
    "grossProfit": 856800000,
    "grossProfitRatio": 0.6343377508,
    "researchAndDevelopmentExpenses": 0,
    "generalAndAdministrativeExpenses": 0,
    "sellingAndMarketingExpenses": 0,
    "sellingGeneralAndAdministrativeExpenses": 507600000,
    "otherExpenses": 0,
    "operatingExpenses": 507600000,
    "costAndExpenses": 1001500000,
    "interestIncome": 0,
    "interestExpense": 45400000,
    "depreciationAndAmortization": 114600000,
    "ebitda": 464600000,
    "ebitdaratio": 0.3439697934,
    "operatingIncome": 349200000,
    "operatingIncomeRatio": 0.2585326127,
    "totalOtherIncomeExpensesNet": -44600000,
    "incomeBeforeTax": 304600000,
    "incomeBeforeTaxRatio": 0.2255126971,
    "incomeTaxExpense": 64300000,
    "netIncome": 240300000,
    "netIncomeRatio": 0.1779077515,
    "eps": 2.3039,
    "epsdiluted": 2.282,
    "weightedAverageShsOut": 104300000,
    "weightedAverageShsOutDil": 105300000,
    "link": "https://www.sec.gov/Archives/edgar/data/882835/000088283520000012/0000882835-20-000012-index.htm",
    "finalLink": "https://www.sec.gov/Archives/edgar/data/882835/000088283520000012/rop-20200331.htm"
  },
  {
    "date": "2019-12-31",
    "symbol": "ROP",
    "reportedCurrency": "USD",
    "cik": "0000882835",
    "fillingDate": "2020-02-28",
    "acceptedDate": "2020-02-28 14:02:08",
    "calendarYear": "2019",
    "period": "Q4",
    "revenue": 1394800000,
    "costOfRevenue": 501900000,
    "grossProfit": 892900000,
    "grossProfitRatio": 0.6401634643,
    "researchAndDevelopmentExpenses": 0,
    "generalAndAdministrativeExpenses": 0,
    "sellingAndMarketingExpenses": 0,
    "sellingGeneralAndAdministrativeExpenses": 494500000,
    "otherExpenses": 0,
    "operatingExpenses": 494500000,
    "costAndExpenses": 996400000,
    "interestIncome": 0,
    "interestExpense": 49000000,
    "depreciationAndAmortization": 114800000,
    "ebitda": 1311800000,
    "ebitdaratio": 0.9404932607,
    "operatingIncome": 398400000,
    "operatingIncomeRatio": 0.2856323487,
    "totalOtherIncomeExpensesNet": 749600000,
    "incomeBeforeTax": 1148000000,
    "incomeBeforeTaxRatio": 0.8230570691,
    "incomeTaxExpense": 276900000,
    "netIncome": 871100000,
    "netIncomeRatio": 0.6245339834,
    "eps": 8.3679,
    "epsdiluted": 8.2804,
    "weightedAverageShsOut": 104100000,
    "weightedAverageShsOutDil": 105200000,
    "link": "https://www.sec.gov/Archives/edgar/data/882835/000088283520000006/0000882835-20-000006-index.htm",
    "finalLink": "https://www.sec.gov/Archives/edgar/data/882835/000088283520000006/a201910-kdoc.htm"
  },
  {
    "date": "2019-09-30",
    "symbol": "ROP",
    "reportedCurrency": "USD",
    "cik": "0000882835",
    "fillingDate": "2019-11-01",
    "acceptedDate": "2019-11-01 12:55:08",
    "calendarYear": "2019",
    "period": "Q3",
    "revenue": 1354500000,
    "costOfRevenue": 480900000,
    "grossProfit": 873600000,
    "grossProfitRatio": 0.6449612403,
    "researchAndDevelopmentExpenses": 0,
    "generalAndAdministrativeExpenses": 0,
    "sellingAndMarketingExpenses": 0,
    "sellingGeneralAndAdministrativeExpenses": 488400000,
    "otherExpenses": 0,
    "operatingExpenses": 488400000,
    "costAndExpenses": 969300000,
    "interestIncome": 0,
    "interestExpense": 48800000,
    "depreciationAndAmortization": 106300000,
    "ebitda": 493000000,
    "ebitdaratio": 0.3639719454,
    "operatingIncome": 385200000,
    "operatingIncomeRatio": 0.2843853821,
    "totalOtherIncomeExpensesNet": -47300000,
    "incomeBeforeTax": 337900000,
    "incomeBeforeTaxRatio": 0.2494647471,
    "incomeTaxExpense": 60400000,
    "netIncome": 277500000,
    "netIncomeRatio": 0.2048726467,
    "eps": 2.6683,
    "epsdiluted": 2.6378,
    "weightedAverageShsOut": 104000000,
    "weightedAverageShsOutDil": 105200000,
    "link": "https://www.sec.gov/Archives/edgar/data/882835/000088283519000050/0000882835-19-000050-index.htm",
    "finalLink": "https://www.sec.gov/Archives/edgar/data/882835/000088283519000050/a2019q310q.htm"
  },
  {
    "date": "2019-06-30",
    "symbol": "ROP",
    "reportedCurrency": "USD",
    "cik": "0000882835",
    "fillingDate": "2019-08-02",
    "acceptedDate": "2019-08-02 12:20:21",
    "calendarYear": "2019",
    "period": "Q2",
    "revenue": 1330300000,
    "costOfRevenue": 480300000,
    "grossProfit": 850000000,
    "grossProfitRatio": 0.6389536195,
    "researchAndDevelopmentExpenses": 0,
    "generalAndAdministrativeExpenses": 0,
    "sellingAndMarketingExpenses": 0,
    "sellingGeneralAndAdministrativeExpenses": 481600000,
    "otherExpenses": 0,
    "operatingExpenses": 481600000,
    "costAndExpenses": 961900000,
    "interestIncome": 0,
    "interestExpense": 45100000,
    "depreciationAndAmortization": 98200000,
    "ebitda": 465600000,
    "ebitdaratio": 0.3499962414,
    "operatingIncome": 368400000,
    "operatingIncomeRatio": 0.2769300158,
    "totalOtherIncomeExpensesNet": -46100000,
    "incomeBeforeTax": 322300000,
    "incomeBeforeTaxRatio": 0.2422761783,
    "incomeTaxExpense": 72600000,
    "netIncome": 249700000,
    "netIncomeRatio": 0.1877020221,
    "eps": 2.4033,
    "epsdiluted": 2.3758,
    "weightedAverageShsOut": 103900000,
    "weightedAverageShsOutDil": 105100000,
    "link": "https://www.sec.gov/Archives/edgar/data/882835/000088283519000037/0000882835-19-000037-index.htm",
    "finalLink": "https://www.sec.gov/Archives/edgar/data/882835/000088283519000037/a2019q210q.htm"
  },
  {
    "date": "2019-03-31",
    "symbol": "ROP",
    "reportedCurrency": "USD",
    "cik": "0000882835",
    "fillingDate": "2019-05-03",
    "acceptedDate": "2019-05-03 13:35:15",
    "calendarYear": "2019",
    "period": "Q1",
    "revenue": 1287200000,
    "costOfRevenue": 476600000,
    "grossProfit": 810600000,
    "grossProfitRatio": 0.6297389683,
    "researchAndDevelopmentExpenses": 0,
    "generalAndAdministrativeExpenses": 0,
    "sellingAndMarketingExpenses": 0,
    "sellingGeneralAndAdministrativeExpenses": 464200000,
    "otherExpenses": 0,
    "operatingExpenses": 464200000,
    "costAndExpenses": 940800000,
    "interestIncome": 0,
    "interestExpense": 43700000,
    "depreciationAndAmortization": 94600000,
    "ebitda": 557500000,
    "ebitdaratio": 0.4331106277,
    "operatingIncome": 346400000,
    "operatingIncomeRatio": 0.2691112492,
    "totalOtherIncomeExpensesNet": 72800000,
    "incomeBeforeTax": 419200000,
    "incomeBeforeTaxRatio": 0.3256681168,
    "incomeTaxExpense": 49600000,
    "netIncome": 369600000,
    "netIncomeRatio": 0.2871348664,
    "eps": 3.5676,
    "epsdiluted": 3.5301,
    "weightedAverageShsOut": 103600000,
    "weightedAverageShsOutDil": 104700000,
    "link": "https://www.sec.gov/Archives/edgar/data/882835/000088283519000021/0000882835-19-000021-index.htm",
    "finalLink": "https://www.sec.gov/Archives/edgar/data/882835/000088283519000021/a2019q110q.htm"
  },
  {
    "date": "2018-12-31",
    "symbol": "ROP",
    "reportedCurrency": "USD",
    "cik": "0000882835",
    "fillingDate": "2019-02-25",
    "acceptedDate": "2019-02-25 11:44:47",
    "calendarYear": "2018",
    "period": "Q4",
    "revenue": 1376300000,
    "costOfRevenue": 503200000,
    "grossProfit": 873100000,
    "grossProfitRatio": 0.6343820388,
    "researchAndDevelopmentExpenses": 0,
    "generalAndAdministrativeExpenses": 0,
    "sellingAndMarketingExpenses": 0,
    "sellingGeneralAndAdministrativeExpenses": 508700000,
    "otherExpenses": 0,
    "operatingExpenses": 508700000,
    "costAndExpenses": 1011900000,
    "interestIncome": 0,
    "interestExpense": 47300000,
    "depreciationAndAmortization": 94000000,
    "ebitda": 459400000,
    "ebitdaratio": 0.3337935043,
    "operatingIncome": 364400000,
    "operatingIncomeRatio": 0.2647678558,
    "totalOtherIncomeExpensesNet": -46300000,
    "incomeBeforeTax": 318100000,
    "incomeBeforeTaxRatio": 0.2311269345,
    "incomeTaxExpense": 61000000,
    "netIncome": 257100000,
    "netIncomeRatio": 0.1868052024,
    "eps": 2.4865,
    "epsdiluted": 2.4603,
    "weightedAverageShsOut": 103400000,
    "weightedAverageShsOutDil": 104500000,
    "link": "https://www.sec.gov/Archives/edgar/data/882835/000088283519000010/0000882835-19-000010-index.htm",
    "finalLink": "https://www.sec.gov/Archives/edgar/data/882835/000088283519000010/a201810-kdoc.htm"
  },
  {
    "date": "2018-09-30",
    "symbol": "ROP",
    "reportedCurrency": "USD",
    "cik": "0000882835",
    "fillingDate": "2018-11-05",
    "acceptedDate": "2018-11-05 11:06:00",
    "calendarYear": "2018",
    "period": "Q3",
    "revenue": 1318700000,
    "costOfRevenue": 478700000,
    "grossProfit": 840000000,
    "grossProfitRatio": 0.636990976,
    "researchAndDevelopmentExpenses": 0,
    "generalAndAdministrativeExpenses": 0,
    "sellingAndMarketingExpenses": 0,
    "sellingGeneralAndAdministrativeExpenses": 462500000,
    "otherExpenses": 0,
    "operatingExpenses": 462500000,
    "costAndExpenses": 941200000,
    "interestIncome": 0,
    "interestExpense": 48400000,
    "depreciationAndAmortization": 94400000,
    "ebitda": 454400000,
    "ebitdaratio": 0.3445817851,
    "operatingIncome": 377500000,
    "operatingIncomeRatio": 0.2862667779,
    "totalOtherIncomeExpensesNet": -65900000,
    "incomeBeforeTax": 311600000,
    "incomeBeforeTaxRatio": 0.2362933192,
    "incomeTaxExpense": 64000000,
    "netIncome": 247600000,
    "netIncomeRatio": 0.1877606734,
    "eps": 2.39,
    "epsdiluted": 2.37,
    "weightedAverageShsOut": 103400000,
    "weightedAverageShsOutDil": 104600000,
    "link": "https://www.sec.gov/Archives/edgar/data/882835/000088283518000067/0000882835-18-000067-index.htm",
    "finalLink": "https://www.sec.gov/Archives/edgar/data/882835/000088283518000067/a2018q310-q.htm"
  },
  {
    "date": "2018-06-30",
    "symbol": "ROP",
    "reportedCurrency": "USD",
    "cik": "0000882835",
    "fillingDate": "2018-08-06",
    "acceptedDate": "2018-08-06 10:43:28",
    "calendarYear": "2018",
    "period": "Q2",
    "revenue": 1293700000,
    "costOfRevenue": 477800000,
    "grossProfit": 815900000,
    "grossProfitRatio": 0.6306717168,
    "researchAndDevelopmentExpenses": 0,
    "generalAndAdministrativeExpenses": 0,
    "sellingAndMarketingExpenses": 0,
    "sellingGeneralAndAdministrativeExpenses": 461600000,
    "otherExpenses": 0,
    "operatingExpenses": 461600000,
    "costAndExpenses": 939400000,
    "interestIncome": 0,
    "interestExpense": 43200000,
    "depreciationAndAmortization": 90100000,
    "ebitda": 446700000,
    "ebitdaratio": 0.3452887068,
    "operatingIncome": 354300000,
    "operatingIncomeRatio": 0.2738656566,
    "totalOtherIncomeExpensesNet": -40900000,
    "incomeBeforeTax": 313400000,
    "incomeBeforeTaxRatio": 0.2422509082,
    "incomeTaxExpense": 85000000,
    "netIncome": 228400000,
    "netIncomeRatio": 0.1765478859,
    "eps": 2.21,
    "epsdiluted": 2.19,
    "weightedAverageShsOut": 103200000,
    "weightedAverageShsOutDil": 104400000,
    "link": "https://www.sec.gov/Archives/edgar/data/882835/000088283518000034/0000882835-18-000034-index.htm",
    "finalLink": "https://www.sec.gov/Archives/edgar/data/882835/000088283518000034/a2018q210-q.htm"
  },
  {
    "date": "2018-03-31",
    "symbol": "ROP",
    "reportedCurrency": "USD",
    "cik": "0000882835",
    "fillingDate": "2018-05-04",
    "acceptedDate": "2018-05-04 15:06:17",
    "calendarYear": "2018",
    "period": "Q1",
    "revenue": 1202500000,
    "costOfRevenue": 452000000,
    "grossProfit": 750500000,
    "grossProfitRatio": 0.6241164241,
    "researchAndDevelopmentExpenses": 0,
    "generalAndAdministrativeExpenses": 0,
    "sellingAndMarketingExpenses": 0,
    "sellingGeneralAndAdministrativeExpenses": 450300000,
    "otherExpenses": 0,
    "operatingExpenses": 450300000,
    "costAndExpenses": 902300000,
    "interestIncome": 0,
    "interestExpense": 43200000,
    "depreciationAndAmortization": 87700000,
    "ebitda": 386200000,
    "ebitdaratio": 0.3211642412,
    "operatingIncome": 300200000,
    "operatingIncomeRatio": 0.2496465696,
    "totalOtherIncomeExpensesNet": -44900000,
    "incomeBeforeTax": 255300000,
    "incomeBeforeTaxRatio": 0.2123076923,
    "incomeTaxExpense": 44000000,
    "netIncome": 211300000,
    "netIncomeRatio": 0.1757172557,
    "eps": 2.05,
    "epsdiluted": 2.03,
    "weightedAverageShsOut": 102900000,
    "weightedAverageShsOutDil": 104200000,
    "link": "https://www.sec.gov/Archives/edgar/data/882835/000088283518000020/0000882835-18-000020-index.htm",
    "finalLink": "https://www.sec.gov/Archives/edgar/data/882835/000088283518000020/a2018q110-q.htm"
  },
  {
    "date": "2017-12-31",
    "symbol": "ROP",
    "reportedCurrency": "USD",
    "cik": "0000882835",
    "fillingDate": "2018-02-23",
    "acceptedDate": "2018-02-23 16:10:12",
    "calendarYear": "2017",
    "period": "Q4",
    "revenue": 1226583000,
    "costOfRevenue": 461471000,
    "grossProfit": 765112000,
    "grossProfitRatio": 0.6237751542,
    "researchAndDevelopmentExpenses": 0,
    "generalAndAdministrativeExpenses": 0,
    "sellingAndMarketingExpenses": 0,
    "sellingGeneralAndAdministrativeExpenses": 418129000,
    "otherExpenses": 0,
    "operatingExpenses": 418129000,
    "costAndExpenses": 879600000,
    "interestIncome": 0,
    "interestExpense": 43365000,
    "depreciationAndAmortization": 86054000,
    "ebitda": 432819000,
    "ebitdaratio": 0.3528656438,
    "operatingIncome": 346983000,
    "operatingIncomeRatio": 0.2828858707,
    "totalOtherIncomeExpensesNet": -43583000,
    "incomeBeforeTax": 303400000,
    "incomeBeforeTaxRatio": 0.2473538277,
    "incomeTaxExpense": -140472000,
    "netIncome": 443872000,
    "netIncomeRatio": 0.3618768563,
    "eps": 4.33,
    "epsdiluted": 4.27,
    "weightedAverageShsOut": 102395000,
    "weightedAverageShsOutDil": 103863000,
    "link": "https://www.sec.gov/Archives/edgar/data/882835/000088283518000011/0000882835-18-000011-index.htm",
    "finalLink": "https://www.sec.gov/Archives/edgar/data/882835/000088283518000011/a201710-kdoc.htm"
  },
  {
    "date": "2017-09-30",
    "symbol": "ROP",
    "reportedCurrency": "USD",
    "cik": "0000882835",
    "fillingDate": "2017-11-06",
    "acceptedDate": "2017-11-06 11:08:21",
    "calendarYear": "2017",
    "period": "Q3",
    "revenue": 1159912000,
    "costOfRevenue": 433492000,
    "grossProfit": 726420000,
    "grossProfitRatio": 0.6262716482,
    "researchAndDevelopmentExpenses": 0,
    "generalAndAdministrativeExpenses": 0,
    "sellingAndMarketingExpenses": 0,
    "sellingGeneralAndAdministrativeExpenses": 415673000,
    "otherExpenses": 0,
    "operatingExpenses": 415673000,
    "costAndExpenses": 849165000,
    "interestIncome": 23000,
    "interestExpense": 45523000,
    "depreciationAndAmortization": 86626000,
    "ebitda": 396714000,
    "ebitdaratio": 0.342020774,
    "operatingIncome": 310747000,
    "operatingIncomeRatio": 0.2679056687,
    "totalOtherIncomeExpensesNet": -46182000,
    "incomeBeforeTax": 264565000,
    "incomeBeforeTaxRatio": 0.2280905793,
    "incomeTaxExpense": 74292000,
    "netIncome": 190273000,
    "netIncomeRatio": 0.1640408928,
    "eps": 1.86,
    "epsdiluted": 1.84,
    "weightedAverageShsOut": 102303000,
    "weightedAverageShsOutDil": 103680000,
    "link": "https://www.sec.gov/Archives/edgar/data/882835/000088283517000031/0000882835-17-000031-index.htm",
    "finalLink": "https://www.sec.gov/Archives/edgar/data/882835/000088283517000031/a2017q310-q.htm"
  },
  {
    "date": "2017-06-30",
    "symbol": "ROP",
    "reportedCurrency": "USD",
    "cik": "0000882835",
    "fillingDate": "2017-08-07",
    "acceptedDate": "2017-08-07 11:46:22",
    "calendarYear": "2017",
    "period": "Q2",
    "revenue": 1134671000,
    "costOfRevenue": 429021000,
    "grossProfit": 705650000,
    "grossProfitRatio": 0.62189833,
    "researchAndDevelopmentExpenses": 0,
    "generalAndAdministrativeExpenses": 0,
    "sellingAndMarketingExpenses": 0,
    "sellingGeneralAndAdministrativeExpenses": 411392000,
    "otherExpenses": 0,
    "operatingExpenses": 411392000,
    "costAndExpenses": 840413000,
    "interestIncome": 13000,
    "interestExpense": 45813000,
    "depreciationAndAmortization": 85761000,
    "ebitda": 386988000,
    "ebitdaratio": 0.3410574519,
    "operatingIncome": 294258000,
    "operatingIncomeRatio": 0.2593333222,
    "totalOtherIncomeExpensesNet": -38844000,
    "incomeBeforeTax": 255414000,
    "incomeBeforeTaxRatio": 0.2250996104,
    "incomeTaxExpense": 75858000,
    "netIncome": 179556000,
    "netIncomeRatio": 0.1582449891,
    "eps": 1.76,
    "epsdiluted": 1.74,
    "weightedAverageShsOut": 102081000,
    "weightedAverageShsOutDil": 103409000,
    "link": "https://www.sec.gov/Archives/edgar/data/882835/000088283517000024/0000882835-17-000024-index.htm",
    "finalLink": "https://www.sec.gov/Archives/edgar/data/882835/000088283517000024/q2-17_10q.htm"
  },
  {
    "date": "2017-03-31",
    "symbol": "ROP",
    "reportedCurrency": "USD",
    "cik": "0000882835",
    "fillingDate": "2017-05-05",
    "acceptedDate": "2017-05-05 10:46:34",
    "calendarYear": "2017",
    "period": "Q1",
    "revenue": 1086305000,
    "costOfRevenue": 418691000,
    "grossProfit": 667614000,
    "grossProfitRatio": 0.6145732552,
    "researchAndDevelopmentExpenses": 0,
    "generalAndAdministrativeExpenses": 0,
    "sellingAndMarketingExpenses": 0,
    "sellingGeneralAndAdministrativeExpenses": 409358000,
    "otherExpenses": 0,
    "operatingExpenses": 409358000,
    "costAndExpenses": 828049000,
    "interestIncome": 0,
    "interestExpense": 45900000,
    "depreciationAndAmortization": 85072000,
    "ebitda": 342281000,
    "ebitdaratio": 0.3150873834,
    "operatingIncome": 258255999,
    "operatingIncomeRatio": 0.2377380192,
    "totalOtherIncomeExpensesNet": -46911999,
    "incomeBeforeTax": 211344000,
    "incomeBeforeTaxRatio": 0.1945530951,
    "incomeTaxExpense": 53273000,
    "netIncome": 158071000,
    "netIncomeRatio": 0.1455125402,
    "eps": 1.55,
    "epsdiluted": 1.53,
    "weightedAverageShsOut": 101885000,
    "weightedAverageShsOutDil": 103078000,
    "link": "https://www.sec.gov/Archives/edgar/data/882835/000088283517000017/0000882835-17-000017-index.htm",
    "finalLink": "https://www.sec.gov/Archives/edgar/data/882835/000088283517000017/q1-17_10q.htm"
  },
  {
    "date": "2016-12-31",
    "symbol": "ROP",
    "reportedCurrency": "USD",
    "cik": "0000882835",
    "fillingDate": "2017-02-27",
    "acceptedDate": "2017-02-27 13:56:23",
    "calendarYear": "2016",
    "period": "Q4",
    "revenue": 1010800000,
    "costOfRevenue": 383922000,
    "grossProfit": 626878000,
    "grossProfitRatio": 0.6201800554,
    "researchAndDevelopmentExpenses": 0,
    "generalAndAdministrativeExpenses": 0,
    "sellingAndMarketingExpenses": 0,
    "sellingGeneralAndAdministrativeExpenses": 337774000,
    "otherExpenses": 0,
    "operatingExpenses": 337774000,
    "costAndExpenses": 721696000,
    "interestIncome": 0,
    "interestExpense": 30483000,
    "depreciationAndAmortization": 62572000,
    "ebitda": 351321000,
    "ebitdaratio": 0.3475672734,
    "operatingIncome": 289104000,
    "operatingIncomeRatio": 0.2860150376,
    "totalOtherIncomeExpensesNet": -30837999,
    "incomeBeforeTax": 258266000,
    "incomeBeforeTaxRatio": 0.2555065295,
    "incomeTaxExpense": 76185000,
    "netIncome": 182081000,
    "netIncomeRatio": 0.1801355362,
    "eps": 1.79,
    "epsdiluted": 1.78,
    "weightedAverageShsOut": 101469000,
    "weightedAverageShsOutDil": 102580000,
    "link": "https://www.sec.gov/Archives/edgar/data/882835/000088283517000006/0000882835-17-000006-index.htm",
    "finalLink": "https://www.sec.gov/Archives/edgar/data/882835/000088283517000006/cy2016_10-k.htm"
  },
  {
    "date": "2016-09-30",
    "symbol": "ROP",
    "reportedCurrency": "USD",
    "cik": "0000882835",
    "fillingDate": "2016-11-04",
    "acceptedDate": "2016-11-04 14:54:56",
    "calendarYear": "2016",
    "period": "Q3",
    "revenue": 945144000,
    "costOfRevenue": 366651000,
    "grossProfit": 578493000,
    "grossProfitRatio": 0.6120686372,
    "researchAndDevelopmentExpenses": 0,
    "generalAndAdministrativeExpenses": 0,
    "sellingAndMarketingExpenses": 0,
    "sellingGeneralAndAdministrativeExpenses": 311103000,
    "otherExpenses": 0,
    "operatingExpenses": 311103000,
    "costAndExpenses": 677754000,
    "interestIncome": 0,
    "interestExpense": 26800000,
    "depreciationAndAmortization": 57930000,
    "ebitda": 324786000,
    "ebitdaratio": 0.3436365252,
    "operatingIncome": 267390000,
    "operatingIncomeRatio": 0.282909271,
    "totalOtherIncomeExpensesNet": -27334000,
    "incomeBeforeTax": 240056000,
    "incomeBeforeTaxRatio": 0.2539888102,
    "incomeTaxExpense": 72977000,
    "netIncome": 167079000,
    "netIncomeRatio": 0.1767762373,
    "eps": 1.65,
    "epsdiluted": 1.63,
    "weightedAverageShsOut": 101372000,
    "weightedAverageShsOutDil": 102522000,
    "link": "https://www.sec.gov/Archives/edgar/data/882835/000088283516000052/0000882835-16-000052-index.htm",
    "finalLink": "https://www.sec.gov/Archives/edgar/data/882835/000088283516000052/q3-16_10q.htm"
  },
  {
    "date": "2016-06-30",
    "symbol": "ROP",
    "reportedCurrency": "USD",
    "cik": "0000882835",
    "fillingDate": "2016-08-05",
    "acceptedDate": "2016-08-05 14:41:12",
    "calendarYear": "2016",
    "period": "Q2",
    "revenue": 931558000,
    "costOfRevenue": 364038000,
    "grossProfit": 567520000,
    "grossProfitRatio": 0.6092159586,
    "researchAndDevelopmentExpenses": 0,
    "generalAndAdministrativeExpenses": 314442000,
    "sellingAndMarketingExpenses": 0,
    "sellingGeneralAndAdministrativeExpenses": 314442000,
    "otherExpenses": -1334000,
    "operatingExpenses": 314442000,
    "costAndExpenses": 678480000,
    "interestIncome": 0,
    "interestExpense": 26863000,
    "depreciationAndAmortization": 59520000,
    "ebitda": 312598000,
    "ebitdaratio": 0.3355647206,
    "operatingIncome": 253078000,
    "operatingIncomeRatio": 0.2716717585,
    "totalOtherIncomeExpensesNet": -28197000,
    "incomeBeforeTax": 224881000,
    "incomeBeforeTaxRatio": 0.2414031118,
    "incomeTaxExpense": 66812000,
    "netIncome": 158069000,
    "netIncomeRatio": 0.169682403,
    "eps": 1.56,
    "epsdiluted": 1.54,
    "weightedAverageShsOut": 101249000,
    "weightedAverageShsOutDil": 102466000,
    "link": "https://www.sec.gov/Archives/edgar/data/882835/000088283516000046/0000882835-16-000046-index.htm",
    "finalLink": "https://www.sec.gov/Archives/edgar/data/882835/000088283516000046/q2-16_10q.htm"
  },
  {
    "date": "2016-03-31",
    "symbol": "ROP",
    "reportedCurrency": "USD",
    "cik": "0000882835",
    "fillingDate": "2016-05-06",
    "acceptedDate": "2016-05-06 15:17:38",
    "calendarYear": "2016",
    "period": "Q1",
    "revenue": 902423000,
    "costOfRevenue": 342904000,
    "grossProfit": 559519000,
    "grossProfitRatio": 0.6200185501,
    "researchAndDevelopmentExpenses": 0,
    "generalAndAdministrativeExpenses": 314528000,
    "sellingAndMarketingExpenses": 0,
    "sellingGeneralAndAdministrativeExpenses": 314528000,
    "otherExpenses": -129000,
    "operatingExpenses": 314528000,
    "costAndExpenses": 657432000,
    "interestIncome": 0,
    "interestExpense": 27413000,
    "depreciationAndAmortization": 59251000,
    "ebitda": 304242000,
    "ebitdaratio": 0.3371390135,
    "operatingIncome": 244991000,
    "operatingIncomeRatio": 0.2714813341,
    "totalOtherIncomeExpensesNet": -27542000,
    "incomeBeforeTax": 217449000,
    "incomeBeforeTaxRatio": 0.2409612787,
    "incomeTaxExpense": 66033000,
    "netIncome": 151416000,
    "netIncomeRatio": 0.1677882767,
    "eps": 1.5,
    "epsdiluted": 1.48,
    "weightedAverageShsOut": 101071000,
    "weightedAverageShsOutDil": 102318000,
    "link": "https://www.sec.gov/Archives/edgar/data/882835/000088283516000042/0000882835-16-000042-index.htm",
    "finalLink": "https://www.sec.gov/Archives/edgar/data/882835/000088283516000042/q1-16_10q.htm"
  },
  {
    "date": "2015-12-31",
    "symbol": "ROP",
    "reportedCurrency": "USD",
    "cik": "0000882835",
    "fillingDate": "2016-02-26",
    "acceptedDate": "2016-02-26 14:09:27",
    "calendarYear": "2015",
    "period": "Q4",
    "revenue": 943640000,
    "costOfRevenue": 364549000,
    "grossProfit": 579091000,
    "grossProfitRatio": 0.6136778856,
    "researchAndDevelopmentExpenses": 164200000,
    "generalAndAdministrativeExpenses": 300414000,
    "sellingAndMarketingExpenses": 0,
    "sellingGeneralAndAdministrativeExpenses": 300414000,
    "otherExpenses": 60600000,
    "operatingExpenses": 300414000,
    "costAndExpenses": 664963000,
    "interestIncome": 0,
    "interestExpense": 23843000,
    "depreciationAndAmortization": 56041000,
    "ebitda": 340618000,
    "ebitdaratio": 0.3609618075,
    "operatingIncome": 278677000,
    "operatingIncomeRatio": 0.295321309,
    "totalOtherIncomeExpensesNet": 36757000,
    "incomeBeforeTax": 315434000,
    "incomeBeforeTaxRatio": 0.3342736637,
    "incomeTaxExpense": 106837000,
    "netIncome": 208597000,
    "netIncomeRatio": 0.2210556992,
    "eps": 2.07,
    "epsdiluted": 2.05,
    "weightedAverageShsOut": 100829000,
    "weightedAverageShsOutDil": 101833000,
    "link": "https://www.sec.gov/Archives/edgar/data/882835/000088283516000035/0000882835-16-000035-index.htm",
    "finalLink": "https://www.sec.gov/Archives/edgar/data/882835/000088283516000035/cy2015_10-k.htm"
  },
  {
    "date": "2015-09-30",
    "symbol": "ROP",
    "reportedCurrency": "USD",
    "cik": "0000882835",
    "fillingDate": "2015-11-03",
    "acceptedDate": "2015-11-03 09:45:22",
    "calendarYear": "2015",
    "period": "Q3",
    "revenue": 883933000,
    "costOfRevenue": 350450000,
    "grossProfit": 533483000,
    "grossProfitRatio": 0.6035332995,
    "researchAndDevelopmentExpenses": 0,
    "generalAndAdministrativeExpenses": 283112000,
    "sellingAndMarketingExpenses": 0,
    "sellingGeneralAndAdministrativeExpenses": 283112000,
    "otherExpenses": 251000,
    "operatingExpenses": 283112000,
    "costAndExpenses": 633562000,
    "interestIncome": 0,
    "interestExpense": 20369000,
    "depreciationAndAmortization": 50045000,
    "ebitda": 300416000,
    "ebitdaratio": 0.3398628629,
    "operatingIncome": 250371000,
    "operatingIncomeRatio": 0.2832465809,
    "totalOtherIncomeExpensesNet": -20118000,
    "incomeBeforeTax": 230253000,
    "incomeBeforeTaxRatio": 0.2604869374,
    "incomeTaxExpense": 69836000,
    "netIncome": 160417000,
    "netIncomeRatio": 0.1814809493,
    "eps": 1.59,
    "epsdiluted": 1.58,
    "weightedAverageShsOut": 100681000,
    "weightedAverageShsOutDil": 101607000,
    "link": "https://www.sec.gov/Archives/edgar/data/882835/000088283515000025/0000882835-15-000025-index.htm",
    "finalLink": "https://www.sec.gov/Archives/edgar/data/882835/000088283515000025/q3-15_10q.htm"
  },
  {
    "date": "2015-06-30",
    "symbol": "ROP",
    "reportedCurrency": "USD",
    "cik": "0000882835",
    "fillingDate": "2015-08-06",
    "acceptedDate": "2015-08-06 09:06:27",
    "calendarYear": "2015",
    "period": "Q2",
    "revenue": 889541000,
    "costOfRevenue": 355630000,
    "grossProfit": 533911000,
    "grossProfitRatio": 0.6002095463,
    "researchAndDevelopmentExpenses": 0,
    "generalAndAdministrativeExpenses": 281937000,
    "sellingAndMarketingExpenses": 0,
    "sellingGeneralAndAdministrativeExpenses": 281937000,
    "otherExpenses": -1520000,
    "operatingExpenses": 281937000,
    "costAndExpenses": 637567000,
    "interestIncome": 0,
    "interestExpense": 20177000,
    "depreciationAndAmortization": 49867000,
    "ebitda": 301841000,
    "ebitdaratio": 0.3393221898,
    "operatingIncome": 251974000,
    "operatingIncomeRatio": 0.2832629412,
    "totalOtherIncomeExpensesNet": -21697000,
    "incomeBeforeTax": 230277000,
    "incomeBeforeTaxRatio": 0.2588717102,
    "incomeTaxExpense": 58997000,
    "netIncome": 171280000,
    "netIncomeRatio": 0.1925487414,
    "eps": 1.7,
    "epsdiluted": 1.69,
    "weightedAverageShsOut": 100573000,
    "weightedAverageShsOutDil": 101569000,
    "link": "https://www.sec.gov/Archives/edgar/data/882835/000088283515000019/0000882835-15-000019-index.htm",
    "finalLink": "https://www.sec.gov/Archives/edgar/data/882835/000088283515000019/q2-15_10q.htm"
  },
  {
    "date": "2015-03-31",
    "symbol": "ROP",
    "reportedCurrency": "USD",
    "cik": "0000882835",
    "fillingDate": "2015-05-06",
    "acceptedDate": "2015-05-06 11:19:41",
    "calendarYear": "2015",
    "period": "Q1",
    "revenue": 865281000,
    "costOfRevenue": 347120000,
    "grossProfit": 518161000,
    "grossProfitRatio": 0.5988355228,
    "researchAndDevelopmentExpenses": 0,
    "generalAndAdministrativeExpenses": 271265000,
    "sellingAndMarketingExpenses": 0,
    "sellingGeneralAndAdministrativeExpenses": 271265000,
    "otherExpenses": -679000,
    "operatingExpenses": 271265000,
    "costAndExpenses": 618385000,
    "interestIncome": 0,
    "interestExpense": 19836000,
    "depreciationAndAmortization": 48308000,
    "ebitda": 295204000,
    "ebitdaratio": 0.3411654711,
    "operatingIncome": 246896000,
    "operatingIncomeRatio": 0.2853362087,
    "totalOtherIncomeExpensesNet": -20515000,
    "incomeBeforeTax": 226381000,
    "incomeBeforeTaxRatio": 0.2616271477,
    "incomeTaxExpense": 70608000,
    "netIncome": 155773000,
    "netIncomeRatio": 0.1800259107,
    "eps": 1.55,
    "epsdiluted": 1.54,
    "weightedAverageShsOut": 100377000,
    "weightedAverageShsOutDil": 101361000,
    "link": "https://www.sec.gov/Archives/edgar/data/882835/000088283515000015/0000882835-15-000015-index.htm",
    "finalLink": "https://www.sec.gov/Archives/edgar/data/882835/000088283515000015/q1-15_10q.htm"
  },
  {
    "date": "2014-12-31",
    "symbol": "ROP",
    "reportedCurrency": "USD",
    "cik": "0000882835",
    "fillingDate": "2015-02-20",
    "acceptedDate": "2015-02-20 12:20:17",
    "calendarYear": "2014",
    "period": "Q4",
    "revenue": 946145000,
    "costOfRevenue": 380404000,
    "grossProfit": 565741000,
    "grossProfitRatio": 0.5979432328,
    "researchAndDevelopmentExpenses": 147900000,
    "generalAndAdministrativeExpenses": 281992000,
    "sellingAndMarketingExpenses": 0,
    "sellingGeneralAndAdministrativeExpenses": 281992000,
    "otherExpenses": -422000,
    "operatingExpenses": 281992000,
    "costAndExpenses": 662396000,
    "interestIncome": 0,
    "interestExpense": 19285000,
    "depreciationAndAmortization": 49663000,
    "ebitda": 336212000,
    "ebitdaratio": 0.3553493386,
    "operatingIncome": 283749000,
    "operatingIncomeRatio": 0.299900121,
    "totalOtherIncomeExpensesNet": -19707000,
    "incomeBeforeTax": 264042000,
    "incomeBeforeTaxRatio": 0.2790713897,
    "incomeTaxExpense": 78106000,
    "netIncome": 185936000,
    "netIncomeRatio": 0.196519561,
    "eps": 1.86,
    "epsdiluted": 1.84,
    "weightedAverageShsOut": 100151000,
    "weightedAverageShsOutDil": 101122000,
    "link": "https://www.sec.gov/Archives/edgar/data/882835/000088283515000009/0000882835-15-000009-index.htm",
    "finalLink": "https://www.sec.gov/Archives/edgar/data/882835/000088283515000009/cy2014_10-k.htm"
  },
  {
    "date": "2014-09-30",
    "symbol": "ROP",
    "reportedCurrency": "USD",
    "cik": "0000882835",
    "fillingDate": "2014-11-05",
    "acceptedDate": "2014-11-05 15:01:38",
    "calendarYear": "2014",
    "period": "Q3",
    "revenue": 884122000,
    "costOfRevenue": 360082000,
    "grossProfit": 524040000,
    "grossProfitRatio": 0.5927236286,
    "researchAndDevelopmentExpenses": 0,
    "generalAndAdministrativeExpenses": 278382000,
    "sellingAndMarketingExpenses": 0,
    "sellingGeneralAndAdministrativeExpenses": 278382000,
    "otherExpenses": 552000,
    "operatingExpenses": 278382000,
    "costAndExpenses": 638464000,
    "interestIncome": 0,
    "interestExpense": 20013000,
    "depreciationAndAmortization": 50037000,
    "ebitda": 295695000,
    "ebitdaratio": 0.3344504491,
    "operatingIncome": 245658000,
    "operatingIncomeRatio": 0.2778553186,
    "totalOtherIncomeExpensesNet": -19461000,
    "incomeBeforeTax": 226197000,
    "incomeBeforeTaxRatio": 0.2558436505,
    "incomeTaxExpense": 70687000,
    "netIncome": 155510000,
    "netIncomeRatio": 0.1758920149,
    "eps": 1.55,
    "epsdiluted": 1.54,
    "weightedAverageShsOut": 100068000,
    "weightedAverageShsOutDil": 101006000,
    "link": "https://www.sec.gov/Archives/edgar/data/882835/000088283514000029/0000882835-14-000029-index.htm",
    "finalLink": "https://www.sec.gov/Archives/edgar/data/882835/000088283514000029/q3-14_10q.htm"
  },
  {
    "date": "2014-06-30",
    "symbol": "ROP",
    "reportedCurrency": "USD",
    "cik": "0000882835",
    "fillingDate": "2014-08-06",
    "acceptedDate": "2014-08-06 09:35:08",
    "calendarYear": "2014",
    "period": "Q2",
    "revenue": 885175000,
    "costOfRevenue": 361993000,
    "grossProfit": 523182000,
    "grossProfitRatio": 0.5910492276,
    "researchAndDevelopmentExpenses": 0,
    "generalAndAdministrativeExpenses": 276516000,
    "sellingAndMarketingExpenses": 0,
    "sellingGeneralAndAdministrativeExpenses": 276516000,
    "otherExpenses": -930000,
    "operatingExpenses": 276516000,
    "costAndExpenses": 638509000,
    "interestIncome": 0,
    "interestExpense": 19512000,
    "depreciationAndAmortization": 48881000,
    "ebitda": 295547000,
    "ebitdaratio": 0.3338853899,
    "operatingIncome": 246666000,
    "operatingIncomeRatio": 0.2786635411,
    "totalOtherIncomeExpensesNet": -20442000,
    "incomeBeforeTax": 226224000,
    "incomeBeforeTaxRatio": 0.2555698026,
    "incomeTaxExpense": 68863000,
    "netIncome": 157361000,
    "netIncomeRatio": 0.1777738865,
    "eps": 1.58,
    "epsdiluted": 1.56,
    "weightedAverageShsOut": 99881000,
    "weightedAverageShsOutDil": 100823000,
    "link": "https://www.sec.gov/Archives/edgar/data/882835/000088283514000024/0000882835-14-000024-index.htm",
    "finalLink": "https://www.sec.gov/Archives/edgar/data/882835/000088283514000024/q2-14_10q.htm"
  },
  {
    "date": "2014-03-31",
    "symbol": "ROP",
    "reportedCurrency": "USD",
    "cik": "0000882835",
    "fillingDate": "2014-05-02",
    "acceptedDate": "2014-05-02 09:55:59",
    "calendarYear": "2014",
    "period": "Q1",
    "revenue": 834052000,
    "costOfRevenue": 345116000,
    "grossProfit": 488936000,
    "grossProfitRatio": 0.5862176459,
    "researchAndDevelopmentExpenses": 0,
    "generalAndAdministrativeExpenses": 265536000,
    "sellingAndMarketingExpenses": 0,
    "sellingGeneralAndAdministrativeExpenses": 265536000,
    "otherExpenses": 1420000,
    "operatingExpenses": 265536000,
    "costAndExpenses": 610652000,
    "interestIncome": 0,
    "interestExpense": 19827000,
    "depreciationAndAmortization": 48703000,
    "ebitda": 272103000,
    "ebitdaratio": 0.3262422487,
    "operatingIncome": 223400000,
    "operatingIncomeRatio": 0.267849007,
    "totalOtherIncomeExpensesNet": -18407000,
    "incomeBeforeTax": 204993000,
    "incomeBeforeTaxRatio": 0.2457796396,
    "incomeTaxExpense": 57767000,
    "netIncome": 147226000,
    "netIncomeRatio": 0.17651897,
    "eps": 1.48,
    "epsdiluted": 1.46,
    "weightedAverageShsOut": 99557000,
    "weightedAverageShsOutDil": 100572000,
    "link": "https://www.sec.gov/Archives/edgar/data/882835/000088283514000020/0000882835-14-000020-index.htm",
    "finalLink": "https://www.sec.gov/Archives/edgar/data/882835/000088283514000020/q1-14_10q.htm"
  },
  {
    "date": "2013-12-31",
    "symbol": "ROP",
    "reportedCurrency": "USD",
    "cik": "0000882835",
    "fillingDate": "2014-02-21",
    "acceptedDate": "2014-02-21 15:49:25",
    "calendarYear": "2013",
    "period": "Q4",
    "revenue": 889173000,
    "costOfRevenue": 355953000,
    "grossProfit": 533220000,
    "grossProfitRatio": 0.599680827,
    "researchAndDevelopmentExpenses": 145700000,
    "generalAndAdministrativeExpenses": 275131000,
    "sellingAndMarketingExpenses": 0,
    "sellingGeneralAndAdministrativeExpenses": 275131000,
    "otherExpenses": -645000,
    "operatingExpenses": 275131000,
    "costAndExpenses": 631084000,
    "interestIncome": 0,
    "interestExpense": 20115000,
    "depreciationAndAmortization": 49711000,
    "ebitda": 311100000,
    "ebitdaratio": 0.349875671,
    "operatingIncome": 258089000,
    "operatingIncomeRatio": 0.2902573515,
    "totalOtherIncomeExpensesNet": -20760000,
    "incomeBeforeTax": 237329000,
    "incomeBeforeTaxRatio": 0.266909814,
    "incomeTaxExpense": 71626000,
    "netIncome": 165703000,
    "netIncomeRatio": 0.1863563109,
    "eps": 1.67,
    "epsdiluted": 1.65,
    "weightedAverageShsOut": 99315000,
    "weightedAverageShsOutDil": 100380000,
    "link": "https://www.sec.gov/Archives/edgar/data/882835/000088283514000011/0000882835-14-000011-index.htm",
    "finalLink": "https://www.sec.gov/Archives/edgar/data/882835/000088283514000011/cy2013_10-k.htm"
  },
  {
    "date": "2013-09-30",
    "symbol": "ROP",
    "reportedCurrency": "USD",
    "cik": "0000882835",
    "fillingDate": "2013-11-08",
    "acceptedDate": "2013-11-08 14:44:55",
    "calendarYear": "2013",
    "period": "Q3",
    "revenue": 827810000,
    "costOfRevenue": 345185000,
    "grossProfit": 482625000,
    "grossProfitRatio": 0.5830142182,
    "researchAndDevelopmentExpenses": 0,
    "generalAndAdministrativeExpenses": 263276000,
    "sellingAndMarketingExpenses": 0,
    "sellingGeneralAndAdministrativeExpenses": 263276000,
    "otherExpenses": 409000,
    "operatingExpenses": 263276000,
    "costAndExpenses": 608461000,
    "interestIncome": 0,
    "interestExpense": 24705000,
    "depreciationAndAmortization": 48943000,
    "ebitda": 268701000,
    "ebitdaratio": 0.3245925998,
    "operatingIncome": 219349000,
    "operatingIncomeRatio": 0.2649750547,
    "totalOtherIncomeExpensesNet": -24296000,
    "incomeBeforeTax": 195053000,
    "incomeBeforeTaxRatio": 0.2356253247,
    "incomeTaxExpense": 58730000,
    "netIncome": 136323000,
    "netIncomeRatio": 0.164679093,
    "eps": 1.37,
    "epsdiluted": 1.36,
    "weightedAverageShsOut": 99207000,
    "weightedAverageShsOutDil": 100302000,
    "link": "https://www.sec.gov/Archives/edgar/data/882835/000088283513000050/0000882835-13-000050-index.htm",
    "finalLink": "https://www.sec.gov/Archives/edgar/data/882835/000088283513000050/q3_2013-10q.htm"
  },
  {
    "date": "2013-06-30",
    "symbol": "ROP",
    "reportedCurrency": "USD",
    "cik": "0000882835",
    "fillingDate": "2013-08-07",
    "acceptedDate": "2013-08-07 12:44:48",
    "calendarYear": "2013",
    "period": "Q2",
    "revenue": 784010000,
    "costOfRevenue": 338503000,
    "grossProfit": 445507000,
    "grossProfitRatio": 0.5682414765,
    "researchAndDevelopmentExpenses": 0,
    "generalAndAdministrativeExpenses": 265761000,
    "sellingAndMarketingExpenses": 0,
    "sellingGeneralAndAdministrativeExpenses": 265761000,
    "otherExpenses": 2536000,
    "operatingExpenses": 265761000,
    "costAndExpenses": 604264000,
    "interestIncome": 0,
    "interestExpense": 22361000,
    "depreciationAndAmortization": 47095000,
    "ebitda": 229377000,
    "ebitdaratio": 0.2925689723,
    "operatingIncome": 179746000,
    "operatingIncomeRatio": 0.2292649328,
    "totalOtherIncomeExpensesNet": -19825000,
    "incomeBeforeTax": 159921000,
    "incomeBeforeTaxRatio": 0.2039782656,
    "incomeTaxExpense": 48568000,
    "netIncome": 111353000,
    "netIncomeRatio": 0.1420300761,
    "eps": 1.12,
    "epsdiluted": 1.11,
    "weightedAverageShsOut": 99089000,
    "weightedAverageShsOutDil": 100162000,
    "link": "https://www.sec.gov/Archives/edgar/data/882835/000088283513000042/0000882835-13-000042-index.htm",
    "finalLink": "https://www.sec.gov/Archives/edgar/data/882835/000088283513000042/q2_10-q.htm"
  },
  {
    "date": "2013-03-31",
    "symbol": "ROP",
    "reportedCurrency": "USD",
    "cik": "0000882835",
    "fillingDate": "2013-05-09",
    "acceptedDate": "2013-05-09 11:32:50",
    "calendarYear": "2013",
    "period": "Q1",
    "revenue": 737135000,
    "costOfRevenue": 315559000,
    "grossProfit": 421576000,
    "grossProfitRatio": 0.5719115223,
    "researchAndDevelopmentExpenses": 0,
    "generalAndAdministrativeExpenses": 236399000,
    "sellingAndMarketingExpenses": 0,
    "sellingGeneralAndAdministrativeExpenses": 236399000,
    "otherExpenses": 0,
    "operatingExpenses": 236399000,
    "costAndExpenses": 551958000,
    "interestIncome": 0,
    "interestExpense": 20858000,
    "depreciationAndAmortization": 43441000,
    "ebitda": 226126000,
    "ebitdaratio": 0.3067633473,
    "operatingIncome": 185177000,
    "operatingIncomeRatio": 0.2512117862,
    "totalOtherIncomeExpensesNet": -23350000,
    "incomeBeforeTax": 161827000,
    "incomeBeforeTaxRatio": 0.2195350919,
    "incomeTaxExpense": 36913000,
    "netIncome": 124914000,
    "netIncomeRatio": 0.169458783,
    "eps": 1.26,
    "epsdiluted": 1.25,
    "weightedAverageShsOut": 98876000,
    "weightedAverageShsOutDil": 99986000,
    "link": "https://www.sec.gov/Archives/edgar/data/882835/000088283513000022/0000882835-13-000022-index.htm",
    "finalLink": "https://www.sec.gov/Archives/edgar/data/882835/000088283513000022/q1_2013-10q.htm"
  },
  {
    "date": "2012-12-31",
    "symbol": "ROP",
    "reportedCurrency": "USD",
    "cik": "0000882835",
    "fillingDate": "2013-02-25",
    "acceptedDate": "2013-02-25 17:30:07",
    "calendarYear": "2012",
    "period": "Q4",
    "revenue": 809910000,
    "costOfRevenue": 343549000,
    "grossProfit": 466361000,
    "grossProfitRatio": 0.5758183008,
    "researchAndDevelopmentExpenses": 0,
    "generalAndAdministrativeExpenses": 0,
    "sellingAndMarketingExpenses": 0,
    "sellingGeneralAndAdministrativeExpenses": 241119000,
    "otherExpenses": 106000,
    "operatingExpenses": 241119000,
    "costAndExpenses": 584668000,
    "interestIncome": 0,
    "interestExpense": 20509000,
    "depreciationAndAmortization": 43948000,
    "ebitda": 114548000,
    "ebitdaratio": 0.1414329987,
    "operatingIncome": 225242000,
    "operatingIncomeRatio": 0.278107444,
    "totalOtherIncomeExpensesNet": -20403000,
    "incomeBeforeTax": 204839000,
    "incomeBeforeTaxRatio": 0.2529157561,
    "incomeTaxExpense": 61309000,
    "netIncome": 143530000,
    "netIncomeRatio": 0.1772172217,
    "eps": 1.46,
    "epsdiluted": 1.44,
    "weightedAverageShsOut": 98422000,
    "weightedAverageShsOutDil": 99576000,
    "link": "https://www.sec.gov/Archives/edgar/data/882835/000088283513000008/0000882835-13-000008-index.htm",
    "finalLink": "https://www.sec.gov/Archives/edgar/data/882835/000088283513000008/roper10-k_2012.htm"
  },
  {
    "date": "2012-10-31",
    "symbol": "ROP",
    "reportedCurrency": "USD",
    "cik": "0000882835",
    "fillingDate": "2012-11-05",
    "acceptedDate": "2012-11-05 16:55:29",
    "calendarYear": "2012",
    "period": "Q3",
    "revenue": 747641000,
    "costOfRevenue": 331086000,
    "grossProfit": 416555000,
    "grossProfitRatio": 0.5571591178,
    "researchAndDevelopmentExpenses": 0,
    "generalAndAdministrativeExpenses": 0,
    "sellingAndMarketingExpenses": 0,
    "sellingGeneralAndAdministrativeExpenses": 233298000,
    "otherExpenses": -1380000,
    "operatingExpenses": 233298000,
    "costAndExpenses": 564384000,
    "interestIncome": 0,
    "interestExpense": 16456000,
    "depreciationAndAmortization": 39561000,
    "ebitda": 220395000,
    "ebitdaratio": 0.294787204,
    "operatingIncome": 183257000,
    "operatingIncomeRatio": 0.2451136307,
    "totalOtherIncomeExpensesNet": -18879000,
    "incomeBeforeTax": 164378000,
    "incomeBeforeTaxRatio": 0.2198622066,
    "incomeTaxExpense": 47670000,
    "netIncome": 116708000,
    "netIncomeRatio": 0.1561016584,
    "eps": 1.19,
    "epsdiluted": 1.17,
    "weightedAverageShsOut": 97876000,
    "weightedAverageShsOutDil": 99757000,
    "link": "https://www.sec.gov/Archives/edgar/data/882835/000088283512000048/0000882835-12-000048-index.htm",
    "finalLink": "https://www.sec.gov/Archives/edgar/data/882835/000088283512000048/q312_10-q.htm"
  },
  {
    "date": "2012-06-30",
    "symbol": "ROP",
    "reportedCurrency": "USD",
    "cik": "0000882835",
    "fillingDate": "2012-08-08",
    "acceptedDate": "2012-08-08 09:26:02",
    "calendarYear": "2012",
    "period": "Q2",
    "revenue": 724872000,
    "costOfRevenue": 327264000,
    "grossProfit": 397608000,
    "grossProfitRatio": 0.54852167,
    "researchAndDevelopmentExpenses": 0,
    "generalAndAdministrativeExpenses": 0,
    "sellingAndMarketingExpenses": 0,
    "sellingGeneralAndAdministrativeExpenses": 218824000,
    "otherExpenses": -574000,
    "operatingExpenses": 218824000,
    "costAndExpenses": 546088000,
    "interestIncome": 0,
    "interestExpense": 15077000,
    "depreciationAndAmortization": 35772000,
    "ebitda": 213982000,
    "ebitdaratio": 0.2951997042,
    "operatingIncome": 178784000,
    "operatingIncomeRatio": 0.2466421658,
    "totalOtherIncomeExpensesNet": -15651000,
    "incomeBeforeTax": 163133000,
    "incomeBeforeTaxRatio": 0.2250507676,
    "incomeTaxExpense": 48320000,
    "netIncome": 114813000,
    "netIncomeRatio": 0.1583907228,
    "eps": 1.18,
    "epsdiluted": 1.15,
    "weightedAverageShsOut": 97460000,
    "weightedAverageShsOutDil": 99619000,
    "link": "https://www.sec.gov/Archives/edgar/data/882835/000088283512000034/0000882835-12-000034-index.htm",
    "finalLink": "https://www.sec.gov/Archives/edgar/data/882835/000088283512000034/q2_2012-10q.htm"
  },
  {
    "date": "2012-03-31",
    "symbol": "ROP",
    "reportedCurrency": "USD",
    "cik": "0000882835",
    "fillingDate": "2012-05-07",
    "acceptedDate": "2012-05-07 15:37:38",
    "calendarYear": "2012",
    "period": "Q1",
    "revenue": 711066000,
    "costOfRevenue": 319873000,
    "grossProfit": 391193000,
    "grossProfitRatio": 0.5501500564,
    "researchAndDevelopmentExpenses": 0,
    "generalAndAdministrativeExpenses": 0,
    "sellingAndMarketingExpenses": 0,
    "sellingGeneralAndAdministrativeExpenses": 220889000,
    "otherExpenses": -490000,
    "operatingExpenses": 220889000,
    "costAndExpenses": 540762000,
    "interestIncome": 0,
    "interestExpense": 15483000,
    "depreciationAndAmortization": 35467000,
    "ebitda": 205281000,
    "ebitdaratio": 0.2886947203,
    "operatingIncome": 170304000,
    "operatingIncomeRatio": 0.2395051936,
    "totalOtherIncomeExpensesNet": -15973000,
    "incomeBeforeTax": 154331000,
    "incomeBeforeTaxRatio": 0.2170417373,
    "incomeTaxExpense": 46022000,
    "netIncome": 108309000,
    "netIncomeRatio": 0.152319194,
    "eps": 1.12,
    "epsdiluted": 1.09,
    "weightedAverageShsOut": 97039000,
    "weightedAverageShsOutDil": 99307000,
    "link": "https://www.sec.gov/Archives/edgar/data/882835/000088283512000022/0000882835-12-000022-index.htm",
    "finalLink": "https://www.sec.gov/Archives/edgar/data/882835/000088283512000022/q1_12-10q.htm"
  },
  {
    "date": "2011-12-31",
    "symbol": "ROP",
    "reportedCurrency": "USD",
    "cik": "0000882835",
    "fillingDate": "2012-02-24",
    "acceptedDate": "2012-02-24 10:50:00",
    "calendarYear": "2011",
    "period": "Q4",
    "revenue": 739204000,
    "costOfRevenue": 333355000,
    "grossProfit": 405849000,
    "grossProfitRatio": 0.5490351784,
    "researchAndDevelopmentExpenses": 0,
    "generalAndAdministrativeExpenses": 218495000,
    "sellingAndMarketingExpenses": 0,
    "sellingGeneralAndAdministrativeExpenses": 218495000,
    "otherExpenses": 0,
    "operatingExpenses": 218495000,
    "costAndExpenses": 551850000,
    "interestIncome": 0,
    "interestExpense": 15383000,
    "depreciationAndAmortization": 35418000,
    "ebitda": 214128000,
    "ebitdaratio": 0.2896737572,
    "operatingIncome": 187354000,
    "operatingIncomeRatio": 0.2534537151,
    "totalOtherIncomeExpensesNet": -15931000,
    "incomeBeforeTax": 171423000,
    "incomeBeforeTaxRatio": 0.2319021542,
    "incomeTaxExpense": 49747000,
    "netIncome": 121676000,
    "netIncomeRatio": 0.1646040876,
    "eps": 1.26,
    "epsdiluted": 1.23,
    "weightedAverageShsOut": 96455000,
    "weightedAverageShsOutDil": 98662000,
    "link": "https://www.sec.gov/Archives/edgar/data/882835/000088283512000013/0000882835-12-000013-index.htm",
    "finalLink": "https://www.sec.gov/Archives/edgar/data/882835/000088283512000013/cy2011_10-k.htm"
  },
  {
    "date": "2011-09-30",
    "symbol": "ROP",
    "reportedCurrency": "USD",
    "cik": "0000882835",
    "fillingDate": "2011-11-02",
    "acceptedDate": "2011-11-02 14:30:29",
    "calendarYear": "2011",
    "period": "Q3",
    "revenue": 712705000,
    "costOfRevenue": 330149000,
    "grossProfit": 382556000,
    "grossProfitRatio": 0.5367662637,
    "researchAndDevelopmentExpenses": 0,
    "generalAndAdministrativeExpenses": 215341000,
    "sellingAndMarketingExpenses": 0,
    "sellingGeneralAndAdministrativeExpenses": 215341000,
    "otherExpenses": 0,
    "operatingExpenses": 215341000,
    "costAndExpenses": 545490000,
    "interestIncome": 0,
    "interestExpense": 15373000,
    "depreciationAndAmortization": 35594000,
    "ebitda": 203499000,
    "ebitdaratio": 0.2855304789,
    "operatingIncome": 167215000,
    "operatingIncomeRatio": 0.2346202145,
    "totalOtherIncomeExpensesNet": -14683000,
    "incomeBeforeTax": 152532000,
    "incomeBeforeTaxRatio": 0.2140184228,
    "incomeTaxExpense": 42251000,
    "netIncome": 110281000,
    "netIncomeRatio": 0.1547358304,
    "eps": 1.15,
    "epsdiluted": 1.12,
    "weightedAverageShsOut": 96083000,
    "weightedAverageShsOutDil": 98308000,
    "link": "https://www.sec.gov/Archives/edgar/data/882835/000088283511000032/0000882835-11-000032-index.htm",
    "finalLink": "https://www.sec.gov/Archives/edgar/data/882835/000088283511000032/q3-2011_10q.htm"
  },
  {
    "date": "2011-06-30",
    "symbol": "ROP",
    "reportedCurrency": "USD",
    "cik": "0000882835",
    "fillingDate": "2011-08-08",
    "acceptedDate": "2011-08-08 08:50:44",
    "calendarYear": "2011",
    "period": "Q2",
    "revenue": 699871000,
    "costOfRevenue": 322808000,
    "grossProfit": 377063000,
    "grossProfitRatio": 0.5387607145,
    "researchAndDevelopmentExpenses": 0,
    "generalAndAdministrativeExpenses": 213093000,
    "sellingAndMarketingExpenses": 0,
    "sellingGeneralAndAdministrativeExpenses": 213093000,
    "otherExpenses": 0,
    "operatingExpenses": 213093000,
    "costAndExpenses": 535901000,
    "interestIncome": 0,
    "interestExpense": 16196000,
    "depreciationAndAmortization": 34821000,
    "ebitda": 206034000,
    "ebitdaratio": 0.2943885373,
    "operatingIncome": 163970000,
    "operatingIncomeRatio": 0.2342860327,
    "totalOtherIncomeExpensesNet": -8953000,
    "incomeBeforeTax": 155017000,
    "incomeBeforeTaxRatio": 0.2214936753,
    "incomeTaxExpense": 48706000,
    "netIncome": 106311000,
    "netIncomeRatio": 0.1519008503,
    "eps": 1.11,
    "epsdiluted": 1.08,
    "weightedAverageShsOut": 95911000,
    "weightedAverageShsOutDil": 98412000,
    "link": "https://www.sec.gov/Archives/edgar/data/882835/000088283511000024/0000882835-11-000024-index.htm",
    "finalLink": "https://www.sec.gov/Archives/edgar/data/882835/000088283511000024/q2_10q.htm"
  },
  {
    "date": "2011-03-31",
    "symbol": "ROP",
    "reportedCurrency": "USD",
    "cik": "0000882835",
    "fillingDate": "2011-05-05",
    "acceptedDate": "2011-05-05 16:12:43",
    "calendarYear": "2011",
    "period": "Q1",
    "revenue": 645309000,
    "costOfRevenue": 295213000,
    "grossProfit": 350096000,
    "grossProfitRatio": 0.542524589,
    "researchAndDevelopmentExpenses": 0,
    "generalAndAdministrativeExpenses": 208096000,
    "sellingAndMarketingExpenses": 0,
    "sellingGeneralAndAdministrativeExpenses": 208096000,
    "otherExpenses": 0,
    "operatingExpenses": 208096000,
    "costAndExpenses": 503309000,
    "interestIncome": 0,
    "interestExpense": 16696000,
    "depreciationAndAmortization": 34310000,
    "ebitda": 142000000,
    "ebitdaratio": 0.2200496196,
    "operatingIncome": 142000000,
    "operatingIncomeRatio": 0.2200496196,
    "totalOtherIncomeExpensesNet": -15985000,
    "incomeBeforeTax": 126015000,
    "incomeBeforeTaxRatio": 0.195278541,
    "incomeTaxExpense": 37036000,
    "netIncome": 88979000,
    "netIncomeRatio": 0.137885881,
    "eps": 0.93,
    "epsdiluted": 0.91,
    "weightedAverageShsOut": 95374000,
    "weightedAverageShsOutDil": 98153000,
    "link": "https://www.sec.gov/Archives/edgar/data/882835/000088283511000012/0000882835-11-000012-index.htm",
    "finalLink": "https://www.sec.gov/Archives/edgar/data/882835/000088283511000012/q1-2011_10q.htm"
  },
  {
    "date": "2010-12-31",
    "symbol": "ROP",
    "reportedCurrency": "USD",
    "cik": "0000882835",
    "fillingDate": "2011-02-25",
    "acceptedDate": "2011-02-25 17:21:39",
    "calendarYear": "2010",
    "period": "Q4",
    "revenue": 679479000,
    "costOfRevenue": 307614000,
    "grossProfit": 371865000,
    "grossProfitRatio": 0.5472796069,
    "researchAndDevelopmentExpenses": 0,
    "generalAndAdministrativeExpenses": 205707000,
    "sellingAndMarketingExpenses": 0,
    "sellingGeneralAndAdministrativeExpenses": 205707000,
    "otherExpenses": 0,
    "operatingExpenses": 205707000,
    "costAndExpenses": 513321000,
    "interestIncome": 0,
    "interestExpense": 16925000,
    "depreciationAndAmortization": 34320000,
    "ebitda": 76669000,
    "ebitdaratio": 0.1128349809,
    "operatingIncome": 166158000,
    "operatingIncomeRatio": 0.2445373588,
    "totalOtherIncomeExpensesNet": -17713000,
    "incomeBeforeTax": 148445000,
    "incomeBeforeTaxRatio": 0.2184688563,
    "incomeTaxExpense": 41134000,
    "netIncome": 107311000,
    "netIncomeRatio": 0.1579312974,
    "eps": 1.13,
    "epsdiluted": 1.13,
    "weightedAverageShsOut": 94830000,
    "weightedAverageShsOutDil": 95374000,
    "link": "https://www.sec.gov/Archives/edgar/data/882835/000088283511000004/0000882835-11-000004-index.htm",
    "finalLink": "https://www.sec.gov/Archives/edgar/data/882835/000088283511000004/cy2010.htm"
  },
  {
    "date": "2010-09-30",
    "symbol": "ROP",
    "reportedCurrency": "USD",
    "cik": "0000882835",
    "fillingDate": "2010-11-05",
    "acceptedDate": "2010-11-05 13:50:35",
    "calendarYear": "2010",
    "period": "Q3",
    "revenue": 605088000,
    "costOfRevenue": 283339000,
    "grossProfit": 321749000,
    "grossProfitRatio": 0.531739185,
    "researchAndDevelopmentExpenses": 0,
    "generalAndAdministrativeExpenses": 193516000,
    "sellingAndMarketingExpenses": 0,
    "sellingGeneralAndAdministrativeExpenses": 193516000,
    "otherExpenses": 0,
    "operatingExpenses": 193516000,
    "costAndExpenses": 476855000,
    "interestIncome": 0,
    "interestExpense": 17134000,
    "depreciationAndAmortization": 32251000,
    "ebitda": 163115000,
    "ebitdaratio": 0.2695723597,
    "operatingIncome": 128233000,
    "operatingIncomeRatio": 0.2119245465,
    "totalOtherIncomeExpensesNet": -14503000,
    "incomeBeforeTax": 113730000,
    "incomeBeforeTaxRatio": 0.187956132,
    "incomeTaxExpense": 29467000,
    "netIncome": 84263000,
    "netIncomeRatio": 0.1392574303,
    "eps": 0.89,
    "epsdiluted": 0.87,
    "weightedAverageShsOut": 94312000,
    "weightedAverageShsOutDil": 96671000,
    "link": "https://www.sec.gov/Archives/edgar/data/882835/000088283510000038/0000882835-10-000038-index.htm",
    "finalLink": "https://www.sec.gov/Archives/edgar/data/882835/000088283510000038/cy10q3_10q.htm"
  },
  {
    "date": "2010-06-30",
    "symbol": "ROP",
    "reportedCurrency": "USD",
    "cik": "0000882835",
    "fillingDate": "2010-08-06",
    "acceptedDate": "2010-08-06 15:47:02",
    "calendarYear": "2010",
    "period": "Q2",
    "revenue": 567104000,
    "costOfRevenue": 265157000,
    "grossProfit": 301947000,
    "grossProfitRatio": 0.5324367312,
    "researchAndDevelopmentExpenses": 0,
    "generalAndAdministrativeExpenses": 182760000,
    "sellingAndMarketingExpenses": 0,
    "sellingGeneralAndAdministrativeExpenses": 182760000,
    "otherExpenses": 0,
    "operatingExpenses": 182760000,
    "costAndExpenses": 447917000,
    "interestIncome": 0,
    "interestExpense": 16293000,
    "depreciationAndAmortization": 27946000,
    "ebitda": 145476000,
    "ebitdaratio": 0.2565243765,
    "operatingIncome": 119187000,
    "operatingIncomeRatio": 0.2101677999,
    "totalOtherIncomeExpensesNet": -17950000,
    "incomeBeforeTax": 101237000,
    "incomeBeforeTaxRatio": 0.1785157573,
    "incomeTaxExpense": 29956000,
    "netIncome": 71281000,
    "netIncomeRatio": 0.1256929946,
    "eps": 0.76,
    "epsdiluted": 0.74,
    "weightedAverageShsOut": 94011000,
    "weightedAverageShsOutDil": 96449000,
    "link": "https://www.sec.gov/Archives/edgar/data/882835/000088283510000027/0000882835-10-000027-index.htm",
    "finalLink": "https://www.sec.gov/Archives/edgar/data/882835/000088283510000027/cy10q2.htm"
  },
  {
    "date": "2010-03-31",
    "symbol": "ROP",
    "reportedCurrency": "USD",
    "cik": "0000882835",
    "fillingDate": "2010-05-07",
    "acceptedDate": "2010-05-07 13:34:17",
    "calendarYear": "2010",
    "period": "Q1",
    "revenue": 534441000,
    "costOfRevenue": 254876000,
    "grossProfit": 279565000,
    "grossProfitRatio": 0.5230979659,
    "researchAndDevelopmentExpenses": 0,
    "generalAndAdministrativeExpenses": 178849000,
    "sellingAndMarketingExpenses": 0,
    "sellingGeneralAndAdministrativeExpenses": 178849000,
    "otherExpenses": 0,
    "operatingExpenses": 178849000,
    "costAndExpenses": 433725000,
    "interestIncome": 0,
    "interestExpense": 16181000,
    "depreciationAndAmortization": 28504000,
    "ebitda": 129667000,
    "ebitdaratio": 0.24262173,
    "operatingIncome": 100716000,
    "operatingIncomeRatio": 0.1884511106,
    "totalOtherIncomeExpensesNet": -15734000,
    "incomeBeforeTax": 84982000,
    "incomeBeforeTaxRatio": 0.159011004,
    "incomeTaxExpense": 25257000,
    "netIncome": 59725000,
    "netIncomeRatio": 0.1117522795,
    "eps": 0.64,
    "epsdiluted": 0.62,
    "weightedAverageShsOut": 93810000,
    "weightedAverageShsOutDil": 96036000,
    "link": "https://www.sec.gov/Archives/edgar/data/882835/000088283510000015/0000882835-10-000015-index.htm",
    "finalLink": "https://www.sec.gov/Archives/edgar/data/882835/000088283510000015/q1_2010.htm"
  },
  {
    "date": "2009-12-31",
    "symbol": "ROP",
    "reportedCurrency": "USD",
    "cik": "0000882835",
    "fillingDate": "2010-02-26",
    "acceptedDate": "2010-02-26 16:27:31",
    "calendarYear": "2009",
    "period": "Q4",
    "revenue": 553638000,
    "costOfRevenue": 262226000,
    "grossProfit": 291412000,
    "grossProfitRatio": 0.5263583786,
    "researchAndDevelopmentExpenses": 0,
    "generalAndAdministrativeExpenses": 170644000,
    "sellingAndMarketingExpenses": 0,
    "sellingGeneralAndAdministrativeExpenses": 170644000,
    "otherExpenses": 0,
    "operatingExpenses": 170644000,
    "costAndExpenses": 432870000,
    "interestIncome": 0,
    "interestExpense": 16836000,
    "depreciationAndAmortization": 26340000,
    "ebitda": 43659000,
    "ebitdaratio": 0.0788583876,
    "operatingIncome": 120768000,
    "operatingIncomeRatio": 0.2181353159,
    "totalOtherIncomeExpensesNet": -16837000,
    "incomeBeforeTax": 103931000,
    "incomeBeforeTaxRatio": 0.1877237473,
    "incomeTaxExpense": 32007000,
    "netIncome": 71924000,
    "netIncomeRatio": 0.1299116029,
    "eps": 0.77,
    "epsdiluted": 0.77,
    "weightedAverageShsOut": 91162000,
    "weightedAverageShsOutDil": 93810000,
    "link": "https://www.sec.gov/Archives/edgar/data/882835/000088283510000009/0000882835-10-000009-index.htm",
    "finalLink": "https://www.sec.gov/Archives/edgar/data/882835/000088283510000009/cy2009_10-k.htm"
  },
  {
    "date": "2009-09-30",
    "symbol": "ROP",
    "reportedCurrency": "USD",
    "cik": "0000882835",
    "fillingDate": "2009-11-02",
    "acceptedDate": "2009-11-02 15:54:54",
    "calendarYear": "2009",
    "period": "Q3",
    "revenue": 485676000,
    "costOfRevenue": 240156000,
    "grossProfit": 245520000,
    "grossProfitRatio": 0.5055222,
    "researchAndDevelopmentExpenses": 0,
    "generalAndAdministrativeExpenses": 153648000,
    "sellingAndMarketingExpenses": 0,
    "sellingGeneralAndAdministrativeExpenses": 153648000,
    "otherExpenses": 0,
    "operatingExpenses": 153648000,
    "costAndExpenses": 393804000,
    "interestIncome": 0,
    "interestExpense": 14437000,
    "depreciationAndAmortization": 25280000,
    "ebitda": 117257000,
    "ebitdaratio": 0.241430501,
    "operatingIncome": 91872000,
    "operatingIncomeRatio": 0.1891631458,
    "totalOtherIncomeExpensesNet": -14332000,
    "incomeBeforeTax": 77540000,
    "incomeBeforeTaxRatio": 0.1596537609,
    "incomeTaxExpense": 21130000,
    "netIncome": 56410000,
    "netIncomeRatio": 0.1161473904,
    "eps": 0.62,
    "epsdiluted": 0.61,
    "weightedAverageShsOut": 90877000,
    "weightedAverageShsOutDil": 92908000,
    "link": "https://www.sec.gov/Archives/edgar/data/882835/000088283509000045/0000882835-09-000045-index.htm",
    "finalLink": "https://www.sec.gov/Archives/edgar/data/882835/000088283509000045/q3_10k.htm"
  },
  {
    "date": "2009-06-30",
    "symbol": "ROP",
    "reportedCurrency": "USD",
    "cik": "0000882835",
    "fillingDate": "2009-08-04",
    "acceptedDate": "2009-08-04 15:22:54",
    "calendarYear": "2009",
    "period": "Q2",
    "revenue": 504910000,
    "costOfRevenue": 249840000,
    "grossProfit": 255070000,
    "grossProfitRatio": 0.5051791408,
    "researchAndDevelopmentExpenses": 0,
    "generalAndAdministrativeExpenses": 159106000,
    "sellingAndMarketingExpenses": 0,
    "sellingGeneralAndAdministrativeExpenses": 159106000,
    "otherExpenses": 0,
    "operatingExpenses": 159106000,
    "costAndExpenses": 408946000,
    "interestIncome": 0,
    "interestExpense": 13762000,
    "depreciationAndAmortization": 25602000,
    "ebitda": 124734000,
    "ebitdaratio": 0.2470420471,
    "operatingIncome": 95964000,
    "operatingIncomeRatio": 0.1900615951,
    "totalOtherIncomeExpensesNet": -10594000,
    "incomeBeforeTax": 85370000,
    "incomeBeforeTaxRatio": 0.169079638,
    "incomeTaxExpense": 25782000,
    "netIncome": 59588000,
    "netIncomeRatio": 0.1180170723,
    "eps": 0.66,
    "epsdiluted": 0.64,
    "weightedAverageShsOut": 90562000,
    "weightedAverageShsOutDil": 92712000,
    "link": "https://www.sec.gov/Archives/edgar/data/882835/000088283509000027/0000882835-09-000027-index.htm",
    "finalLink": "https://www.sec.gov/Archives/edgar/data/882835/000088283509000027/q209-10q.htm"
  },
  {
    "date": "2009-03-31",
    "symbol": "ROP",
    "reportedCurrency": "USD",
    "cik": "0000882835",
    "fillingDate": "2009-05-07",
    "acceptedDate": "2009-05-07 16:26:04",
    "calendarYear": "2009",
    "period": "Q1",
    "revenue": 505444000,
    "costOfRevenue": 254308000,
    "grossProfit": 251136000,
    "grossProfitRatio": 0.4968621648,
    "researchAndDevelopmentExpenses": 0,
    "generalAndAdministrativeExpenses": 164344000,
    "sellingAndMarketingExpenses": 0,
    "sellingGeneralAndAdministrativeExpenses": 164344000,
    "otherExpenses": 0,
    "operatingExpenses": 164344000,
    "costAndExpenses": 418652000,
    "interestIncome": 0,
    "interestExpense": 13509000,
    "depreciationAndAmortization": 26226000,
    "ebitda": 112662000,
    "ebitdaratio": 0.2228970964,
    "operatingIncome": 86792000,
    "operatingIncomeRatio": 0.1717143739,
    "totalOtherIncomeExpensesNet": -13865000,
    "incomeBeforeTax": 72927000,
    "incomeBeforeTaxRatio": 0.1442830462,
    "incomeTaxExpense": 21368000,
    "netIncome": 51559000,
    "netIncomeRatio": 0.102007344,
    "eps": 0.57,
    "epsdiluted": 0.56,
    "weightedAverageShsOut": 90132000,
    "weightedAverageShsOutDil": 92302000,
    "link": "https://www.sec.gov/Archives/edgar/data/882835/000088283509000010/0000882835-09-000010-index.htm",
    "finalLink": "https://www.sec.gov/Archives/edgar/data/882835/000088283509000010/q10910-q.htm"
  },
  {
    "date": "2008-12-31",
    "symbol": "ROP",
    "reportedCurrency": "USD",
    "cik": "0000882835",
    "fillingDate": "2009-03-02",
    "acceptedDate": "2009-03-02 06:07:43",
    "calendarYear": "2008",
    "period": "Q4",
    "revenue": 575862000,
    "costOfRevenue": 278054000,
    "grossProfit": 297808000,
    "grossProfitRatio": 0.5171516787,
    "researchAndDevelopmentExpenses": 0,
    "generalAndAdministrativeExpenses": 178753000,
    "sellingAndMarketingExpenses": 0,
    "sellingGeneralAndAdministrativeExpenses": 178753000,
    "otherExpenses": 0,
    "operatingExpenses": 178753000,
    "costAndExpenses": 456807000,
    "interestIncome": 0,
    "interestExpense": 9983000,
    "depreciationAndAmortization": 27745000,
    "ebitda": 150274000,
    "ebitdaratio": 0.2609548816,
    "operatingIncome": 119055000,
    "operatingIncomeRatio": 0.2067422403,
    "totalOtherIncomeExpensesNet": -11678000,
    "incomeBeforeTax": 107377000,
    "incomeBeforeTaxRatio": 0.1864630762,
    "incomeTaxExpense": 35316000,
    "netIncome": 72061000,
    "netIncomeRatio": 0.1251358832,
    "eps": 0.8,
    "epsdiluted": 0.8,
    "weightedAverageShsOut": 89729000,
    "weightedAverageShsOutDil": 90132000,
    "link": "https://www.sec.gov/Archives/edgar/data/882835/000088283509000004/0000882835-09-000004-index.htm",
    "finalLink": "https://www.sec.gov/Archives/edgar/data/882835/000088283509000004/fy2008_10-k.htm"
  },
  {
    "date": "2008-09-30",
    "symbol": "ROP",
    "reportedCurrency": "USD",
    "cik": "0000882835",
    "fillingDate": "2008-11-07",
    "acceptedDate": "2008-11-07 14:43:31",
    "calendarYear": "2008",
    "period": "Q3",
    "revenue": 593100000,
    "costOfRevenue": 284340000,
    "grossProfit": 308760000,
    "grossProfitRatio": 0.5205867476,
    "researchAndDevelopmentExpenses": 0,
    "generalAndAdministrativeExpenses": 176461000,
    "sellingAndMarketingExpenses": 0,
    "sellingGeneralAndAdministrativeExpenses": 176461000,
    "otherExpenses": 0,
    "operatingExpenses": 176461000,
    "costAndExpenses": 460801000,
    "interestIncome": 0,
    "interestExpense": 19994000,
    "depreciationAndAmortization": 26591000,
    "ebitda": 161726000,
    "ebitdaratio": 0.2726791435,
    "operatingIncome": 132299000,
    "operatingIncomeRatio": 0.2230635643,
    "totalOtherIncomeExpensesNet": -18958000,
    "incomeBeforeTax": 115141000,
    "incomeBeforeTaxRatio": 0.1941342101,
    "incomeTaxExpense": 39942000,
    "netIncome": 74029000,
    "netIncomeRatio": 0.1248170629,
    "eps": 0.83,
    "epsdiluted": 0.79,
    "weightedAverageShsOut": 89629000,
    "weightedAverageShsOutDil": 94251000,
    "link": "https://www.sec.gov/Archives/edgar/data/882835/000088283508000026/0000882835-08-000026-index.htm",
    "finalLink": "https://www.sec.gov/Archives/edgar/data/882835/000088283508000026/cy08q3.htm"
  },
  {
    "date": "2008-06-30",
    "symbol": "ROP",
    "reportedCurrency": "USD",
    "cik": "0000882835",
    "fillingDate": "2008-07-25",
    "acceptedDate": "2008-07-25 14:23:30",
    "calendarYear": "2008",
    "period": "Q2",
    "revenue": 594414000,
    "costOfRevenue": 289084000,
    "grossProfit": 305330000,
    "grossProfitRatio": 0.5136655597,
    "researchAndDevelopmentExpenses": 0,
    "generalAndAdministrativeExpenses": 178789000,
    "sellingAndMarketingExpenses": 0,
    "sellingGeneralAndAdministrativeExpenses": 178789000,
    "otherExpenses": 0,
    "operatingExpenses": 178789000,
    "costAndExpenses": 467873000,
    "interestIncome": 0,
    "interestExpense": 11558000,
    "depreciationAndAmortization": 25251000,
    "ebitda": 126541000,
    "ebitdaratio": 0.2128836131,
    "operatingIncome": 126541000,
    "operatingIncomeRatio": 0.2128836131,
    "totalOtherIncomeExpensesNet": -10922000,
    "incomeBeforeTax": 115619000,
    "incomeBeforeTaxRatio": 0.1945092141,
    "incomeTaxExpense": 39946000,
    "netIncome": 75673000,
    "netIncomeRatio": 0.1273068938,
    "eps": 0.85,
    "epsdiluted": 0.8,
    "weightedAverageShsOut": 89476000,
    "weightedAverageShsOutDil": 94398000,
    "link": "https://www.sec.gov/Archives/edgar/data/882835/000088283508000018/0000882835-08-000018-index.htm",
    "finalLink": "https://www.sec.gov/Archives/edgar/data/882835/000088283508000018/cy08q2.htm"
  },
  {
    "date": "2008-03-31",
    "symbol": "ROP",
    "reportedCurrency": "USD",
    "cik": "0000882835",
    "fillingDate": "2008-05-12",
    "acceptedDate": "2008-05-12 14:55:24",
    "calendarYear": "2008",
    "period": "Q1",
    "revenue": 542995000,
    "costOfRevenue": 266605000,
    "grossProfit": 276390000,
    "grossProfitRatio": 0.5090102119,
    "researchAndDevelopmentExpenses": 0,
    "generalAndAdministrativeExpenses": 168124000,
    "sellingAndMarketingExpenses": 0,
    "sellingGeneralAndAdministrativeExpenses": 168124000,
    "otherExpenses": 0,
    "operatingExpenses": 168124000,
    "costAndExpenses": 434729000,
    "interestIncome": 0,
    "interestExpense": 8671000,
    "depreciationAndAmortization": 23521000,
    "ebitda": 108266000,
    "ebitdaratio": 0.1993867347,
    "operatingIncome": 108266000,
    "operatingIncomeRatio": 0.1993867347,
    "totalOtherIncomeExpensesNet": -10448000,
    "incomeBeforeTax": 97818000,
    "incomeBeforeTaxRatio": 0.1801453052,
    "incomeTaxExpense": 34236000,
    "netIncome": 63582000,
    "netIncomeRatio": 0.1170950009,
    "eps": 0.71,
    "epsdiluted": 0.68,
    "weightedAverageShsOut": 89037000,
    "weightedAverageShsOutDil": 93447000,
    "link": "https://www.sec.gov/Archives/edgar/data/882835/000088283508000012/0000882835-08-000012-index.htm",
    "finalLink": "https://www.sec.gov/Archives/edgar/data/882835/000088283508000012/cy08q1a.htm"
  },
  {
    "date": "2007-12-31",
    "symbol": "ROP",
    "reportedCurrency": "USD",
    "cik": "0000882835",
    "fillingDate": "2008-02-29",
    "acceptedDate": "2008-02-29 12:51:09",
    "calendarYear": "2007",
    "period": "Q4",
    "revenue": 560084000,
    "costOfRevenue": 274011000,
    "grossProfit": 286073000,
    "grossProfitRatio": 0.5107680277,
    "researchAndDevelopmentExpenses": 0,
    "generalAndAdministrativeExpenses": 162264000,
    "sellingAndMarketingExpenses": 0,
    "sellingGeneralAndAdministrativeExpenses": 162264000,
    "otherExpenses": 1000000,
    "operatingExpenses": 163264000,
    "costAndExpenses": 437275000,
    "interestIncome": 0,
    "interestExpense": 12474000,
    "depreciationAndAmortization": 22977000,
    "ebitda": 145786000,
    "ebitdaratio": 0.2602930989,
    "operatingIncome": 123809000,
    "operatingIncomeRatio": 0.2210543418,
    "totalOtherIncomeExpensesNet": -12856000,
    "incomeBeforeTax": 110953000,
    "incomeBeforeTaxRatio": 0.198100642,
    "incomeTaxExpense": 38723000,
    "netIncome": 72230000,
    "netIncomeRatio": 0.1289627984,
    "eps": 0.81,
    "epsdiluted": 0.81,
    "weightedAverageShsOut": 88702000,
    "weightedAverageShsOutDil": 89037000,
    "link": "https://www.sec.gov/Archives/edgar/data/882835/000088283508000008/0000882835-08-000008-index.htm",
    "finalLink": "https://www.sec.gov/Archives/edgar/data/882835/000088283508000008/ye2007.htm"
  },
  {
    "date": "2007-09-30",
    "symbol": "ROP",
    "reportedCurrency": "USD",
    "cik": "0000882835",
    "fillingDate": "2007-11-09",
    "acceptedDate": "2007-11-09 13:18:23",
    "calendarYear": "2007",
    "period": "Q3",
    "revenue": 532902000,
    "costOfRevenue": 261123000,
    "grossProfit": 271779000,
    "grossProfitRatio": 0.509998086,
    "researchAndDevelopmentExpenses": 0,
    "generalAndAdministrativeExpenses": 158041000,
    "sellingAndMarketingExpenses": 0,
    "sellingGeneralAndAdministrativeExpenses": 158041000,
    "otherExpenses": 0,
    "operatingExpenses": 158041000,
    "costAndExpenses": 419164000,
    "interestIncome": 0,
    "interestExpense": 13927000,
    "depreciationAndAmortization": 23931000,
    "ebitda": 113738000,
    "ebitdaratio": 0.2134313626,
    "operatingIncome": 113738000,
    "operatingIncomeRatio": 0.2134313626,
    "totalOtherIncomeExpensesNet": -13523000,
    "incomeBeforeTax": 100215000,
    "incomeBeforeTaxRatio": 0.1880552147,
    "incomeTaxExpense": 35075000,
    "netIncome": 65140000,
    "netIncomeRatio": 0.1222363587,
    "eps": 0.74,
    "epsdiluted": 0.7,
    "weightedAverageShsOut": 88575000,
    "weightedAverageShsOutDil": 93559000,
    "link": "https://www.sec.gov/Archives/edgar/data/882835/000088283507000026/0000882835-07-000026-index.htm",
    "finalLink": "https://www.sec.gov/Archives/edgar/data/882835/000088283507000026/q307.htm"
  },
  {
    "date": "2007-06-30",
    "symbol": "ROP",
    "reportedCurrency": "USD",
    "cik": "0000882835",
    "fillingDate": "2007-08-09",
    "acceptedDate": "2007-08-09 13:13:48",
    "calendarYear": "2007",
    "period": "Q2",
    "revenue": 530636000,
    "costOfRevenue": 268241000,
    "grossProfit": 262395000,
    "grossProfitRatio": 0.4944915158,
    "researchAndDevelopmentExpenses": 0,
    "generalAndAdministrativeExpenses": 154439000,
    "sellingAndMarketingExpenses": 0,
    "sellingGeneralAndAdministrativeExpenses": 154439000,
    "otherExpenses": 0,
    "operatingExpenses": 154439000,
    "costAndExpenses": 422680000,
    "interestIncome": 0,
    "interestExpense": 15826000,
    "depreciationAndAmortization": 23645000,
    "ebitda": 107956000,
    "ebitdaratio": 0.2034464303,
    "operatingIncome": 107956000,
    "operatingIncomeRatio": 0.2034464303,
    "totalOtherIncomeExpensesNet": -14596000,
    "incomeBeforeTax": 93360000,
    "incomeBeforeTaxRatio": 0.1759398156,
    "incomeTaxExpense": 32131000,
    "netIncome": 61229000,
    "netIncomeRatio": 0.1153879496,
    "eps": 0.69,
    "epsdiluted": 0.66,
    "weightedAverageShsOut": 88359000,
    "weightedAverageShsOutDil": 92915000,
    "link": "https://www.sec.gov/Archives/edgar/data/882835/000088283507000018/0000882835-07-000018-index.htm",
    "finalLink": "https://www.sec.gov/Archives/edgar/data/882835/000088283507000018/cy07q2.htm"
  },
  {
    "date": "2007-03-31",
    "symbol": "ROP",
    "reportedCurrency": "USD",
    "cik": "0000882835",
    "fillingDate": "2007-05-10",
    "acceptedDate": "2007-05-10 15:11:21",
    "calendarYear": "2007",
    "period": "Q1",
    "revenue": 478427000,
    "costOfRevenue": 240279000,
    "grossProfit": 238148000,
    "grossProfitRatio": 0.49777291,
    "researchAndDevelopmentExpenses": 0,
    "generalAndAdministrativeExpenses": 145297000,
    "sellingAndMarketingExpenses": 0,
    "sellingGeneralAndAdministrativeExpenses": 145297000,
    "otherExpenses": 0,
    "operatingExpenses": 145297000,
    "costAndExpenses": 385576000,
    "interestIncome": 0,
    "interestExpense": 13972000,
    "depreciationAndAmortization": 22627000,
    "ebitda": 92851000,
    "ebitdaratio": 0.1940755852,
    "operatingIncome": 92851000,
    "operatingIncomeRatio": 0.1940755852,
    "totalOtherIncomeExpensesNet": -13722000,
    "incomeBeforeTax": 79129000,
    "incomeBeforeTaxRatio": 0.1653940936,
    "incomeTaxExpense": 27695000,
    "netIncome": 51434000,
    "netIncomeRatio": 0.1075064743,
    "eps": 0.59,
    "epsdiluted": 0.56,
    "weightedAverageShsOut": 87918000,
    "weightedAverageShsOutDil": 92300000,
    "link": "https://www.sec.gov/Archives/edgar/data/882835/000088283507000009/0000882835-07-000009-index.htm",
    "finalLink": "https://www.sec.gov/Archives/edgar/data/882835/000088283507000009/cy07-q1.htm"
  },
  {
    "date": "2006-12-31",
    "symbol": "ROP",
    "reportedCurrency": "USD",
    "cik": "0000882835",
    "fillingDate": "2007-03-01",
    "acceptedDate": "2007-03-01 16:25:29",
    "calendarYear": "2006",
    "period": "Q4",
    "revenue": 465484000,
    "costOfRevenue": 229689000,
    "grossProfit": 235795000,
    "grossProfitRatio": 0.5065587646,
    "researchAndDevelopmentExpenses": 0,
    "generalAndAdministrativeExpenses": 138530000,
    "sellingAndMarketingExpenses": 0,
    "sellingGeneralAndAdministrativeExpenses": 138530000,
    "otherExpenses": 0,
    "operatingExpenses": 138530000,
    "costAndExpenses": 368219000,
    "interestIncome": 0,
    "interestExpense": 11799000,
    "depreciationAndAmortization": 21718000,
    "ebitda": 118983000,
    "ebitdaratio": 0.2556113637,
    "operatingIncome": 97265000,
    "operatingIncomeRatio": 0.2089545505,
    "totalOtherIncomeExpensesNet": -11711000,
    "incomeBeforeTax": 85554000,
    "incomeBeforeTaxRatio": 0.183795791,
    "incomeTaxExpense": 28823000,
    "netIncome": 56731000,
    "netIncomeRatio": 0.1218752954,
    "eps": 0.65,
    "epsdiluted": 0.65,
    "weightedAverageShsOut": 87331000,
    "weightedAverageShsOutDil": 87918000,
    "link": "https://www.sec.gov/Archives/edgar/data/882835/000088283507000005/0000882835-07-000005-index.htm",
    "finalLink": "https://www.sec.gov/Archives/edgar/data/882835/000088283507000005/cy2006_10-k.htm"
  },
  {
    "date": "2006-09-30",
    "symbol": "ROP",
    "reportedCurrency": "USD",
    "cik": "0000882835",
    "fillingDate": "2006-11-09",
    "acceptedDate": "2006-11-09 11:09:26",
    "calendarYear": "2006",
    "period": "Q3",
    "revenue": 427217000,
    "costOfRevenue": 208967000,
    "grossProfit": 218250000,
    "grossProfitRatio": 0.5108645021,
    "researchAndDevelopmentExpenses": 0,
    "generalAndAdministrativeExpenses": 130730000,
    "sellingAndMarketingExpenses": 0,
    "sellingGeneralAndAdministrativeExpenses": 130730000,
    "otherExpenses": 0,
    "operatingExpenses": 130730000,
    "costAndExpenses": 339697000,
    "interestIncome": 0,
    "interestExpense": 10532000,
    "depreciationAndAmortization": 20863000,
    "ebitda": 87520000,
    "ebitdaratio": 0.2048607616,
    "operatingIncome": 87520000,
    "operatingIncomeRatio": 0.2048607616,
    "totalOtherIncomeExpensesNet": -10799000,
    "incomeBeforeTax": 76721000,
    "incomeBeforeTaxRatio": 0.1795832095,
    "incomeTaxExpense": 25907000,
    "netIncome": 50814000,
    "netIncomeRatio": 0.118941896,
    "eps": 0.58,
    "epsdiluted": 0.56,
    "weightedAverageShsOut": 87050000,
    "weightedAverageShsOutDil": 90963000,
    "link": "https://www.sec.gov/Archives/edgar/data/882835/000088283506000019/0000882835-06-000019-index.htm",
    "finalLink": "https://www.sec.gov/Archives/edgar/data/882835/000088283506000019/cy06-q3.htm"
  },
  {
    "date": "2006-06-30",
    "symbol": "ROP",
    "reportedCurrency": "USD",
    "cik": "0000882835",
    "fillingDate": "2006-08-09",
    "acceptedDate": "2006-08-09 13:05:07",
    "calendarYear": "2006",
    "period": "Q2",
    "revenue": 425310000,
    "costOfRevenue": 210427000,
    "grossProfit": 214883000,
    "grossProfitRatio": 0.5052385319,
    "researchAndDevelopmentExpenses": 0,
    "generalAndAdministrativeExpenses": 129491000,
    "sellingAndMarketingExpenses": 0,
    "sellingGeneralAndAdministrativeExpenses": 129491000,
    "otherExpenses": 0,
    "operatingExpenses": 129491000,
    "costAndExpenses": 339918000,
    "interestIncome": 0,
    "interestExpense": 11375000,
    "depreciationAndAmortization": 20454000,
    "ebitda": 85392000,
    "ebitdaratio": 0.2007759046,
    "operatingIncome": 85392000,
    "operatingIncomeRatio": 0.2007759046,
    "totalOtherIncomeExpensesNet": -11344000,
    "incomeBeforeTax": 74048000,
    "incomeBeforeTaxRatio": 0.174103595,
    "incomeTaxExpense": 25955000,
    "netIncome": 48093000,
    "netIncomeRatio": 0.1130775199,
    "eps": 0.55,
    "epsdiluted": 0.53,
    "weightedAverageShsOut": 86919000,
    "weightedAverageShsOutDil": 91043000,
    "link": "https://www.sec.gov/Archives/edgar/data/882835/000088283506000015/0000882835-06-000015-index.htm",
    "finalLink": "https://www.sec.gov/Archives/edgar/data/882835/000088283506000015/q206.htm"
  },
  {
    "date": "2006-03-31",
    "symbol": "ROP",
    "reportedCurrency": "USD",
    "cik": "0000882835",
    "fillingDate": "2006-05-10",
    "acceptedDate": "2006-05-10 14:50:48",
    "calendarYear": "2006",
    "period": "Q1",
    "revenue": 382723000,
    "costOfRevenue": 190326000,
    "grossProfit": 192397000,
    "grossProfitRatio": 0.5027056122,
    "researchAndDevelopmentExpenses": 0,
    "generalAndAdministrativeExpenses": 124921000,
    "sellingAndMarketingExpenses": 0,
    "sellingGeneralAndAdministrativeExpenses": 124921000,
    "otherExpenses": 0,
    "operatingExpenses": 124921000,
    "costAndExpenses": 315247000,
    "interestIncome": 0,
    "interestExpense": 11055000,
    "depreciationAndAmortization": 19009000,
    "ebitda": 67476000,
    "ebitdaratio": 0.1763050561,
    "operatingIncome": 67476000,
    "operatingIncomeRatio": 0.1763050561,
    "totalOtherIncomeExpensesNet": -10927000,
    "incomeBeforeTax": 56549000,
    "incomeBeforeTaxRatio": 0.1477543811,
    "incomeTaxExpense": 18863000,
    "netIncome": 37686000,
    "netIncomeRatio": 0.0984680827,
    "eps": 0.44,
    "epsdiluted": 0.42,
    "weightedAverageShsOut": 86061000,
    "weightedAverageShsOutDil": 89711000,
    "link": "https://www.sec.gov/Archives/edgar/data/882835/000088283506000011/0000882835-06-000011-index.htm",
    "finalLink": "https://www.sec.gov/Archives/edgar/data/882835/000088283506000011/q106.htm"
  },
  {
    "date": "2005-12-31",
    "symbol": "ROP",
    "reportedCurrency": "USD",
    "cik": "0000882835",
    "fillingDate": "2006-03-16",
    "acceptedDate": "2006-03-16 16:56:02",
    "calendarYear": "2005",
    "period": "Q4",
    "revenue": 393166000,
    "costOfRevenue": 194082000,
    "grossProfit": 199084000,
    "grossProfitRatio": 0.5063611808,
    "researchAndDevelopmentExpenses": 0,
    "generalAndAdministrativeExpenses": 118217000,
    "sellingAndMarketingExpenses": 0,
    "sellingGeneralAndAdministrativeExpenses": 118217000,
    "otherExpenses": 0,
    "operatingExpenses": 118217000,
    "costAndExpenses": 312299000,
    "interestIncome": 0,
    "interestExpense": 14719000,
    "depreciationAndAmortization": 18492000,
    "ebitda": 99359000,
    "ebitdaratio": 0.2527151381,
    "operatingIncome": 80867000,
    "operatingIncomeRatio": 0.2056815696,
    "totalOtherIncomeExpensesNet": -12671000,
    "incomeBeforeTax": 68196000,
    "incomeBeforeTaxRatio": 0.1734534522,
    "incomeTaxExpense": 17788000,
    "netIncome": 50408000,
    "netIncomeRatio": 0.128210476,
    "eps": 0.59,
    "epsdiluted": 0.59,
    "weightedAverageShsOut": 85852000,
    "weightedAverageShsOutDil": 86061000,
    "link": "https://www.sec.gov/Archives/edgar/data/882835/000088283506000009/0000882835-06-000009-index.htm",
    "finalLink": "https://www.sec.gov/Archives/edgar/data/882835/000088283506000009/cy05_10k.htm"
  },
  {
    "date": "2005-09-30",
    "symbol": "ROP",
    "reportedCurrency": "USD",
    "cik": "0000882835",
    "fillingDate": "2005-11-09",
    "acceptedDate": "2005-11-09 13:56:33",
    "calendarYear": "2005",
    "period": "Q3",
    "revenue": 365164000,
    "costOfRevenue": 180407000,
    "grossProfit": 184757000,
    "grossProfitRatio": 0.5059562279,
    "researchAndDevelopmentExpenses": 0,
    "generalAndAdministrativeExpenses": 114981000,
    "sellingAndMarketingExpenses": 0,
    "sellingGeneralAndAdministrativeExpenses": 114981000,
    "otherExpenses": 0,
    "operatingExpenses": 114981000,
    "costAndExpenses": 295388000,
    "interestIncome": 0,
    "interestExpense": 9703000,
    "depreciationAndAmortization": 18135000,
    "ebitda": 69776000,
    "ebitdaratio": 0.1910812676,
    "operatingIncome": 69776000,
    "operatingIncomeRatio": 0.1910812676,
    "totalOtherIncomeExpensesNet": -10570000,
    "incomeBeforeTax": 59206000,
    "incomeBeforeTaxRatio": 0.1621353693,
    "incomeTaxExpense": 20012000,
    "netIncome": 39194000,
    "netIncomeRatio": 0.1073325958,
    "eps": 0.46,
    "epsdiluted": 0.45,
    "weightedAverageShsOut": 85431000,
    "weightedAverageShsOutDil": 87096000,
    "link": "https://www.sec.gov/Archives/edgar/data/882835/000088283505000026/0000882835-05-000026-index.htm",
    "finalLink": "https://www.sec.gov/Archives/edgar/data/882835/000088283505000026/q3-2005.htm"
  },
  {
    "date": "2005-06-30",
    "symbol": "ROP",
    "reportedCurrency": "USD",
    "cik": "0000882835",
    "fillingDate": "2005-08-09",
    "acceptedDate": "2005-08-09 14:13:46",
    "calendarYear": "2005",
    "period": "Q2",
    "revenue": 361564000,
    "costOfRevenue": 181622000,
    "grossProfit": 179942000,
    "grossProfitRatio": 0.4976767599,
    "researchAndDevelopmentExpenses": 0,
    "generalAndAdministrativeExpenses": 117550000,
    "sellingAndMarketingExpenses": 0,
    "sellingGeneralAndAdministrativeExpenses": 117550000,
    "otherExpenses": 0,
    "operatingExpenses": 117550000,
    "costAndExpenses": 299172000,
    "interestIncome": 0,
    "interestExpense": 10495000,
    "depreciationAndAmortization": 16964000,
    "ebitda": 62392000,
    "ebitdaratio": 0.1725614276,
    "operatingIncome": 62392000,
    "operatingIncomeRatio": 0.1725614276,
    "totalOtherIncomeExpensesNet": -10726000,
    "incomeBeforeTax": 51666000,
    "incomeBeforeTaxRatio": 0.1428958635,
    "incomeTaxExpense": 16104000,
    "netIncome": 35562000,
    "netIncomeRatio": 0.098356031,
    "eps": 0.42,
    "epsdiluted": 0.41,
    "weightedAverageShsOut": 85176500,
    "weightedAverageShsOutDil": 86009000,
    "link": "https://www.sec.gov/Archives/edgar/data/882835/000088283505000022/0000882835-05-000022-index.htm",
    "finalLink": "https://www.sec.gov/Archives/edgar/data/882835/000088283505000022/q2-2005.htm"
  },
  {
    "date": "2005-03-31",
    "symbol": "ROP",
    "reportedCurrency": "USD",
    "cik": "0000882835",
    "fillingDate": "2005-05-10",
    "acceptedDate": "2005-05-10 15:54:08",
    "calendarYear": "2005",
    "period": "Q1",
    "revenue": 333837000,
    "costOfRevenue": 171213000,
    "grossProfit": 162624000,
    "grossProfitRatio": 0.4871359376,
    "researchAndDevelopmentExpenses": 0,
    "generalAndAdministrativeExpenses": 110760000,
    "sellingAndMarketingExpenses": 0,
    "sellingGeneralAndAdministrativeExpenses": 110760000,
    "otherExpenses": 0,
    "operatingExpenses": 110760000,
    "costAndExpenses": 281973000,
    "interestIncome": 0,
    "interestExpense": 10353000,
    "depreciationAndAmortization": 17728000,
    "ebitda": 51864000,
    "ebitdaratio": 0.1553572552,
    "operatingIncome": 51864000,
    "operatingIncomeRatio": 0.1553572552,
    "totalOtherIncomeExpensesNet": -10365000,
    "incomeBeforeTax": 41499000,
    "incomeBeforeTaxRatio": 0.1243091688,
    "incomeTaxExpense": 13488000,
    "netIncome": 28011000,
    "netIncomeRatio": 0.0839062177,
    "eps": 0.33,
    "epsdiluted": 0.33,
    "weightedAverageShsOut": 85176500,
    "weightedAverageShsOutDil": 86009000,
    "link": "https://www.sec.gov/Archives/edgar/data/882835/000088283505000016/0000882835-05-000016-index.htm",
    "finalLink": "https://www.sec.gov/Archives/edgar/data/882835/000088283505000016/q1-2005.htm"
  },
  {
    "date": "2004-12-31",
    "symbol": "ROP",
    "reportedCurrency": "USD",
    "cik": "0000882835",
    "fillingDate": "2005-03-16",
    "acceptedDate": "2005-03-15 18:52:16",
    "calendarYear": "2004",
    "period": "Q4",
    "revenue": 276549000,
    "costOfRevenue": 136528000,
    "grossProfit": 140021000,
    "grossProfitRatio": 0.5063153365,
    "researchAndDevelopmentExpenses": 0,
    "generalAndAdministrativeExpenses": 87819000,
    "sellingAndMarketingExpenses": 0,
    "sellingGeneralAndAdministrativeExpenses": 87819000,
    "otherExpenses": 0,
    "operatingExpenses": 87819000,
    "costAndExpenses": 224347000,
    "interestIncome": 0,
    "interestExpense": 25295000,
    "depreciationAndAmortization": 11560000,
    "ebitda": 63762000,
    "ebitdaratio": 0.230563119,
    "operatingIncome": 52202000,
    "operatingIncomeRatio": 0.1887622085,
    "totalOtherIncomeExpensesNet": -16538000,
    "incomeBeforeTax": 35664000,
    "incomeBeforeTaxRatio": 0.1289608713,
    "incomeTaxExpense": 10878000,
    "netIncome": 24786000,
    "netIncomeRatio": 0.0896260699,
    "eps": 0.29,
    "epsdiluted": 0.29,
    "weightedAverageShsOut": 84922000,
    "weightedAverageShsOutDil": 84922000,
    "link": "https://www.sec.gov/Archives/edgar/data/882835/000088283505000004/0000882835-05-000004-index.htm",
    "finalLink": "https://www.sec.gov/Archives/edgar/data/882835/000088283505000004/cy04_10-k.htm"
  },
  {
    "date": "2004-09-30",
    "symbol": "ROP",
    "reportedCurrency": "USD",
    "cik": "0000882835",
    "fillingDate": "2004-11-05",
    "acceptedDate": "2004-11-05 15:18:07",
    "calendarYear": "2004",
    "period": "Q3",
    "revenue": 240141000,
    "costOfRevenue": 120570000,
    "grossProfit": 119571000,
    "grossProfitRatio": 0.497919972,
    "researchAndDevelopmentExpenses": 0,
    "generalAndAdministrativeExpenses": 74151000,
    "sellingAndMarketingExpenses": 0,
    "sellingGeneralAndAdministrativeExpenses": 74151000,
    "otherExpenses": 0,
    "operatingExpenses": 74151000,
    "costAndExpenses": 194721000,
    "interestIncome": 0,
    "interestExpense": 7361000,
    "depreciationAndAmortization": 10216000,
    "ebitda": 45420000,
    "ebitdaratio": 0.1891388809,
    "operatingIncome": 45420000,
    "operatingIncomeRatio": 0.1891388809,
    "totalOtherIncomeExpensesNet": -7344000,
    "incomeBeforeTax": 38076000,
    "incomeBeforeTaxRatio": 0.1585568479,
    "incomeTaxExpense": 10694000,
    "netIncome": 27382000,
    "netIncomeRatio": 0.1140246772,
    "eps": 0.35,
    "epsdiluted": 0.34,
    "weightedAverageShsOut": 79324000,
    "weightedAverageShsOutDil": 79929000,
    "link": "https://www.sec.gov/Archives/edgar/data/882835/000088283504000033/0000882835-04-000033-index.htm",
    "finalLink": "https://www.sec.gov/Archives/edgar/data/882835/000088283504000033/q304_10q.htm"
  },
  {
    "date": "2004-06-30",
    "symbol": "ROP",
    "reportedCurrency": "USD",
    "cik": "0000882835",
    "fillingDate": "2004-08-03",
    "acceptedDate": "2004-08-03 16:11:01",
    "calendarYear": "2004",
    "period": "Q2",
    "revenue": 232434000,
    "costOfRevenue": 116419000,
    "grossProfit": 116015000,
    "grossProfitRatio": 0.4991309361,
    "researchAndDevelopmentExpenses": 0,
    "generalAndAdministrativeExpenses": 75307000,
    "sellingAndMarketingExpenses": 0,
    "sellingGeneralAndAdministrativeExpenses": 75307000,
    "otherExpenses": 0,
    "operatingExpenses": 75307000,
    "costAndExpenses": 191726000,
    "interestIncome": 0,
    "interestExpense": 6812000,
    "depreciationAndAmortization": 9907000,
    "ebitda": 40708000,
    "ebitdaratio": 0.1751378886,
    "operatingIncome": 40708000,
    "operatingIncomeRatio": 0.1751378886,
    "totalOtherIncomeExpensesNet": -6824000,
    "incomeBeforeTax": 33884000,
    "incomeBeforeTaxRatio": 0.1457790168,
    "incomeTaxExpense": 10334000,
    "netIncome": 23550000,
    "netIncomeRatio": 0.1013190841,
    "eps": 0.32,
    "epsdiluted": 0.32,
    "weightedAverageShsOut": 73726000,
    "weightedAverageShsOutDil": 74936000,
    "link": "https://www.sec.gov/Archives/edgar/data/882835/000088283504000018/0000882835-04-000018-index.htm",
    "finalLink": "https://www.sec.gov/Archives/edgar/data/882835/000088283504000018/cy04_q2-10q.htm"
  },
  {
    "date": "2004-03-31",
    "symbol": "ROP",
    "reportedCurrency": "USD",
    "cik": "0000882835",
    "fillingDate": "2004-05-10",
    "acceptedDate": "2004-05-10 14:26:24",
    "calendarYear": "2004",
    "period": "Q1",
    "revenue": 220640000,
    "costOfRevenue": 111202000,
    "grossProfit": 109438000,
    "grossProfitRatio": 0.4960025381,
    "researchAndDevelopmentExpenses": 0,
    "generalAndAdministrativeExpenses": 76466000,
    "sellingAndMarketingExpenses": 0,
    "sellingGeneralAndAdministrativeExpenses": 76466000,
    "otherExpenses": 0,
    "operatingExpenses": 76466000,
    "costAndExpenses": 187668000,
    "interestIncome": 0,
    "interestExpense": 6857000,
    "depreciationAndAmortization": 9704000,
    "ebitda": 32972000,
    "ebitdaratio": 0.1494379985,
    "operatingIncome": 32972000,
    "operatingIncomeRatio": 0.1494379985,
    "totalOtherIncomeExpensesNet": -6880000,
    "incomeBeforeTax": 26092000,
    "incomeBeforeTaxRatio": 0.1182559826,
    "incomeTaxExpense": 7958000,
    "netIncome": 18134000,
    "netIncomeRatio": 0.0821881798,
    "eps": 0.25,
    "epsdiluted": 0.25,
    "weightedAverageShsOut": 73412000,
    "weightedAverageShsOutDil": 74572000,
    "link": "https://www.sec.gov/Archives/edgar/data/882835/000088283504000012/0000882835-04-000012-index.htm",
    "finalLink": "https://www.sec.gov/Archives/edgar/data/882835/000088283504000012/cy04_q1-10q.htm"
  },
  {
    "date": "2003-12-31",
    "symbol": "ROP",
    "reportedCurrency": "USD",
    "cik": "0000882835",
    "fillingDate": "2004-03-15",
    "acceptedDate": "2004-03-15 15:24:37",
    "calendarYear": "2003",
    "period": "Q4",
    "revenue": 169794000,
    "costOfRevenue": 80714000,
    "grossProfit": 89080000,
    "grossProfitRatio": 0.5246357351,
    "researchAndDevelopmentExpenses": 0,
    "generalAndAdministrativeExpenses": 0,
    "sellingAndMarketingExpenses": 0,
    "sellingGeneralAndAdministrativeExpenses": 59776000,
    "otherExpenses": 0,
    "operatingExpenses": 59776000,
    "costAndExpenses": 140490000,
    "interestIncome": 0,
    "interestExpense": 54193000,
    "depreciationAndAmortization": 4272000,
    "ebitda": 33576000,
    "ebitdaratio": 0.1977455034,
    "operatingIncome": 29304000,
    "operatingIncomeRatio": 0.1725856037,
    "totalOtherIncomeExpensesNet": -28962000,
    "incomeBeforeTax": 342000,
    "incomeBeforeTaxRatio": 0.0020142054,
    "incomeTaxExpense": -1555000,
    "netIncome": 1897000,
    "netIncomeRatio": 0.0111723618,
    "eps": 0.03,
    "epsdiluted": 0.03,
    "weightedAverageShsOut": 63142000,
    "weightedAverageShsOutDil": 63142000,
    "link": "https://www.sec.gov/Archives/edgar/data/882835/000088283504000006/0000882835-04-000006-index.htm",
    "finalLink": "https://www.sec.gov/Archives/edgar/data/882835/000088283504000006/cy03_10k2.htm"
  },
  {
    "date": "2003-09-30",
    "symbol": "ROP",
    "reportedCurrency": "USD",
    "cik": "0000882835",
    "fillingDate": "2003-11-06",
    "acceptedDate": "2003-11-05 18:27:19",
    "calendarYear": "2003",
    "period": "Q3",
    "revenue": 172064000,
    "costOfRevenue": 78894000,
    "grossProfit": 93170000,
    "grossProfitRatio": 0.5414845639,
    "researchAndDevelopmentExpenses": 0,
    "generalAndAdministrativeExpenses": 0,
    "sellingAndMarketingExpenses": 0,
    "sellingGeneralAndAdministrativeExpenses": 60649000,
    "otherExpenses": 0,
    "operatingExpenses": 60649000,
    "costAndExpenses": 139543000,
    "interestIncome": 0,
    "interestExpense": 0,
    "depreciationAndAmortization": 239000,
    "ebitda": 32521000,
    "ebitdaratio": 0.1890052539,
    "operatingIncome": 32521000,
    "operatingIncomeRatio": 0.1890052539,
    "totalOtherIncomeExpensesNet": -4257000,
    "incomeBeforeTax": 28264000,
    "incomeBeforeTaxRatio": 0.1642644597,
    "incomeTaxExpense": 8479000,
    "netIncome": 17873000,
    "netIncomeRatio": 0.1038741399,
    "eps": 0.28,
    "epsdiluted": 0.28,
    "weightedAverageShsOut": 63142000,
    "weightedAverageShsOutDil": 64110000,
    "link": "https://www.sec.gov/Archives/edgar/data/882835/000088283503000033/0000882835-03-000033-index.htm",
    "finalLink": "https://www.sec.gov/Archives/edgar/data/882835/000088283503000033/cy03-10q_q3.htm"
  },
  {
    "date": "2003-07-31",
    "symbol": "ROP",
    "reportedCurrency": "USD",
    "cik": "0000882835",
    "fillingDate": "2003-09-12",
    "acceptedDate": "2003-09-12 16:51:05",
    "calendarYear": "2003",
    "period": "Q2",
    "revenue": 165627000,
    "costOfRevenue": 77161000,
    "grossProfit": 88466000,
    "grossProfitRatio": 0.5341278898,
    "researchAndDevelopmentExpenses": 0,
    "generalAndAdministrativeExpenses": 0,
    "sellingAndMarketingExpenses": 0,
    "sellingGeneralAndAdministrativeExpenses": 60488000,
    "otherExpenses": 0,
    "operatingExpenses": 60488000,
    "costAndExpenses": 137649000,
    "interestIncome": 0,
    "interestExpense": 6169000,
    "depreciationAndAmortization": 4093000,
    "ebitda": 27978000,
    "ebitdaratio": 0.1689217338,
    "operatingIncome": 27978000,
    "operatingIncomeRatio": 0.1689217338,
    "totalOtherIncomeExpensesNet": -3897000,
    "incomeBeforeTax": 24081000,
    "incomeBeforeTaxRatio": 0.1453929613,
    "incomeTaxExpense": 7225000,
    "netIncome": 15233000,
    "netIncomeRatio": 0.0919717196,
    "eps": 0.24,
    "epsdiluted": 0.24,
    "weightedAverageShsOut": 63000000,
    "weightedAverageShsOutDil": 63726000,
    "link": "https://www.sec.gov/Archives/edgar/data/882835/000088283503000010/0000882835-03-000010-index.htm",
    "finalLink": "https://www.sec.gov/Archives/edgar/data/882835/000088283503000010/fy03_q3-10q.htm"
  },
  {
    "date": "2003-04-30",
    "symbol": "ROP",
    "reportedCurrency": "USD",
    "cik": "0000882835",
    "fillingDate": "2003-06-16",
    "acceptedDate": "2003-06-16 16:17:43",
    "calendarYear": "2003",
    "period": "Q1",
    "revenue": 165527000,
    "costOfRevenue": 79517000,
    "grossProfit": 86010000,
    "grossProfitRatio": 0.5196131145,
    "researchAndDevelopmentExpenses": 0,
    "generalAndAdministrativeExpenses": 0,
    "sellingAndMarketingExpenses": 0,
    "sellingGeneralAndAdministrativeExpenses": 60156000,
    "otherExpenses": 0,
    "operatingExpenses": 60156000,
    "costAndExpenses": 139673000,
    "interestIncome": 0,
    "interestExpense": 5868000,
    "depreciationAndAmortization": 4124000,
    "ebitda": 25854000,
    "ebitdaratio": 0.1561920412,
    "operatingIncome": 25854000,
    "operatingIncomeRatio": 0.1561920412,
    "totalOtherIncomeExpensesNet": -4836000,
    "incomeBeforeTax": 21018000,
    "incomeBeforeTaxRatio": 0.1269762637,
    "incomeTaxExpense": 6272000,
    "netIncome": 14130000,
    "netIncomeRatio": 0.0853637171,
    "eps": 0.23,
    "epsdiluted": 0.23,
    "weightedAverageShsOut": 62856000,
    "weightedAverageShsOutDil": 63374000,
    "link": "https://www.sec.gov/Archives/edgar/data/882835/000095014403007767/0000950144-03-007767-index.htm",
    "finalLink": "https://www.sec.gov/Archives/edgar/data/882835/000095014403007767/g83386e10vq.htm"
  },
  {
    "date": "2003-01-31",
    "symbol": "ROP",
    "reportedCurrency": "USD",
    "cik": "0000882835",
    "fillingDate": "2003-03-17",
    "acceptedDate": "2003-03-17 15:52:14",
    "calendarYear": "2002",
    "period": "Q4",
    "revenue": 138311000,
    "costOfRevenue": 66888000,
    "grossProfit": 71423000,
    "grossProfitRatio": 0.516394213,
    "researchAndDevelopmentExpenses": 0,
    "generalAndAdministrativeExpenses": 0,
    "sellingAndMarketingExpenses": 0,
    "sellingGeneralAndAdministrativeExpenses": 55554000,
    "otherExpenses": 0,
    "operatingExpenses": 55554000,
    "costAndExpenses": 122442000,
    "interestIncome": 0,
    "interestExpense": 3683000,
    "depreciationAndAmortization": 3864000,
    "ebitda": 19733000,
    "ebitdaratio": 0.1426712264,
    "operatingIncome": 15869000,
    "operatingIncomeRatio": 0.114734186,
    "totalOtherIncomeExpensesNet": -3885000,
    "incomeBeforeTax": 11984000,
    "incomeBeforeTaxRatio": 0.0866453138,
    "incomeTaxExpense": 3626000,
    "netIncome": 7989000,
    "netIncomeRatio": 0.0577611325,
    "eps": 0.13,
    "epsdiluted": 0.13,
    "weightedAverageShsOut": 62726000,
    "weightedAverageShsOutDil": 63652000,
    "link": "https://www.sec.gov/Archives/edgar/data/882835/000093176303000538/0000931763-03-000538-index.htm",
    "finalLink": "https://www.sec.gov/Archives/edgar/data/882835/000093176303000538/d10q.htm"
  },
  {
    "date": "2002-10-31",
    "symbol": "ROP",
    "reportedCurrency": "USD",
    "cik": "0000882835",
    "fillingDate": "2003-01-15",
    "acceptedDate": "2003-01-15 16:03:41",
    "calendarYear": "2002",
    "period": "Q3",
    "revenue": 168997000,
    "costOfRevenue": 77974000,
    "grossProfit": 91023000,
    "grossProfitRatio": 0.5386071942,
    "researchAndDevelopmentExpenses": 0,
    "generalAndAdministrativeExpenses": 0,
    "sellingAndMarketingExpenses": 0,
    "sellingGeneralAndAdministrativeExpenses": 59250000,
    "otherExpenses": 0,
    "operatingExpenses": 59250000,
    "costAndExpenses": 137224000,
    "interestIncome": 0,
    "interestExpense": 29547000,
    "depreciationAndAmortization": 3948000,
    "ebitda": 35721000,
    "ebitdaratio": 0.211370616,
    "operatingIncome": 31773000,
    "operatingIncomeRatio": 0.1880092546,
    "totalOtherIncomeExpensesNet": -4201000,
    "incomeBeforeTax": 27572000,
    "incomeBeforeTaxRatio": 0.1631508252,
    "incomeTaxExpense": 8548000,
    "netIncome": -6946000,
    "netIncomeRatio": -0.0411013213,
    "eps": -0.11,
    "epsdiluted": -0.11,
    "weightedAverageShsOut": 62336000,
    "weightedAverageShsOutDil": 62610000,
    "link": "https://www.sec.gov/Archives/edgar/data/882835/000116923203000270/0001169232-03-000270-index.htm",
    "finalLink": "https://www.sec.gov/Archives/edgar/data/882835/000116923203000270/d53261_10-k.txt"
  },
  {
    "date": "2002-07-31",
    "symbol": "ROP",
    "reportedCurrency": "USD",
    "cik": "0000882835",
    "fillingDate": "2002-09-13",
    "acceptedDate": "2002-09-13 15:58:22",
    "calendarYear": "2002",
    "period": "Q2",
    "revenue": 154640000,
    "costOfRevenue": 71853000,
    "grossProfit": 82787000,
    "grossProfitRatio": 0.5353530781,
    "researchAndDevelopmentExpenses": 0,
    "generalAndAdministrativeExpenses": 0,
    "sellingAndMarketingExpenses": 0,
    "sellingGeneralAndAdministrativeExpenses": 54830000,
    "otherExpenses": 0,
    "operatingExpenses": 54830000,
    "costAndExpenses": 126683000,
    "interestIncome": 0,
    "interestExpense": 12094000,
    "depreciationAndAmortization": 3603000,
    "ebitda": 31791000,
    "ebitdaratio": 0.2055807036,
    "operatingIncome": 27957000,
    "operatingIncomeRatio": 0.1807876358,
    "totalOtherIncomeExpensesNet": -8019000,
    "incomeBeforeTax": 19679000,
    "incomeBeforeTaxRatio": 0.1272568546,
    "incomeTaxExpense": 4646000,
    "netIncome": 15033000,
    "netIncomeRatio": 0.0972128815,
    "eps": 0.24,
    "epsdiluted": 0.24,
    "weightedAverageShsOut": 62610000,
    "weightedAverageShsOutDil": 63602000,
    "link": "https://www.sec.gov/Archives/edgar/data/882835/000093176302003074/0000931763-02-003074-index.htm",
    "finalLink": "https://www.sec.gov/Archives/edgar/data/882835/000093176302003074/d10q.htm"
  },
  {
    "date": "2002-04-30",
    "symbol": "ROP",
    "reportedCurrency": "USD",
    "cik": "0000882835",
    "fillingDate": "2002-06-14",
    "acceptedDate": "2002-06-14 17:03:22",
    "calendarYear": "2002",
    "period": "Q1",
    "revenue": 153809000,
    "costOfRevenue": 70729000,
    "grossProfit": 83080000,
    "grossProfitRatio": 0.5401504463,
    "researchAndDevelopmentExpenses": 0,
    "generalAndAdministrativeExpenses": 0,
    "sellingAndMarketingExpenses": 0,
    "sellingGeneralAndAdministrativeExpenses": 52628000,
    "otherExpenses": 0,
    "operatingExpenses": 52628000,
    "costAndExpenses": 123357000,
    "interestIncome": 0,
    "interestExpense": 3416000,
    "depreciationAndAmortization": 3568000,
    "ebitda": 33772000,
    "ebitdaratio": 0.2195710264,
    "operatingIncome": 30452000,
    "operatingIncomeRatio": 0.1979858136,
    "totalOtherIncomeExpensesNet": -4007000,
    "incomeBeforeTax": 26450000,
    "incomeBeforeTaxRatio": 0.1719665299,
    "incomeTaxExpense": 8994000,
    "netIncome": 17456000,
    "netIncomeRatio": 0.1134914082,
    "eps": 0.28,
    "epsdiluted": 0.28,
    "weightedAverageShsOut": 62426000,
    "weightedAverageShsOutDil": 63982000,
    "link": "https://www.sec.gov/Archives/edgar/data/882835/000093176302002153/0000931763-02-002153-index.htm",
    "finalLink": "https://www.sec.gov/Archives/edgar/data/882835/000093176302002153/d10q.txt"
  },
  {
    "date": "2002-01-31",
    "symbol": "ROP",
    "reportedCurrency": "USD",
    "cik": "0000882835",
    "fillingDate": "2002-03-14",
    "acceptedDate": "2002-03-14 00:00:00",
    "calendarYear": "2001",
    "period": "Q4",
    "revenue": 149584000,
    "costOfRevenue": 70155000,
    "grossProfit": 79429000,
    "grossProfitRatio": 0.5309993047,
    "researchAndDevelopmentExpenses": 0,
    "generalAndAdministrativeExpenses": 0,
    "sellingAndMarketingExpenses": 0,
    "sellingGeneralAndAdministrativeExpenses": 54782000,
    "otherExpenses": 0,
    "operatingExpenses": 54782000,
    "costAndExpenses": 124937000,
    "interestIncome": 0,
    "interestExpense": 693000,
    "depreciationAndAmortization": 4057000,
    "ebitda": 28966000,
    "ebitdaratio": 0.1936437052,
    "operatingIncome": 24647000,
    "operatingIncomeRatio": 0.1647702963,
    "totalOtherIncomeExpensesNet": -2668000,
    "incomeBeforeTax": 21985000,
    "incomeBeforeTaxRatio": 0.1469742753,
    "incomeTaxExpense": 7475000,
    "netIncome": 14510000,
    "netIncomeRatio": 0.0970023532,
    "eps": 0.23,
    "epsdiluted": 0.23,
    "weightedAverageShsOut": 61935000,
    "weightedAverageShsOutDil": 63585000,
    "link": "https://www.sec.gov/Archives/edgar/data/882835/000093176302000649/0000931763-02-000649-index.htm",
    "finalLink": "https://www.sec.gov/Archives/edgar/data/882835/000093176302000649/d10q.txt"
  },
  {
    "date": "2001-10-31",
    "symbol": "ROP",
    "reportedCurrency": "USD",
    "cik": "0000882835",
    "fillingDate": "2002-01-22",
    "acceptedDate": "2002-01-22 00:00:00",
    "calendarYear": "2001",
    "period": "Q3",
    "revenue": 164043000,
    "costOfRevenue": 74291000,
    "grossProfit": 89752000,
    "grossProfitRatio": 0.5471248392,
    "researchAndDevelopmentExpenses": 0,
    "generalAndAdministrativeExpenses": 60617000,
    "sellingAndMarketingExpenses": 0,
    "sellingGeneralAndAdministrativeExpenses": 60617000,
    "otherExpenses": 0,
    "operatingExpenses": 60617000,
    "costAndExpenses": 134908000,
    "interestIncome": 0,
    "interestExpense": 318000,
    "depreciationAndAmortization": 7754000,
    "ebitda": 36889000,
    "ebitdaratio": 0.224873966,
    "operatingIncome": 29135000,
    "operatingIncomeRatio": 0.1776058716,
    "totalOtherIncomeExpensesNet": -2651000,
    "incomeBeforeTax": 26484000,
    "incomeBeforeTaxRatio": 0.1614454747,
    "incomeTaxExpense": 9400000,
    "netIncome": 17084000,
    "netIncomeRatio": 0.1041434258,
    "eps": 0.28,
    "epsdiluted": 0.28,
    "weightedAverageShsOut": 61444000,
    "weightedAverageShsOutDil": 61974000,
    "link": "https://www.sec.gov/Archives/edgar/data/882835/000093176302000111/0000931763-02-000111-index.htm",
    "finalLink": "https://www.sec.gov/Archives/edgar/data/882835/000093176302000111/d10k.txt"
  },
  {
    "date": "2001-07-31",
    "symbol": "ROP",
    "reportedCurrency": "USD",
    "cik": "0000882835",
    "fillingDate": "2001-09-13",
    "acceptedDate": "2001-09-13 00:00:00",
    "calendarYear": "2001",
    "period": "Q2",
    "revenue": 137969000,
    "costOfRevenue": 64150000,
    "grossProfit": 73819000,
    "grossProfitRatio": 0.5350404801,
    "researchAndDevelopmentExpenses": 0,
    "generalAndAdministrativeExpenses": 50515000,
    "sellingAndMarketingExpenses": 0,
    "sellingGeneralAndAdministrativeExpenses": 50515000,
    "otherExpenses": 0,
    "operatingExpenses": 50515000,
    "costAndExpenses": 114665000,
    "interestIncome": 0,
    "interestExpense": 2446000,
    "depreciationAndAmortization": 6619000,
    "ebitda": 29923000,
    "ebitdaratio": 0.2168820532,
    "operatingIncome": 23304000,
    "operatingIncomeRatio": 0.1689075082,
    "totalOtherIncomeExpensesNet": -2843000,
    "incomeBeforeTax": 20461000,
    "incomeBeforeTaxRatio": 0.14830143,
    "incomeTaxExpense": 7328000,
    "netIncome": 13133000,
    "netIncomeRatio": 0.0951880495,
    "eps": 0.22,
    "epsdiluted": 0.21,
    "weightedAverageShsOut": 61676000,
    "weightedAverageShsOutDil": 63454000,
    "link": "https://www.sec.gov/Archives/edgar/data/882835/000093176301501647/0000931763-01-501647-index.htm",
    "finalLink": "https://www.sec.gov/Archives/edgar/data/882835/000093176301501647/d10q.txt"
  },
  {
    "date": "2001-04-30",
    "symbol": "ROP",
    "reportedCurrency": "USD",
    "cik": "0000882835",
    "fillingDate": "2001-06-13",
    "acceptedDate": "2001-06-13 00:00:00",
    "calendarYear": "2001",
    "period": "Q1",
    "revenue": 146830000,
    "costOfRevenue": 72925000,
    "grossProfit": 73905000,
    "grossProfitRatio": 0.5033371927,
    "researchAndDevelopmentExpenses": 0,
    "generalAndAdministrativeExpenses": 51533000,
    "sellingAndMarketingExpenses": 0,
    "sellingGeneralAndAdministrativeExpenses": 51533000,
    "otherExpenses": 0,
    "operatingExpenses": 51533000,
    "costAndExpenses": 124458000,
    "interestIncome": 0,
    "interestExpense": 379000,
    "depreciationAndAmortization": 6481000,
    "ebitda": 28853000,
    "ebitdaratio": 0.1965061636,
    "operatingIncome": 24125000,
    "operatingIncomeRatio": 0.1643056596,
    "totalOtherIncomeExpensesNet": -2863000,
    "incomeBeforeTax": 21262000,
    "incomeBeforeTaxRatio": 0.1448069196,
    "incomeTaxExpense": 7400000,
    "netIncome": 13862000,
    "netIncomeRatio": 0.0944084996,
    "eps": 0.23,
    "epsdiluted": 0.22,
    "weightedAverageShsOut": 61386000,
    "weightedAverageShsOutDil": 62944000,
    "link": "https://www.sec.gov/Archives/edgar/data/882835/000089155401503078/0000891554-01-503078-index.htm",
    "finalLink": "https://www.sec.gov/Archives/edgar/data/882835/000089155401503078/d70504_form10q.htm"
  },
  {
    "date": "2001-01-31",
    "symbol": "ROP",
    "reportedCurrency": "USD",
    "cik": "0000882835",
    "fillingDate": "2001-03-02",
    "acceptedDate": "2001-03-02 00:00:00",
    "calendarYear": "2000",
    "period": "Q4",
    "revenue": 137664000,
    "costOfRevenue": 61322000,
    "grossProfit": 76342000,
    "grossProfitRatio": 0.5545531148,
    "researchAndDevelopmentExpenses": 0,
    "generalAndAdministrativeExpenses": 47877000,
    "sellingAndMarketingExpenses": 0,
    "sellingGeneralAndAdministrativeExpenses": 47877000,
    "otherExpenses": 6601000,
    "operatingExpenses": 54478000,
    "costAndExpenses": 115800000,
    "interestIncome": 0,
    "interestExpense": 3165000,
    "depreciationAndAmortization": 6601000,
    "ebitda": 21864000,
    "ebitdaratio": 0.1588214784,
    "operatingIncome": 21864000,
    "operatingIncomeRatio": 0.1588214784,
    "totalOtherIncomeExpensesNet": -3632000,
    "incomeBeforeTax": 18232000,
    "incomeBeforeTaxRatio": 0.1324384007,
    "incomeTaxExpense": 6472000,
    "netIncome": 11760000,
    "netIncomeRatio": 0.0854253835,
    "eps": 0.19,
    "epsdiluted": 0.19,
    "weightedAverageShsOut": 61226000,
    "weightedAverageShsOutDil": 62594000,
    "link": "https://www.sec.gov/Archives/edgar/data/882835/000089155401501264/0000891554-01-501264-index.htm",
    "finalLink": "https://www.sec.gov/Archives/edgar/data/882835/000089155401501264/d70388_form10q.htm"
  },
  {
    "date": "2000-10-31",
    "symbol": "ROP",
    "reportedCurrency": "USD",
    "cik": "0000882835",
    "fillingDate": "2001-01-26",
    "acceptedDate": "2001-01-26 00:00:00",
    "calendarYear": "2000",
    "period": "Q3",
    "revenue": 147002000,
    "costOfRevenue": 67992000,
    "grossProfit": 79010000,
    "grossProfitRatio": 0.5374756806,
    "researchAndDevelopmentExpenses": 0,
    "generalAndAdministrativeExpenses": 45911000,
    "sellingAndMarketingExpenses": 0,
    "sellingGeneralAndAdministrativeExpenses": 45911000,
    "otherExpenses": 6388000,
    "operatingExpenses": 52299000,
    "costAndExpenses": 120291000,
    "interestIncome": 0,
    "interestExpense": 3208000,
    "depreciationAndAmortization": 6388000,
    "ebitda": 33099000,
    "ebitdaratio": 0.2251602019,
    "operatingIncome": 26711000,
    "operatingIncomeRatio": 0.1817050108,
    "totalOtherIncomeExpensesNet": -3763000,
    "incomeBeforeTax": 22948000,
    "incomeBeforeTaxRatio": 0.1561067196,
    "incomeTaxExpense": 8078000,
    "netIncome": 14870000,
    "netIncomeRatio": 0.1011550863,
    "eps": 0.24,
    "epsdiluted": 0.24,
    "weightedAverageShsOut": 61198000,
    "weightedAverageShsOutDil": 61226000,
    "link": "https://www.sec.gov/Archives/edgar/data/882835/000089155401500359/0000891554-01-500359-index.htm",
    "finalLink": "https://www.sec.gov/Archives/edgar/data/882835/000089155401500359/d70361_10k.htm"
  },
  {
    "date": "2000-07-31",
    "symbol": "ROP",
    "reportedCurrency": "USD",
    "cik": "0000882835",
    "fillingDate": "2000-09-13",
    "acceptedDate": "2000-09-13 00:00:00",
    "calendarYear": "2000",
    "period": "Q2",
    "revenue": 124583000,
    "costOfRevenue": 54802000,
    "grossProfit": 69781000,
    "grossProfitRatio": 0.5601165488,
    "researchAndDevelopmentExpenses": 0,
    "generalAndAdministrativeExpenses": 43205000,
    "sellingAndMarketingExpenses": 0,
    "sellingGeneralAndAdministrativeExpenses": 43205000,
    "otherExpenses": 5807000,
    "operatingExpenses": 49012000,
    "costAndExpenses": 103814000,
    "interestIncome": 0,
    "interestExpense": 3515000,
    "depreciationAndAmortization": 5807000,
    "ebitda": 26576000,
    "ebitdaratio": 0.2133196343,
    "operatingIncome": 20769000,
    "operatingIncomeRatio": 0.1667081383,
    "totalOtherIncomeExpensesNet": -3642000,
    "incomeBeforeTax": 17127000,
    "incomeBeforeTaxRatio": 0.1374746153,
    "incomeTaxExpense": 6025000,
    "netIncome": 11102000,
    "netIncomeRatio": 0.0891132819,
    "eps": 0.18,
    "epsdiluted": 0.18,
    "weightedAverageShsOut": 60893000,
    "weightedAverageShsOutDil": 62342000,
    "link": "https://www.sec.gov/Archives/edgar/data/882835/000093176300002151/0000931763-00-002151-index.htm",
    "finalLink": "https://www.sec.gov/Archives/edgar/data/882835/000093176300002151/0000931763-00-002151-0001.txt"
  },
  {
    "date": "2000-04-30",
    "symbol": "ROP",
    "reportedCurrency": "USD",
    "cik": "0000882835",
    "fillingDate": "2000-06-12",
    "acceptedDate": "2000-06-12 00:00:00",
    "calendarYear": "2000",
    "period": "Q1",
    "revenue": 122775000,
    "costOfRevenue": 52276000,
    "grossProfit": 70499000,
    "grossProfitRatio": 0.5742129912,
    "researchAndDevelopmentExpenses": 0,
    "generalAndAdministrativeExpenses": 41420000,
    "sellingAndMarketingExpenses": 0,
    "sellingGeneralAndAdministrativeExpenses": 41420000,
    "otherExpenses": 5603000,
    "operatingExpenses": 47023000,
    "costAndExpenses": 99299000,
    "interestIncome": 0,
    "interestExpense": 2206000,
    "depreciationAndAmortization": 5603000,
    "ebitda": 29079000,
    "ebitdaratio": 0.2368478925,
    "operatingIncome": 23476000,
    "operatingIncomeRatio": 0.1912115659,
    "totalOtherIncomeExpensesNet": -2512000,
    "incomeBeforeTax": 20964000,
    "incomeBeforeTaxRatio": 0.1707513745,
    "incomeTaxExpense": 7338000,
    "netIncome": 13626000,
    "netIncomeRatio": 0.1109835064,
    "eps": 0.23,
    "epsdiluted": 0.22,
    "weightedAverageShsOut": 60872000,
    "weightedAverageShsOutDil": 62320000,
    "link": "https://www.sec.gov/Archives/edgar/data/882835/000093176300001524/0000931763-00-001524-index.htm",
    "finalLink": "https://www.sec.gov/Archives/edgar/data/882835/000093176300001524/0000931763-00-001524-0001.txt"
  },
  {
    "date": "2000-01-31",
    "symbol": "ROP",
    "reportedCurrency": "USD",
    "cik": "0000882835",
    "fillingDate": "2000-03-08",
    "acceptedDate": "2000-03-08 00:00:00",
    "calendarYear": "1999",
    "period": "Q4",
    "revenue": 109500000,
    "costOfRevenue": 47600000,
    "grossProfit": 61900000,
    "grossProfitRatio": 0.5652968037,
    "researchAndDevelopmentExpenses": 0,
    "generalAndAdministrativeExpenses": 40100000,
    "sellingAndMarketingExpenses": 0,
    "sellingGeneralAndAdministrativeExpenses": 40100000,
    "otherExpenses": 4500000,
    "operatingExpenses": 44600000,
    "costAndExpenses": 92200000,
    "interestIncome": 0,
    "interestExpense": 2200000,
    "depreciationAndAmortization": 4500000,
    "ebitda": 21800000,
    "ebitdaratio": 0.199086758,
    "operatingIncome": 17300000,
    "operatingIncomeRatio": 0.1579908676,
    "totalOtherIncomeExpensesNet": -2400000,
    "incomeBeforeTax": 14900000,
    "incomeBeforeTaxRatio": 0.1360730594,
    "incomeTaxExpense": 5200000,
    "netIncome": 9700000,
    "netIncomeRatio": 0.0885844749,
    "eps": 0.16,
    "epsdiluted": 0.16,
    "weightedAverageShsOut": 60654000,
    "weightedAverageShsOutDil": 62434000,
    "link": "https://www.sec.gov/Archives/edgar/data/882835/000093176300000474/0000931763-00-000474-index.html",
    "finalLink": "https://www.sec.gov/Archives/edgar/data/882835/000093176300000474/"
  },
  {
    "date": "1999-10-31",
    "symbol": "ROP",
    "reportedCurrency": "USD",
    "cik": "0000882835",
    "fillingDate": "2000-01-27",
    "acceptedDate": "2000-01-27 00:00:00",
    "calendarYear": "1999",
    "period": "Q3",
    "revenue": 113700000,
    "costOfRevenue": 49800000,
    "grossProfit": 63900000,
    "grossProfitRatio": 0.562005277,
    "researchAndDevelopmentExpenses": 0,
    "generalAndAdministrativeExpenses": 36500000,
    "sellingAndMarketingExpenses": 0,
    "sellingGeneralAndAdministrativeExpenses": 36500000,
    "otherExpenses": 4100000,
    "operatingExpenses": 40600000,
    "costAndExpenses": 90400000,
    "interestIncome": 0,
    "interestExpense": 0,
    "depreciationAndAmortization": 4100000,
    "ebitda": 27400000,
    "ebitdaratio": 0.2409850484,
    "operatingIncome": 23300000,
    "operatingIncomeRatio": 0.2049252419,
    "totalOtherIncomeExpensesNet": -1000000,
    "incomeBeforeTax": 22300000,
    "incomeBeforeTaxRatio": 0.1961301671,
    "incomeTaxExpense": 7700000,
    "netIncome": 14600000,
    "netIncomeRatio": 0.1284080915,
    "eps": 0.24,
    "epsdiluted": 0.24,
    "weightedAverageShsOut": 60564000,
    "weightedAverageShsOutDil": 60654000,
    "link": "https://www.sec.gov/Archives/edgar/data/882835/000093176300000160/0000931763-00-000160-index.html",
    "finalLink": "https://www.sec.gov/Archives/edgar/data/882835/000093176300000160/"
  },
  {
    "date": "1999-07-31",
    "symbol": "ROP",
    "reportedCurrency": "USD",
    "cik": "0000882835",
    "fillingDate": "1999-08-31",
    "acceptedDate": "1999-08-31 00:00:00",
    "calendarYear": "1999",
    "period": "Q2",
    "revenue": 104100000,
    "costOfRevenue": 45700000,
    "grossProfit": 58400000,
    "grossProfitRatio": 0.5609990394,
    "researchAndDevelopmentExpenses": 0,
    "generalAndAdministrativeExpenses": 33100000,
    "sellingAndMarketingExpenses": 0,
    "sellingGeneralAndAdministrativeExpenses": 33100000,
    "otherExpenses": 4100000,
    "operatingExpenses": 37200000,
    "costAndExpenses": 82900000,
    "interestIncome": 0,
    "interestExpense": 1400000,
    "depreciationAndAmortization": 4100000,
    "ebitda": 25300000,
    "ebitdaratio": 0.2430355427,
    "operatingIncome": 21200000,
    "operatingIncomeRatio": 0.2036503362,
    "totalOtherIncomeExpensesNet": -1600000,
    "incomeBeforeTax": 19600000,
    "incomeBeforeTaxRatio": 0.1882804995,
    "incomeTaxExpense": 6800000,
    "netIncome": 12800000,
    "netIncomeRatio": 0.1229586936,
    "eps": 0.11,
    "epsdiluted": 0.1,
    "weightedAverageShsOut": 60612000,
    "weightedAverageShsOutDil": 60612000,
    "link": "https://www.sec.gov/Archives/edgar/data/882835/000093176399002509/0000931763-99-002509-index.html",
    "finalLink": "https://www.sec.gov/Archives/edgar/data/882835/000093176399002509/"
  },
  {
    "date": "1999-04-30",
    "symbol": "ROP",
    "reportedCurrency": "USD",
    "cik": "0000882835",
    "fillingDate": "1999-06-11",
    "acceptedDate": "1999-06-11 00:00:00",
    "calendarYear": "1999",
    "period": "Q1",
    "revenue": 100500000,
    "costOfRevenue": 43700000,
    "grossProfit": 56800000,
    "grossProfitRatio": 0.5651741294,
    "researchAndDevelopmentExpenses": 0,
    "generalAndAdministrativeExpenses": 32700000,
    "sellingAndMarketingExpenses": 0,
    "sellingGeneralAndAdministrativeExpenses": 32700000,
    "otherExpenses": 3900000,
    "operatingExpenses": 36600000,
    "costAndExpenses": 80300000,
    "interestIncome": 0,
    "interestExpense": 1800000,
    "depreciationAndAmortization": 3900000,
    "ebitda": 24100000,
    "ebitdaratio": 0.239800995,
    "operatingIncome": 20200000,
    "operatingIncomeRatio": 0.2009950249,
    "totalOtherIncomeExpensesNet": -1752000,
    "incomeBeforeTax": 18400000,
    "incomeBeforeTaxRatio": 0.1830845771,
    "incomeTaxExpense": 6400000,
    "netIncome": 12000000,
    "netIncomeRatio": 0.1194029851,
    "eps": 0.1,
    "epsdiluted": 0.0975,
    "weightedAverageShsOut": 60438000,
    "weightedAverageShsOutDil": 60438000,
    "link": "https://www.sec.gov/Archives/edgar/data/882835/000093176399001890/0000931763-99-001890-index.html",
    "finalLink": "https://www.sec.gov/Archives/edgar/data/882835/000093176399001890/"
  },
  {
    "date": "1999-01-31",
    "symbol": "ROP",
    "reportedCurrency": "USD",
    "cik": "0000882835",
    "fillingDate": "1999-03-03",
    "acceptedDate": "1999-03-03 00:00:00",
    "calendarYear": "1998",
    "period": "Q4",
    "revenue": 89100000,
    "costOfRevenue": 41500000,
    "grossProfit": 47600000,
    "grossProfitRatio": 0.5342312009,
    "researchAndDevelopmentExpenses": 0,
    "generalAndAdministrativeExpenses": 30100000,
    "sellingAndMarketingExpenses": 0,
    "sellingGeneralAndAdministrativeExpenses": 30100000,
    "otherExpenses": 3900000,
    "operatingExpenses": 34000000,
    "costAndExpenses": 75500000,
    "interestIncome": 0,
    "interestExpense": 1600000,
    "depreciationAndAmortization": 3900000,
    "ebitda": 17500000,
    "ebitdaratio": 0.1964085297,
    "operatingIncome": 13600000,
    "operatingIncomeRatio": 0.152637486,
    "totalOtherIncomeExpensesNet": -1800000,
    "incomeBeforeTax": 11800000,
    "incomeBeforeTaxRatio": 0.1324354658,
    "incomeTaxExpense": 4000000,
    "netIncome": 7800000,
    "netIncomeRatio": 0.0875420875,
    "eps": 0.065,
    "epsdiluted": 0.065,
    "weightedAverageShsOut": 60538000,
    "weightedAverageShsOutDil": 60538000,
    "link": "https://www.sec.gov/Archives/edgar/data/882835/000093176399000638/0000931763-99-000638-index.html",
    "finalLink": "https://www.sec.gov/Archives/edgar/data/882835/"
  },
  {
    "date": "1998-10-31",
    "symbol": "ROP",
    "reportedCurrency": "USD",
    "cik": "0000882835",
    "fillingDate": "1999-01-20",
    "acceptedDate": "1999-01-20 00:00:00",
    "calendarYear": "1998",
    "period": "Q3",
    "revenue": 105700000,
    "costOfRevenue": 53100000,
    "grossProfit": 52600000,
    "grossProfitRatio": 0.4976348155,
    "researchAndDevelopmentExpenses": 0,
    "generalAndAdministrativeExpenses": 36100000,
    "sellingAndMarketingExpenses": 0,
    "sellingGeneralAndAdministrativeExpenses": 36100000,
    "otherExpenses": 3800000,
    "operatingExpenses": 39900000,
    "costAndExpenses": 93000000,
    "interestIncome": 0,
    "interestExpense": 800000,
    "depreciationAndAmortization": 3800000,
    "ebitda": 16500000,
    "ebitdaratio": 0.156102176,
    "operatingIncome": 12700000,
    "operatingIncomeRatio": 0.1201513718,
    "totalOtherIncomeExpensesNet": -1500000,
    "incomeBeforeTax": 11200000,
    "incomeBeforeTaxRatio": 0.1059602649,
    "incomeTaxExpense": 3800000,
    "netIncome": 7400000,
    "netIncomeRatio": 0.0700094607,
    "eps": 0.12,
    "epsdiluted": 0.12,
    "weightedAverageShsOut": 60538000,
    "weightedAverageShsOutDil": 60538000,
    "link": "https://www.sec.gov/Archives/edgar/data/882835/000093176399000134/0000931763-99-000134-index.html",
    "finalLink": "https://www.sec.gov/Archives/edgar/data/882835/"
  },
  {
    "date": "1998-07-31",
    "symbol": "ROP",
    "reportedCurrency": "USD",
    "cik": "0000882835",
    "fillingDate": "1998-08-21",
    "acceptedDate": "1998-08-21 00:00:00",
    "calendarYear": "1998",
    "period": "Q2",
    "revenue": 97400000,
    "costOfRevenue": 45300000,
    "grossProfit": 52100000,
    "grossProfitRatio": 0.5349075975,
    "researchAndDevelopmentExpenses": 0,
    "generalAndAdministrativeExpenses": 30300000,
    "sellingAndMarketingExpenses": 0,
    "sellingGeneralAndAdministrativeExpenses": 30300000,
    "otherExpenses": 3800000,
    "operatingExpenses": 34100000,
    "costAndExpenses": 79400000,
    "interestIncome": 0,
    "interestExpense": 1800000,
    "depreciationAndAmortization": 3800000,
    "ebitda": 21800000,
    "ebitdaratio": 0.2238193018,
    "operatingIncome": 18000000,
    "operatingIncomeRatio": 0.1848049281,
    "totalOtherIncomeExpensesNet": -1900000,
    "incomeBeforeTax": 16100000,
    "incomeBeforeTaxRatio": 0.1652977413,
    "incomeTaxExpense": 5500000,
    "netIncome": 10600000,
    "netIncomeRatio": 0.1088295688,
    "eps": 0.085,
    "epsdiluted": 0.0825,
    "weightedAverageShsOut": 62566000,
    "weightedAverageShsOutDil": 62566000,
    "link": "https://www.sec.gov/Archives/edgar/data/882835/000093176398002282/0000931763-98-002282-index.html",
    "finalLink": "https://www.sec.gov/Archives/edgar/data/882835/"
  },
  {
    "date": "1998-04-30",
    "symbol": "ROP",
    "reportedCurrency": "USD",
    "cik": "0000882835",
    "fillingDate": "1998-06-09",
    "acceptedDate": "1998-06-09 00:00:00",
    "calendarYear": "1998",
    "period": "Q1",
    "revenue": 96000000,
    "costOfRevenue": 44100000,
    "grossProfit": 51900000,
    "grossProfitRatio": 0.540625,
    "researchAndDevelopmentExpenses": 0,
    "generalAndAdministrativeExpenses": 30700000,
    "sellingAndMarketingExpenses": 0,
    "sellingGeneralAndAdministrativeExpenses": 30700000,
    "otherExpenses": 3500000,
    "operatingExpenses": 34200000,
    "costAndExpenses": 78300000,
    "interestIncome": 0,
    "interestExpense": 1400000,
    "depreciationAndAmortization": 3500000,
    "ebitda": 21200000,
    "ebitdaratio": 0.2208333333,
    "operatingIncome": 17700000,
    "operatingIncomeRatio": 0.184375,
    "totalOtherIncomeExpensesNet": -1600000,
    "incomeBeforeTax": 16100000,
    "incomeBeforeTaxRatio": 0.1677083333,
    "incomeTaxExpense": 5500000,
    "netIncome": 10600000,
    "netIncomeRatio": 0.1104166667,
    "eps": 0.085,
    "epsdiluted": 0.0825,
    "weightedAverageShsOut": 62508000,
    "weightedAverageShsOutDil": 62508000,
    "link": "https://www.sec.gov/Archives/edgar/data/882835/000093176398001576/0000931763-98-001576-index.html",
    "finalLink": "https://www.sec.gov/Archives/edgar/data/882835/"
  },
  {
    "date": "1998-01-31",
    "symbol": "ROP",
    "reportedCurrency": "USD",
    "cik": "0000882835",
    "fillingDate": "1998-03-03",
    "acceptedDate": "1998-03-03 00:00:00",
    "calendarYear": "1997",
    "period": "Q4",
    "revenue": 90100000,
    "costOfRevenue": 41300000,
    "grossProfit": 48800000,
    "grossProfitRatio": 0.5416204218,
    "researchAndDevelopmentExpenses": 0,
    "generalAndAdministrativeExpenses": 27700000,
    "sellingAndMarketingExpenses": 0,
    "sellingGeneralAndAdministrativeExpenses": 27700000,
    "otherExpenses": 3300000,
    "operatingExpenses": 31000000,
    "costAndExpenses": 72300000,
    "interestIncome": 0,
    "interestExpense": 1100000,
    "depreciationAndAmortization": 3300000,
    "ebitda": 21100000,
    "ebitdaratio": 0.2341842397,
    "operatingIncome": 17800000,
    "operatingIncomeRatio": 0.1975582686,
    "totalOtherIncomeExpensesNet": -1500000,
    "incomeBeforeTax": 16300000,
    "incomeBeforeTaxRatio": 0.1809100999,
    "incomeTaxExpense": 5600000,
    "netIncome": 10700000,
    "netIncomeRatio": 0.1187569367,
    "eps": 0.0875,
    "epsdiluted": 0.085,
    "weightedAverageShsOut": 62152000,
    "weightedAverageShsOutDil": 62152000,
    "link": "https://www.sec.gov/Archives/edgar/data/882835/000093176398000495/0000931763-98-000495-index.html",
    "finalLink": "https://www.sec.gov/Archives/edgar/data/882835/"
  },
  {
    "date": "1997-10-31",
    "symbol": "ROP",
    "reportedCurrency": "USD",
    "cik": "0000882835",
    "fillingDate": "1998-01-21",
    "acceptedDate": "1998-01-21 00:00:00",
    "calendarYear": "1997",
    "period": "Q3",
    "revenue": 87500000,
    "costOfRevenue": 33900000,
    "grossProfit": 53600000,
    "grossProfitRatio": 0.6125714286,
    "researchAndDevelopmentExpenses": 0,
    "generalAndAdministrativeExpenses": 26900000,
    "sellingAndMarketingExpenses": 0,
    "sellingGeneralAndAdministrativeExpenses": 26900000,
    "otherExpenses": 11400000,
    "operatingExpenses": 38300000,
    "costAndExpenses": 72200000,
    "interestIncome": 0,
    "interestExpense": 2000000,
    "depreciationAndAmortization": 300000,
    "ebitda": 15300000,
    "ebitdaratio": 0.1748571429,
    "operatingIncome": 15300000,
    "operatingIncomeRatio": 0.1748571429,
    "totalOtherIncomeExpensesNet": -2000000,
    "incomeBeforeTax": 13300000,
    "incomeBeforeTaxRatio": 0.152,
    "incomeTaxExpense": 4500000,
    "netIncome": 8800000,
    "netIncomeRatio": 0.1005714286,
    "eps": 0.14,
    "epsdiluted": 0.14,
    "weightedAverageShsOut": 61838000,
    "weightedAverageShsOutDil": 62152000,
    "link": "https://www.sec.gov/Archives/edgar/data/882835/000093176398000080/0000931763-98-000080-index.html",
    "finalLink": "https://www.sec.gov/Archives/edgar/data/882835/"
  },
  {
    "date": "1997-07-31",
    "symbol": "ROP",
    "reportedCurrency": "USD",
    "cik": "0000882835",
    "fillingDate": "1997-09-12",
    "acceptedDate": "1997-09-12 00:00:00",
    "calendarYear": "1997",
    "period": "Q2",
    "revenue": 88500000,
    "costOfRevenue": 43700000,
    "grossProfit": 44800000,
    "grossProfitRatio": 0.5062146893,
    "researchAndDevelopmentExpenses": 0,
    "generalAndAdministrativeExpenses": 25400000,
    "sellingAndMarketingExpenses": 0,
    "sellingGeneralAndAdministrativeExpenses": 25400000,
    "otherExpenses": 0,
    "operatingExpenses": 25400000,
    "costAndExpenses": 69100000,
    "interestIncome": 0,
    "interestExpense": 1700000,
    "depreciationAndAmortization": -100000,
    "ebitda": 19300000,
    "ebitdaratio": 0.218079096,
    "operatingIncome": 19400000,
    "operatingIncomeRatio": 0.2192090395,
    "totalOtherIncomeExpensesNet": -1700000,
    "incomeBeforeTax": 17700000,
    "incomeBeforeTaxRatio": 0.2,
    "incomeTaxExpense": 6100000,
    "netIncome": 11600000,
    "netIncomeRatio": 0.1310734463,
    "eps": 0.0475,
    "epsdiluted": 0.0463,
    "weightedAverageShsOut": 61748000,
    "weightedAverageShsOutDil": 61748000,
    "link": "https://www.sec.gov/Archives/edgar/data/882835/000093176397001519/0000931763-97-001519-index.html",
    "finalLink": "https://www.sec.gov/Archives/edgar/data/882835/"
  },
  {
    "date": "1997-04-30",
    "symbol": "ROP",
    "reportedCurrency": "USD",
    "cik": "0000882835",
    "fillingDate": "1997-06-09",
    "acceptedDate": "1997-06-09 00:00:00",
    "calendarYear": "1997",
    "period": "Q1",
    "revenue": 67000000,
    "costOfRevenue": 30000000,
    "grossProfit": 37000000,
    "grossProfitRatio": 0.552238806,
    "researchAndDevelopmentExpenses": 0,
    "generalAndAdministrativeExpenses": 20500000,
    "sellingAndMarketingExpenses": 0,
    "sellingGeneralAndAdministrativeExpenses": 20500000,
    "otherExpenses": 0,
    "operatingExpenses": 20500000,
    "costAndExpenses": 50500000,
    "interestIncome": 0,
    "interestExpense": 1100000,
    "depreciationAndAmortization": -200000,
    "ebitda": 16300000,
    "ebitdaratio": 0.2432835821,
    "operatingIncome": 16500000,
    "operatingIncomeRatio": 0.2462686567,
    "totalOtherIncomeExpensesNet": -1100000,
    "incomeBeforeTax": 15400000,
    "incomeBeforeTaxRatio": 0.2298507463,
    "incomeTaxExpense": 5300000,
    "netIncome": 10100000,
    "netIncomeRatio": 0.1507462687,
    "eps": 0.0425,
    "epsdiluted": 0.04,
    "weightedAverageShsOut": 61168000,
    "weightedAverageShsOutDil": 61168000,
    "link": "https://www.sec.gov/Archives/edgar/data/882835/000093176397000992/0000931763-97-000992-index.html",
    "finalLink": "https://www.sec.gov/Archives/edgar/data/882835/"
  },
  {
    "date": "1997-01-31",
    "symbol": "ROP",
    "reportedCurrency": "USD",
    "cik": "0000882835",
    "fillingDate": "1997-03-07",
    "acceptedDate": "1997-03-07 00:00:00",
    "calendarYear": "1996",
    "period": "Q4",
    "revenue": 55100000,
    "costOfRevenue": 25700000,
    "grossProfit": 29400000,
    "grossProfitRatio": 0.5335753176,
    "researchAndDevelopmentExpenses": 0,
    "generalAndAdministrativeExpenses": 19600000,
    "sellingAndMarketingExpenses": 0,
    "sellingGeneralAndAdministrativeExpenses": 19600000,
    "otherExpenses": 0,
    "operatingExpenses": 19600000,
    "costAndExpenses": 45300000,
    "interestIncome": 0,
    "interestExpense": 1100000,
    "depreciationAndAmortization": -200000,
    "ebitda": 9600000,
    "ebitdaratio": 0.1742286751,
    "operatingIncome": 9800000,
    "operatingIncomeRatio": 0.1778584392,
    "totalOtherIncomeExpensesNet": -1100000,
    "incomeBeforeTax": 8700000,
    "incomeBeforeTaxRatio": 0.1578947368,
    "incomeTaxExpense": 2900000,
    "netIncome": 5800000,
    "netIncomeRatio": 0.1052631579,
    "eps": 0.0238,
    "epsdiluted": 0.0238,
    "weightedAverageShsOut": 60820000,
    "weightedAverageShsOutDil": 60820000,
    "link": "https://www.sec.gov/Archives/edgar/data/882835/000093176397000261/0000931763-97-000261-index.html",
    "finalLink": "https://www.sec.gov/Archives/edgar/data/882835/"
  },
  {
    "date": "1996-10-31",
    "symbol": "ROP",
    "reportedCurrency": "USD",
    "cik": "0000882835",
    "fillingDate": "1997-01-09",
    "acceptedDate": "1997-01-09 00:00:00",
    "calendarYear": "1996",
    "period": "Q3",
    "revenue": 65800000,
    "costOfRevenue": 23000000,
    "grossProfit": 42800000,
    "grossProfitRatio": 0.6504559271,
    "researchAndDevelopmentExpenses": 0,
    "generalAndAdministrativeExpenses": 21300000,
    "sellingAndMarketingExpenses": 0,
    "sellingGeneralAndAdministrativeExpenses": 21300000,
    "otherExpenses": 7900000,
    "operatingExpenses": 29200000,
    "costAndExpenses": 52200000,
    "interestIncome": 0,
    "interestExpense": 1500000,
    "depreciationAndAmortization": -200000,
    "ebitda": 13400000,
    "ebitdaratio": 0.2036474164,
    "operatingIncome": 13600000,
    "operatingIncomeRatio": 0.2066869301,
    "totalOtherIncomeExpensesNet": -1500000,
    "incomeBeforeTax": 12100000,
    "incomeBeforeTaxRatio": 0.1838905775,
    "incomeTaxExpense": 4700000,
    "netIncome": 7400000,
    "netIncomeRatio": 0.1124620061,
    "eps": 0.12,
    "epsdiluted": 0.12,
    "weightedAverageShsOut": 60644000,
    "weightedAverageShsOutDil": 60820000,
    "link": "https://www.sec.gov/Archives/edgar/data/882835/000093176397000022/0000931763-97-000022-index.html",
    "finalLink": "https://www.sec.gov/Archives/edgar/data/882835/"
  },
  {
    "date": "1996-07-31",
    "symbol": "ROP",
    "reportedCurrency": "USD",
    "cik": "0000882835",
    "fillingDate": "1996-09-12",
    "acceptedDate": "1996-09-12 00:00:00",
    "calendarYear": "1996",
    "period": "Q2",
    "revenue": 59900000,
    "costOfRevenue": 30300000,
    "grossProfit": 29600000,
    "grossProfitRatio": 0.4941569282,
    "researchAndDevelopmentExpenses": 0,
    "generalAndAdministrativeExpenses": 18200000,
    "sellingAndMarketingExpenses": 0,
    "sellingGeneralAndAdministrativeExpenses": 18200000,
    "otherExpenses": 0,
    "operatingExpenses": 18200000,
    "costAndExpenses": 48500000,
    "interestIncome": 0,
    "interestExpense": 1000000,
    "depreciationAndAmortization": 0,
    "ebitda": 11400000,
    "ebitdaratio": 0.1903171953,
    "operatingIncome": 11400000,
    "operatingIncomeRatio": 0.1903171953,
    "totalOtherIncomeExpensesNet": -1000000,
    "incomeBeforeTax": 10400000,
    "incomeBeforeTaxRatio": 0.1736227045,
    "incomeTaxExpense": 3400000,
    "netIncome": 7000000,
    "netIncomeRatio": 0.1168614357,
    "eps": 0.0288,
    "epsdiluted": 0.0288,
    "weightedAverageShsOut": 60616000,
    "weightedAverageShsOutDil": 60616000,
    "link": "https://www.sec.gov/Archives/edgar/data/882835/000095010996005947/0000950109-96-005947-index.html",
    "finalLink": "https://www.sec.gov/Archives/edgar/data/882835/"
  },
  {
    "date": "1996-04-30",
    "symbol": "ROP",
    "reportedCurrency": "USD",
    "cik": "0000882835",
    "fillingDate": "1996-06-14",
    "acceptedDate": "1996-06-14 00:00:00",
    "calendarYear": "1996",
    "period": "Q1",
    "revenue": 47100000,
    "costOfRevenue": 24600000,
    "grossProfit": 22500000,
    "grossProfitRatio": 0.4777070064,
    "researchAndDevelopmentExpenses": 0,
    "generalAndAdministrativeExpenses": 0,
    "sellingAndMarketingExpenses": 0,
    "sellingGeneralAndAdministrativeExpenses": 13700000,
    "otherExpenses": 0,
    "operatingExpenses": 13700000,
    "costAndExpenses": 38300000,
    "interestIncome": 0,
    "interestExpense": 300000,
    "depreciationAndAmortization": 0,
    "ebitda": 8800000,
    "ebitdaratio": 0.186836518,
    "operatingIncome": 8800000,
    "operatingIncomeRatio": 0.186836518,
    "totalOtherIncomeExpensesNet": -300000,
    "incomeBeforeTax": 8500000,
    "incomeBeforeTaxRatio": 0.1804670913,
    "incomeTaxExpense": 2800000,
    "netIncome": 5700000,
    "netIncomeRatio": 0.1210191083,
    "eps": 0.0238,
    "epsdiluted": 0.0238,
    "weightedAverageShsOut": 61736000,
    "weightedAverageShsOutDil": 61736000,
    "link": "https://www.sec.gov/Archives/edgar/data/882835/000093176396000262/0000931763-96-000262-index.html",
    "finalLink": "https://www.sec.gov/Archives/edgar/data/882835/"
  },
  {
    "date": "1996-01-31",
    "symbol": "ROP",
    "reportedCurrency": "USD",
    "cik": "0000882835",
    "fillingDate": "1996-06-14",
    "acceptedDate": "1996-06-14 00:00:00",
    "calendarYear": "1995",
    "period": "Q4",
    "revenue": 52900000,
    "costOfRevenue": 23900000,
    "grossProfit": 29000000,
    "grossProfitRatio": 0.5482041588,
    "researchAndDevelopmentExpenses": 0,
    "generalAndAdministrativeExpenses": 0,
    "sellingAndMarketingExpenses": 0,
    "sellingGeneralAndAdministrativeExpenses": 15400000,
    "otherExpenses": 0,
    "operatingExpenses": 15400000,
    "costAndExpenses": 39300000,
    "interestIncome": 0,
    "interestExpense": 400000,
    "depreciationAndAmortization": -100000,
    "ebitda": 13500000,
    "ebitdaratio": 0.2551984877,
    "operatingIncome": 13600000,
    "operatingIncomeRatio": 0.2570888469,
    "totalOtherIncomeExpensesNet": -400000,
    "incomeBeforeTax": 13200000,
    "incomeBeforeTaxRatio": 0.2495274102,
    "incomeTaxExpense": 4400000,
    "netIncome": 8800000,
    "netIncomeRatio": 0.1663516068,
    "eps": 0.0363,
    "epsdiluted": 0.0363,
    "weightedAverageShsOut": 59960000,
    "weightedAverageShsOutDil": 59960000,
    "link": "https://www.sec.gov/Archives/edgar/data/882835/000095010996003831/0000950109-96-003831-index.html",
    "finalLink": "https://www.sec.gov/Archives/edgar/data/882835/"
  },
  {
    "date": "1995-10-31",
    "symbol": "ROP",
    "reportedCurrency": "USD",
    "cik": "0000882835",
    "fillingDate": "1995-10-31",
    "acceptedDate": "1995-10-31 00:00:00",
    "calendarYear": "1995",
    "period": "Q3",
    "revenue": 54100000,
    "costOfRevenue": 17300000,
    "grossProfit": 36800000,
    "grossProfitRatio": 0.6802218115,
    "researchAndDevelopmentExpenses": 0,
    "generalAndAdministrativeExpenses": 0,
    "sellingAndMarketingExpenses": 0,
    "sellingGeneralAndAdministrativeExpenses": 16600000,
    "otherExpenses": 6000000,
    "operatingExpenses": 22600000,
    "costAndExpenses": 39900000,
    "interestIncome": 0,
    "interestExpense": 0,
    "depreciationAndAmortization": -400000,
    "ebitda": 13800000,
    "ebitdaratio": 0.2550831793,
    "operatingIncome": 14200000,
    "operatingIncomeRatio": 0.2624768946,
    "totalOtherIncomeExpensesNet": 100000,
    "incomeBeforeTax": 14300000,
    "incomeBeforeTaxRatio": 0.2643253235,
    "incomeTaxExpense": 5100000,
    "netIncome": 9200000,
    "netIncomeRatio": 0.1700554529,
    "eps": 0.15,
    "epsdiluted": 0.15,
    "weightedAverageShsOut": 59716000,
    "weightedAverageShsOutDil": 59716000,
    "link": null,
    "finalLink": null
  }
]