[
  {
    "date": "2024-12-31",
    "symbol": "ROP",
    "reportedCurrency": "USD",
    "cik": "0000882835",
    "fillingDate": "2025-02-24",
    "acceptedDate": "2025-02-24 17:06:17",
    "calendarYear": "2024",
    "period": "FY",
    "revenue": 7039200000,
    "costOfRevenue": 2160900000,
    "grossProfit": 4878300000,
    "grossProfitRatio": 0.6930190931,
    "researchAndDevelopmentExpenses": 748100000,
    "generalAndAdministrativeExpenses": 0,
    "sellingAndMarketingExpenses": 0,
    "sellingGeneralAndAdministrativeExpenses": 2133400000,
    "otherExpenses": 0,
    "operatingExpenses": 2881500000,
    "costAndExpenses": 5042400000,
    "interestIncome": 0,
    "interestExpense": 259200000,
    "depreciationAndAmortization": 812800000,
    "ebitda": 3039200000,
    "ebitdaratio": 0.4317536084,
    "operatingIncome": 1996800000,
    "operatingIncomeRatio": 0.2836685987,
    "totalOtherIncomeExpensesNet": -29600000,
    "incomeBeforeTax": 1967200000,
    "incomeBeforeTaxRatio": 0.2794635754,
    "incomeTaxExpense": 417900000,
    "netIncome": 1549300000,
    "netIncomeRatio": 0.2200960336,
    "eps": 14.47,
    "epsdiluted": 14.35,
    "weightedAverageShsOut": 107100000,
    "weightedAverageShsOutDil": 108000000,
    "link": "https://www.sec.gov/Archives/edgar/data/882835/000088283525000008/0000882835-25-000008-index.htm",
    "finalLink": "https://www.sec.gov/Archives/edgar/data/882835/000088283525000008/rop-20241231.htm"
  },
  {
    "date": "2023-12-31",
    "symbol": "ROP",
    "reportedCurrency": "USD",
    "cik": "0000882835",
    "fillingDate": "2024-02-22",
    "acceptedDate": "2024-02-22 17:05:32",
    "calendarYear": "2023",
    "period": "FY",
    "revenue": 6177800000,
    "costOfRevenue": 1870600000,
    "grossProfit": 4307200000,
    "grossProfitRatio": 0.6972061252,
    "researchAndDevelopmentExpenses": 646100000,
    "generalAndAdministrativeExpenses": 0,
    "sellingAndMarketingExpenses": 0,
    "sellingGeneralAndAdministrativeExpenses": 1915900000,
    "otherExpenses": 0,
    "operatingExpenses": 2562000000,
    "costAndExpenses": 4432600000,
    "interestIncome": 0,
    "interestExpense": 164700000,
    "depreciationAndAmortization": 755200000,
    "ebitda": 2663000000,
    "ebitdaratio": 0.4310596005,
    "operatingIncome": 1745200000,
    "operatingIncomeRatio": 0.2824953867,
    "totalOtherIncomeExpensesNet": -2100000,
    "incomeBeforeTax": 1743100000,
    "incomeBeforeTaxRatio": 0.2821554599,
    "incomeTaxExpense": 374700000,
    "netIncome": 1364300000,
    "netIncomeRatio": 0.2208391337,
    "eps": 12.7983,
    "epsdiluted": 12.703,
    "weightedAverageShsOut": 106600000,
    "weightedAverageShsOutDil": 107400000,
    "link": "https://www.sec.gov/Archives/edgar/data/882835/000088283524000008/0000882835-24-000008-index.htm",
    "finalLink": "https://www.sec.gov/Archives/edgar/data/882835/000088283524000008/rop-20231231.htm"
  },
  {
    "date": "2022-12-31",
    "symbol": "ROP",
    "reportedCurrency": "USD",
    "cik": "0000882835",
    "fillingDate": "2023-02-27",
    "acceptedDate": "2023-02-27 16:48:06",
    "calendarYear": "2022",
    "period": "FY",
    "revenue": 5371800000,
    "costOfRevenue": 1619000000,
    "grossProfit": 3752800000,
    "grossProfitRatio": 0.6986112662,
    "researchAndDevelopmentExpenses": 529799999,
    "generalAndAdministrativeExpenses": 0,
    "sellingAndMarketingExpenses": 0,
    "sellingGeneralAndAdministrativeExpenses": 1698500000,
    "otherExpenses": 0,
    "operatingExpenses": 2228300000,
    "costAndExpenses": 3847300000,
    "interestIncome": 0,
    "interestExpense": 192400000,
    "depreciationAndAmortization": 650100000,
    "ebitda": 2124500000,
    "ebitdaratio": 0.3954912692,
    "operatingIncome": 1524500000,
    "operatingIncomeRatio": 0.2837968651,
    "totalOtherIncomeExpensesNet": -242500000,
    "incomeBeforeTax": 1282000000,
    "incomeBeforeTaxRatio": 0.2386537101,
    "incomeTaxExpense": 296400000,
    "netIncome": 1188400000,
    "netIncomeRatio": 0.2212293831,
    "eps": 11.2219,
    "epsdiluted": 11.1273,
    "weightedAverageShsOut": 105900000,
    "weightedAverageShsOutDil": 106800000,
    "link": "https://www.sec.gov/Archives/edgar/data/882835/000088283523000016/0000882835-23-000016-index.htm",
    "finalLink": "https://www.sec.gov/Archives/edgar/data/882835/000088283523000016/rop-20221231.htm"
  },
  {
    "date": "2021-12-31",
    "symbol": "ROP",
    "reportedCurrency": "USD",
    "cik": "0000882835",
    "fillingDate": "2022-02-22",
    "acceptedDate": "2022-02-22 17:02:07",
    "calendarYear": "2021",
    "period": "FY",
    "revenue": 4833800000,
    "costOfRevenue": 1426200000,
    "grossProfit": 3407600000,
    "grossProfitRatio": 0.7049526253,
    "researchAndDevelopmentExpenses": 484800000,
    "generalAndAdministrativeExpenses": 0,
    "sellingAndMarketingExpenses": 0,
    "sellingGeneralAndAdministrativeExpenses": 1587200000,
    "otherExpenses": 0,
    "operatingExpenses": 2072000000,
    "costAndExpenses": 3498200000,
    "interestIncome": 0,
    "interestExpense": 234100000,
    "depreciationAndAmortization": 615900000,
    "ebitda": 1881700000,
    "ebitdaratio": 0.3892796558,
    "operatingIncome": 1335600000,
    "operatingIncomeRatio": 0.2763043568,
    "totalOtherIncomeExpensesNet": -303699999,
    "incomeBeforeTax": 1031900000,
    "incomeBeforeTaxRatio": 0.2134759403,
    "incomeTaxExpense": 226600000,
    "netIncome": 1096700000,
    "netIncomeRatio": 0.2268815425,
    "eps": 10.415,
    "epsdiluted": 10.2977,
    "weightedAverageShsOut": 105300000,
    "weightedAverageShsOutDil": 106500000,
    "link": "https://www.sec.gov/Archives/edgar/data/882835/000088283522000012/0000882835-22-000012-index.htm",
    "finalLink": "https://www.sec.gov/Archives/edgar/data/882835/000088283522000012/rop-20211231.htm"
  },
  {
    "date": "2020-12-31",
    "symbol": "ROP",
    "reportedCurrency": "USD",
    "cik": "0000882835",
    "fillingDate": "2021-02-22",
    "acceptedDate": "2021-02-22 08:59:47",
    "calendarYear": "2020",
    "period": "FY",
    "revenue": 4854200000,
    "costOfRevenue": 1583400000,
    "grossProfit": 3270800000,
    "grossProfitRatio": 0.6738082485,
    "researchAndDevelopmentExpenses": 423600000,
    "generalAndAdministrativeExpenses": 0,
    "sellingAndMarketingExpenses": 0,
    "sellingGeneralAndAdministrativeExpenses": 1573700000,
    "otherExpenses": 0,
    "operatingExpenses": 1997300000,
    "costAndExpenses": 3580700000,
    "interestIncome": 0,
    "interestExpense": 218900000,
    "depreciationAndAmortization": 512900000,
    "ebitda": 1782800000,
    "ebitdaratio": 0.367269581,
    "operatingIncome": 1273500000,
    "operatingIncomeRatio": 0.2623501298,
    "totalOtherIncomeExpensesNet": -222099999,
    "incomeBeforeTax": 1051400000,
    "incomeBeforeTaxRatio": 0.2165959375,
    "incomeTaxExpense": 225900000,
    "netIncome": 949700000,
    "netIncomeRatio": 0.1956450084,
    "eps": 9.0794,
    "epsdiluted": 8.9849,
    "weightedAverageShsOut": 104600000,
    "weightedAverageShsOutDil": 105700000,
    "link": "https://www.sec.gov/Archives/edgar/data/882835/000088283521000011/0000882835-21-000011-index.htm",
    "finalLink": "https://www.sec.gov/Archives/edgar/data/882835/000088283521000011/rop-20201231.htm"
  },
  {
    "date": "2019-12-31",
    "symbol": "ROP",
    "reportedCurrency": "USD",
    "cik": "0000882835",
    "fillingDate": "2020-02-28",
    "acceptedDate": "2020-02-28 14:02:08",
    "calendarYear": "2019",
    "period": "FY",
    "revenue": 5366800000,
    "costOfRevenue": 1939700000,
    "grossProfit": 3427100000,
    "grossProfitRatio": 0.6385741969,
    "researchAndDevelopmentExpenses": 339100000,
    "generalAndAdministrativeExpenses": 0,
    "sellingAndMarketingExpenses": 0,
    "sellingGeneralAndAdministrativeExpenses": 1589600000,
    "otherExpenses": 0,
    "operatingExpenses": 1928700000,
    "costAndExpenses": 3868400000,
    "interestIncome": 400000,
    "interestExpense": 186600000,
    "depreciationAndAmortization": 413900000,
    "ebitda": 2827900000,
    "ebitdaratio": 0.5269247969,
    "operatingIncome": 1498400000,
    "operatingIncomeRatio": 0.2791980323,
    "totalOtherIncomeExpensesNet": 729000000,
    "incomeBeforeTax": 2227400000,
    "incomeBeforeTaxRatio": 0.4150331669,
    "incomeTaxExpense": 459500000,
    "netIncome": 1767900000,
    "netIncomeRatio": 0.329414176,
    "eps": 17.0154,
    "epsdiluted": 16.8211,
    "weightedAverageShsOut": 103900000,
    "weightedAverageShsOutDil": 105100000,
    "link": "https://www.sec.gov/Archives/edgar/data/882835/000088283520000006/0000882835-20-000006-index.htm",
    "finalLink": "https://www.sec.gov/Archives/edgar/data/882835/000088283520000006/a201910-kdoc.htm"
  },
  {
    "date": "2018-12-31",
    "symbol": "ROP",
    "reportedCurrency": "USD",
    "cik": "0000882835",
    "fillingDate": "2019-02-25",
    "acceptedDate": "2019-02-25 11:44:47",
    "calendarYear": "2018",
    "period": "FY",
    "revenue": 5191200000,
    "costOfRevenue": 1911700000,
    "grossProfit": 3279500000,
    "grossProfitRatio": 0.6317421791,
    "researchAndDevelopmentExpenses": 317000000,
    "generalAndAdministrativeExpenses": 0,
    "sellingAndMarketingExpenses": 0,
    "sellingGeneralAndAdministrativeExpenses": 1566100000,
    "otherExpenses": 0,
    "operatingExpenses": 1883100000,
    "costAndExpenses": 3794800000,
    "interestIncome": 0,
    "interestExpense": 182100000,
    "depreciationAndAmortization": 366000000,
    "ebitda": 1746500000,
    "ebitdaratio": 0.3364347357,
    "operatingIncome": 1396400000,
    "operatingIncomeRatio": 0.2689936816,
    "totalOtherIncomeExpensesNet": -198000000,
    "incomeBeforeTax": 1198400000,
    "incomeBeforeTaxRatio": 0.2308522114,
    "incomeTaxExpense": 254000000,
    "netIncome": 944400000,
    "netIncomeRatio": 0.1819232547,
    "eps": 9.1512,
    "epsdiluted": 9.046,
    "weightedAverageShsOut": 103200000,
    "weightedAverageShsOutDil": 104400000,
    "link": "https://www.sec.gov/Archives/edgar/data/882835/000088283519000010/0000882835-19-000010-index.htm",
    "finalLink": "https://www.sec.gov/Archives/edgar/data/882835/000088283519000010/a201810-kdoc.htm"
  },
  {
    "date": "2017-12-31",
    "symbol": "ROP",
    "reportedCurrency": "USD",
    "cik": "0000882835",
    "fillingDate": "2018-02-23",
    "acceptedDate": "2018-02-23 16:10:12",
    "calendarYear": "2017",
    "period": "FY",
    "revenue": 4607471000,
    "costOfRevenue": 1742675000,
    "grossProfit": 2864796000,
    "grossProfitRatio": 0.6217719005,
    "researchAndDevelopmentExpenses": 281100000,
    "generalAndAdministrativeExpenses": 0,
    "sellingAndMarketingExpenses": 0,
    "sellingGeneralAndAdministrativeExpenses": 1373452000,
    "otherExpenses": 0,
    "operatingExpenses": 1654552000,
    "costAndExpenses": 3397227000,
    "interestIncome": 0,
    "interestExpense": 180600000,
    "depreciationAndAmortization": 343513000,
    "ebitda": 1558802000,
    "ebitdaratio": 0.3383205233,
    "operatingIncome": 1210244000,
    "operatingIncomeRatio": 0.2626699115,
    "totalOtherIncomeExpensesNet": -175521000,
    "incomeBeforeTax": 1034723000,
    "incomeBeforeTaxRatio": 0.2245750434,
    "incomeTaxExpense": 62951000,
    "netIncome": 971772000,
    "netIncomeRatio": 0.2109122336,
    "eps": 9.51,
    "epsdiluted": 9.39,
    "weightedAverageShsOut": 102168000,
    "weightedAverageShsOutDil": 103522000,
    "link": "https://www.sec.gov/Archives/edgar/data/882835/000088283518000011/0000882835-18-000011-index.htm",
    "finalLink": "https://www.sec.gov/Archives/edgar/data/882835/000088283518000011/a201710-kdoc.htm"
  },
  {
    "date": "2016-12-31",
    "symbol": "ROP",
    "reportedCurrency": "USD",
    "cik": "0000882835",
    "fillingDate": "2017-02-27",
    "acceptedDate": "2017-02-27 13:56:23",
    "calendarYear": "2016",
    "period": "FY",
    "revenue": 3789925000,
    "costOfRevenue": 1457515000,
    "grossProfit": 2332410000,
    "grossProfitRatio": 0.6154237881,
    "researchAndDevelopmentExpenses": 195400000,
    "generalAndAdministrativeExpenses": 0,
    "sellingAndMarketingExpenses": 0,
    "sellingGeneralAndAdministrativeExpenses": 1073947000,
    "otherExpenses": 0,
    "operatingExpenses": 1269347000,
    "costAndExpenses": 2726862000,
    "interestIncome": 0,
    "interestExpense": 111600000,
    "depreciationAndAmortization": 238299000,
    "ebitda": 1290510000,
    "ebitdaratio": 0.3405106961,
    "operatingIncome": 1063063000,
    "operatingIncomeRatio": 0.2804971075,
    "totalOtherIncomeExpensesNet": -122411000,
    "incomeBeforeTax": 940652000,
    "incomeBeforeTaxRatio": 0.2481980514,
    "incomeTaxExpense": 282007000,
    "netIncome": 658645000,
    "netIncomeRatio": 0.1737883995,
    "eps": 6.5,
    "epsdiluted": 6.43,
    "weightedAverageShsOut": 101291000,
    "weightedAverageShsOutDil": 102464000,
    "link": "https://www.sec.gov/Archives/edgar/data/882835/000088283517000006/0000882835-17-000006-index.htm",
    "finalLink": "https://www.sec.gov/Archives/edgar/data/882835/000088283517000006/cy2016_10-k.htm"
  },
  {
    "date": "2015-12-31",
    "symbol": "ROP",
    "reportedCurrency": "USD",
    "cik": "0000882835",
    "fillingDate": "2016-02-26",
    "acceptedDate": "2016-02-26 14:09:27",
    "calendarYear": "2015",
    "period": "FY",
    "revenue": 3582395000,
    "costOfRevenue": 1417749000,
    "grossProfit": 2164646000,
    "grossProfitRatio": 0.6042454838,
    "researchAndDevelopmentExpenses": 164200000,
    "generalAndAdministrativeExpenses": 0,
    "sellingAndMarketingExpenses": 0,
    "sellingGeneralAndAdministrativeExpenses": 966628000,
    "otherExpenses": 0,
    "operatingExpenses": 1130828000,
    "costAndExpenses": 2548577000,
    "interestIncome": 0,
    "interestExpense": 84225000,
    "depreciationAndAmortization": 202185000,
    "ebitda": 1288755000,
    "ebitdaratio": 0.3597467616,
    "operatingIncome": 1033818000,
    "operatingIncomeRatio": 0.2885829173,
    "totalOtherIncomeExpensesNet": -31473000,
    "incomeBeforeTax": 1002345000,
    "incomeBeforeTaxRatio": 0.2797974539,
    "incomeTaxExpense": 306278000,
    "netIncome": 696067000,
    "netIncomeRatio": 0.1943021359,
    "eps": 6.92,
    "epsdiluted": 6.85,
    "weightedAverageShsOut": 100616000,
    "weightedAverageShsOutDil": 101597000,
    "link": "https://www.sec.gov/Archives/edgar/data/882835/000088283516000035/0000882835-16-000035-index.htm",
    "finalLink": "https://www.sec.gov/Archives/edgar/data/882835/000088283516000035/cy2015_10-k.htm"
  },
  {
    "date": "2014-12-31",
    "symbol": "ROP",
    "reportedCurrency": "USD",
    "cik": "0000882835",
    "fillingDate": "2015-02-20",
    "acceptedDate": "2015-02-20 12:20:17",
    "calendarYear": "2014",
    "period": "FY",
    "revenue": 3549494000,
    "costOfRevenue": 1447595000,
    "grossProfit": 2101899000,
    "grossProfitRatio": 0.5921686302,
    "researchAndDevelopmentExpenses": 147900000,
    "generalAndAdministrativeExpenses": 0,
    "sellingAndMarketingExpenses": 0,
    "sellingGeneralAndAdministrativeExpenses": 951726000,
    "otherExpenses": 0,
    "operatingExpenses": 1099626000,
    "costAndExpenses": 2547221000,
    "interestIncome": 0,
    "interestExpense": 78637000,
    "depreciationAndAmortization": 193890000,
    "ebitda": 1193983000,
    "ebitdaratio": 0.3363811856,
    "operatingIncome": 1002273000,
    "operatingIncomeRatio": 0.2823706703,
    "totalOtherIncomeExpensesNet": -80817000,
    "incomeBeforeTax": 921456000,
    "incomeBeforeTaxRatio": 0.2596020729,
    "incomeTaxExpense": 275423000,
    "netIncome": 646033000,
    "netIncomeRatio": 0.1820070692,
    "eps": 6.47,
    "epsdiluted": 6.4,
    "weightedAverageShsOut": 99916000,
    "weightedAverageShsOutDil": 100884000,
    "link": "https://www.sec.gov/Archives/edgar/data/882835/000088283515000009/0000882835-15-000009-index.htm",
    "finalLink": "https://www.sec.gov/Archives/edgar/data/882835/000088283515000009/cy2014_10-k.htm"
  },
  {
    "date": "2013-12-31",
    "symbol": "ROP",
    "reportedCurrency": "USD",
    "cik": "0000882835",
    "fillingDate": "2014-04-28",
    "acceptedDate": "2014-04-28 08:23:53",
    "calendarYear": "2013",
    "period": "FY",
    "revenue": 3238128000,
    "costOfRevenue": 1355200000,
    "grossProfit": 1882928000,
    "grossProfitRatio": 0.5814865873,
    "researchAndDevelopmentExpenses": 145700000,
    "generalAndAdministrativeExpenses": 0,
    "sellingAndMarketingExpenses": 0,
    "sellingGeneralAndAdministrativeExpenses": 891567000,
    "otherExpenses": 0,
    "operatingExpenses": 1037267000,
    "costAndExpenses": 2392467000,
    "interestIncome": 0,
    "interestExpense": 88039000,
    "depreciationAndAmortization": 184756000,
    "ebitda": 1026925000,
    "ebitdaratio": 0.3171353943,
    "operatingIncome": 845661000,
    "operatingIncomeRatio": 0.2611573724,
    "totalOtherIncomeExpensesNet": -91531000,
    "incomeBeforeTax": 754130000,
    "incomeBeforeTaxRatio": 0.2328907319,
    "incomeTaxExpense": 215837000,
    "netIncome": 538293000,
    "netIncomeRatio": 0.1662358622,
    "eps": 5.43,
    "epsdiluted": 5.37,
    "weightedAverageShsOut": 99123000,
    "weightedAverageShsOutDil": 100209000,
    "link": "https://www.sec.gov/Archives/edgar/data/882835/000095010314002971/0000950103-14-002971-index.htm",
    "finalLink": "https://www.sec.gov/Archives/edgar/data/882835/000095010314002971/dp45909_10ka.htm"
  },
  {
    "date": "2012-12-31",
    "symbol": "ROP",
    "reportedCurrency": "USD",
    "cik": "0000882835",
    "fillingDate": "2013-02-25",
    "acceptedDate": "2013-02-25 17:30:07",
    "calendarYear": "2012",
    "period": "FY",
    "revenue": 2993489000,
    "costOfRevenue": 1321772000,
    "grossProfit": 1671717000,
    "grossProfitRatio": 0.5584510249,
    "researchAndDevelopmentExpenses": 125900000,
    "generalAndAdministrativeExpenses": 0,
    "sellingAndMarketingExpenses": 0,
    "sellingGeneralAndAdministrativeExpenses": 781730000,
    "otherExpenses": 0,
    "operatingExpenses": 907630000,
    "costAndExpenses": 2229402000,
    "interestIncome": 0,
    "interestExpense": 67525000,
    "depreciationAndAmortization": 150888000,
    "ebitda": 905094000,
    "ebitdaratio": 0.3023542094,
    "operatingIncome": 764087000,
    "operatingIncomeRatio": 0.2552496435,
    "totalOtherIncomeExpensesNet": -77406000,
    "incomeBeforeTax": 686681000,
    "incomeBeforeTaxRatio": 0.2293915227,
    "incomeTaxExpense": 203321000,
    "netIncome": 483360000,
    "netIncomeRatio": 0.1614704447,
    "eps": 4.95,
    "epsdiluted": 4.86,
    "weightedAverageShsOut": 97702000,
    "weightedAverageShsOutDil": 99558000,
    "link": "https://www.sec.gov/Archives/edgar/data/882835/000088283513000008/0000882835-13-000008-index.htm",
    "finalLink": "https://www.sec.gov/Archives/edgar/data/882835/000088283513000008/roper10-k_2012.htm"
  },
  {
    "date": "2011-12-31",
    "symbol": "ROP",
    "reportedCurrency": "USD",
    "cik": "0000882835",
    "fillingDate": "2012-02-24",
    "acceptedDate": "2012-02-24 10:50:00",
    "calendarYear": "2011",
    "period": "FY",
    "revenue": 2797089000,
    "costOfRevenue": 1281525000,
    "grossProfit": 1515564000,
    "grossProfitRatio": 0.5418361733,
    "researchAndDevelopmentExpenses": 102400000,
    "generalAndAdministrativeExpenses": 0,
    "sellingAndMarketingExpenses": 0,
    "sellingGeneralAndAdministrativeExpenses": 752625000,
    "otherExpenses": 0,
    "operatingExpenses": 855025000,
    "costAndExpenses": 2136550000,
    "interestIncome": 0,
    "interestExpense": 63648000,
    "depreciationAndAmortization": 134680000,
    "ebitda": 803315000,
    "ebitdaratio": 0.2871967964,
    "operatingIncome": 660539000,
    "operatingIncomeRatio": 0.2361522998,
    "totalOtherIncomeExpensesNet": -55552000,
    "incomeBeforeTax": 604987000,
    "incomeBeforeTaxRatio": 0.2162916518,
    "incomeTaxExpense": 177740000,
    "netIncome": 427247000,
    "netIncomeRatio": 0.1527470166,
    "eps": 4.45,
    "epsdiluted": 4.34,
    "weightedAverageShsOut": 95959000,
    "weightedAverageShsOutDil": 98386000,
    "link": "https://www.sec.gov/Archives/edgar/data/882835/000088283512000013/0000882835-12-000013-index.htm",
    "finalLink": "https://www.sec.gov/Archives/edgar/data/882835/000088283512000013/cy2011_10-k.htm"
  },
  {
    "date": "2010-12-31",
    "symbol": "ROP",
    "reportedCurrency": "USD",
    "cik": "0000882835",
    "fillingDate": "2011-02-25",
    "acceptedDate": "2011-02-25 17:21:39",
    "calendarYear": "2010",
    "period": "FY",
    "revenue": 2386112000,
    "costOfRevenue": 1110986000,
    "grossProfit": 1275126000,
    "grossProfitRatio": 0.534394865,
    "researchAndDevelopmentExpenses": 102400000,
    "generalAndAdministrativeExpenses": 0,
    "sellingAndMarketingExpenses": 0,
    "sellingGeneralAndAdministrativeExpenses": 658432000,
    "otherExpenses": 0,
    "operatingExpenses": 760832000,
    "costAndExpenses": 1871818000,
    "interestIncome": 0,
    "interestExpense": 66533000,
    "depreciationAndAmortization": 120428000,
    "ebitda": 635355000,
    "ebitdaratio": 0.2662720778,
    "operatingIncome": 514294000,
    "operatingIncomeRatio": 0.215536404,
    "totalOtherIncomeExpensesNet": -65900000,
    "incomeBeforeTax": 448394000,
    "incomeBeforeTaxRatio": 0.1879182536,
    "incomeTaxExpense": 125814000,
    "netIncome": 322580000,
    "netIncomeRatio": 0.1351906365,
    "eps": 3.42,
    "epsdiluted": 3.34,
    "weightedAverageShsOut": 94242000,
    "weightedAverageShsOutDil": 96653000,
    "link": "https://www.sec.gov/Archives/edgar/data/882835/000088283511000004/0000882835-11-000004-index.htm",
    "finalLink": "https://www.sec.gov/Archives/edgar/data/882835/000088283511000004/cy2010.htm"
  },
  {
    "date": "2009-12-31",
    "symbol": "ROP",
    "reportedCurrency": "USD",
    "cik": "0000882835",
    "fillingDate": "2010-02-26",
    "acceptedDate": "2010-02-26 16:27:31",
    "calendarYear": "2009",
    "period": "FY",
    "revenue": 2049668000,
    "costOfRevenue": 1006530000,
    "grossProfit": 1043137999,
    "grossProfitRatio": 0.5089302263,
    "researchAndDevelopmentExpenses": 83400000,
    "generalAndAdministrativeExpenses": 0,
    "sellingAndMarketingExpenses": 0,
    "sellingGeneralAndAdministrativeExpenses": 564342000,
    "otherExpenses": 0,
    "operatingExpenses": 647742000,
    "costAndExpenses": 1654272000,
    "interestIncome": 0,
    "interestExpense": 58544000,
    "depreciationAndAmortization": 100998000,
    "ebitda": 499310000,
    "ebitdaratio": 0.2436053058,
    "operatingIncome": 395396000,
    "operatingIncomeRatio": 0.1929073391,
    "totalOtherIncomeExpensesNet": -55628000,
    "incomeBeforeTax": 339768000,
    "incomeBeforeTaxRatio": 0.165767334,
    "incomeTaxExpense": 100287000,
    "netIncome": 239481000,
    "netIncomeRatio": 0.1168389222,
    "eps": 2.64,
    "epsdiluted": 2.58,
    "weightedAverageShsOut": 90685000,
    "weightedAverageShsOutDil": 92820000,
    "link": "https://www.sec.gov/Archives/edgar/data/882835/000088283510000009/0000882835-10-000009-index.htm",
    "finalLink": "https://www.sec.gov/Archives/edgar/data/882835/000088283510000009/cy2009_10-k.htm"
  },
  {
    "date": "2008-12-31",
    "symbol": "ROP",
    "reportedCurrency": "USD",
    "cik": "0000882835",
    "fillingDate": "2009-03-02",
    "acceptedDate": "2009-03-02 06:07:43",
    "calendarYear": "2008",
    "period": "FY",
    "revenue": 2306371000,
    "costOfRevenue": 1118083000,
    "grossProfit": 1188288000,
    "grossProfitRatio": 0.5152197977,
    "researchAndDevelopmentExpenses": 87400000,
    "generalAndAdministrativeExpenses": 0,
    "sellingAndMarketingExpenses": 0,
    "sellingGeneralAndAdministrativeExpenses": 614727000,
    "otherExpenses": 0,
    "operatingExpenses": 702127000,
    "costAndExpenses": 1820210000,
    "interestIncome": -7139000,
    "interestExpense": 53680000,
    "depreciationAndAmortization": 97917000,
    "ebitda": 587552000,
    "ebitdaratio": 0.254751729,
    "operatingIncome": 486161000,
    "operatingIncomeRatio": 0.2107904583,
    "totalOtherIncomeExpensesNet": -50206000,
    "incomeBeforeTax": 435955000,
    "incomeBeforeTaxRatio": 0.1890220611,
    "incomeTaxExpense": 149440000,
    "netIncome": 286515000,
    "netIncomeRatio": 0.1242276286,
    "eps": 3.2,
    "epsdiluted": 3.06,
    "weightedAverageShsOut": 89468000,
    "weightedAverageShsOutDil": 93699000,
    "link": "https://www.sec.gov/Archives/edgar/data/882835/000088283509000004/0000882835-09-000004-index.htm",
    "finalLink": "https://www.sec.gov/Archives/edgar/data/882835/000088283509000004/fy2008_10-k.htm"
  },
  {
    "date": "2007-12-31",
    "symbol": "ROP",
    "reportedCurrency": "USD",
    "cik": "0000882835",
    "fillingDate": "2008-02-29",
    "acceptedDate": "2008-02-29 12:51:09",
    "calendarYear": "2007",
    "period": "FY",
    "revenue": 2102049000,
    "costOfRevenue": 1043654000,
    "grossProfit": 1058395000,
    "grossProfitRatio": 0.5035063407,
    "researchAndDevelopmentExpenses": 67900000,
    "generalAndAdministrativeExpenses": 0,
    "sellingAndMarketingExpenses": 0,
    "sellingGeneralAndAdministrativeExpenses": 552141000,
    "otherExpenses": 0,
    "operatingExpenses": 620041000,
    "costAndExpenses": 1663695000,
    "interestIncome": 0,
    "interestExpense": 56199000,
    "depreciationAndAmortization": 87458000,
    "ebitda": 523310000,
    "ebitdaratio": 0.2489523317,
    "operatingIncome": 438354000,
    "operatingIncomeRatio": 0.2085365279,
    "totalOtherIncomeExpensesNet": -54697000,
    "incomeBeforeTax": 383657000,
    "incomeBeforeTaxRatio": 0.1825157263,
    "incomeTaxExpense": 133624000,
    "netIncome": 250033000,
    "netIncomeRatio": 0.1189472748,
    "eps": 2.83,
    "epsdiluted": 2.68,
    "weightedAverageShsOut": 88390000,
    "weightedAverageShsOutDil": 93229000,
    "link": "https://www.sec.gov/Archives/edgar/data/882835/000088283508000008/0000882835-08-000008-index.htm",
    "finalLink": "https://www.sec.gov/Archives/edgar/data/882835/000088283508000008/ye2007.htm"
  },
  {
    "date": "2006-12-31",
    "symbol": "ROP",
    "reportedCurrency": "USD",
    "cik": "0000882835",
    "fillingDate": "2007-03-01",
    "acceptedDate": "2007-03-01 16:25:29",
    "calendarYear": "2006",
    "period": "FY",
    "revenue": 1700734000,
    "costOfRevenue": 839409000,
    "grossProfit": 861325000,
    "grossProfitRatio": 0.5064431004,
    "researchAndDevelopmentExpenses": 58600000,
    "generalAndAdministrativeExpenses": 0,
    "sellingAndMarketingExpenses": 0,
    "sellingGeneralAndAdministrativeExpenses": 465072000,
    "otherExpenses": 0,
    "operatingExpenses": 523672000,
    "costAndExpenses": 1363081000,
    "interestIncome": 0,
    "interestExpense": 44761000,
    "depreciationAndAmortization": 76695000,
    "ebitda": 414368000,
    "ebitdaratio": 0.2436406869,
    "operatingIncome": 337653000,
    "operatingIncomeRatio": 0.1985336919,
    "totalOtherIncomeExpensesNet": -44781000,
    "incomeBeforeTax": 292872000,
    "incomeBeforeTaxRatio": 0.1722032958,
    "incomeTaxExpense": 99548000,
    "netIncome": 193324000,
    "netIncomeRatio": 0.1136709209,
    "eps": 2.23,
    "epsdiluted": 2.13,
    "weightedAverageShsOut": 86842000,
    "weightedAverageShsOutDil": 90880000,
    "link": "https://www.sec.gov/Archives/edgar/data/882835/000088283507000005/0000882835-07-000005-index.htm",
    "finalLink": "https://www.sec.gov/Archives/edgar/data/882835/000088283507000005/cy2006_10-k.htm"
  },
  {
    "date": "2005-12-31",
    "symbol": "ROP",
    "reportedCurrency": "USD",
    "cik": "0000882835",
    "fillingDate": "2006-03-16",
    "acceptedDate": "2006-03-16 16:56:02",
    "calendarYear": "2005",
    "period": "FY",
    "revenue": 1453731000,
    "costOfRevenue": 727324000,
    "grossProfit": 726407000,
    "grossProfitRatio": 0.4996846046,
    "researchAndDevelopmentExpenses": 53500000,
    "generalAndAdministrativeExpenses": 0,
    "sellingAndMarketingExpenses": 0,
    "sellingGeneralAndAdministrativeExpenses": 408008000,
    "otherExpenses": 0,
    "operatingExpenses": 461508000,
    "costAndExpenses": 1188832000,
    "interestIncome": 0,
    "interestExpense": 45270000,
    "depreciationAndAmortization": 64126000,
    "ebitda": 328087000,
    "ebitdaratio": 0.2256861827,
    "operatingIncome": 264899000,
    "operatingIncomeRatio": 0.1822200944,
    "totalOtherIncomeExpensesNet": -44332000,
    "incomeBeforeTax": 220567000,
    "incomeBeforeTaxRatio": 0.1517247689,
    "incomeTaxExpense": 67392000,
    "netIncome": 153175000,
    "netIncomeRatio": 0.1053668113,
    "eps": 1.79,
    "epsdiluted": 1.74,
    "weightedAverageShsOut": 85498000,
    "weightedAverageShsOutDil": 87884000,
    "link": "https://www.sec.gov/Archives/edgar/data/882835/000088283506000009/0000882835-06-000009-index.htm",
    "finalLink": "https://www.sec.gov/Archives/edgar/data/882835/000088283506000009/cy05_10k.htm"
  },
  {
    "date": "2004-12-31",
    "symbol": "ROP",
    "reportedCurrency": "USD",
    "cik": "0000882835",
    "fillingDate": "2005-03-16",
    "acceptedDate": "2005-03-15 18:52:16",
    "calendarYear": "2004",
    "period": "FY",
    "revenue": 969764000,
    "costOfRevenue": 484464000,
    "grossProfit": 485300000,
    "grossProfitRatio": 0.5004310327,
    "researchAndDevelopmentExpenses": 38700000,
    "generalAndAdministrativeExpenses": 0,
    "sellingAndMarketingExpenses": 0,
    "sellingGeneralAndAdministrativeExpenses": 274082000,
    "otherExpenses": 0,
    "operatingExpenses": 312782000,
    "costAndExpenses": 797246000,
    "interestIncome": 0,
    "interestExpense": 46325000,
    "depreciationAndAmortization": 41387000,
    "ebitda": 203950000,
    "ebitdaratio": 0.2103088999,
    "operatingIncome": 172518000,
    "operatingIncomeRatio": 0.1778968904,
    "totalOtherIncomeExpensesNet": -38801999,
    "incomeBeforeTax": 133716000,
    "incomeBeforeTaxRatio": 0.1378850937,
    "incomeTaxExpense": 39864000,
    "netIncome": 93852000,
    "netIncomeRatio": 0.0967781852,
    "eps": 1.26,
    "epsdiluted": 1.24,
    "weightedAverageShsOut": 74440000,
    "weightedAverageShsOutDil": 75664000,
    "link": "https://www.sec.gov/Archives/edgar/data/882835/000088283505000004/0000882835-05-000004-index.htm",
    "finalLink": "https://www.sec.gov/Archives/edgar/data/882835/000088283505000004/cy04_10-k.htm"
  },
  {
    "date": "2003-12-31",
    "symbol": "ROP",
    "reportedCurrency": "USD",
    "cik": "0000882835",
    "fillingDate": "2004-03-15",
    "acceptedDate": "2004-03-15 15:24:37",
    "calendarYear": "2003",
    "period": "FY",
    "revenue": 657356000,
    "costOfRevenue": 311218000,
    "grossProfit": 346138000,
    "grossProfitRatio": 0.5265609502,
    "researchAndDevelopmentExpenses": 0,
    "generalAndAdministrativeExpenses": 0,
    "sellingAndMarketingExpenses": 0,
    "sellingGeneralAndAdministrativeExpenses": 238038000,
    "otherExpenses": 0,
    "operatingExpenses": 238038000,
    "costAndExpenses": 549256000,
    "interestIncome": 0,
    "interestExpense": 70058000,
    "depreciationAndAmortization": 16378000,
    "ebitda": 124478000,
    "ebitdaratio": 0.1893616244,
    "operatingIncome": 108100000,
    "operatingIncomeRatio": 0.1644466621,
    "totalOtherIncomeExpensesNet": -41810000,
    "incomeBeforeTax": 66290000,
    "incomeBeforeTaxRatio": 0.1008433786,
    "incomeTaxExpense": 18229000,
    "netIncome": 45239000,
    "netIncomeRatio": 0.068819635,
    "eps": 0.72,
    "epsdiluted": 0.71,
    "weightedAverageShsOut": 63150000,
    "weightedAverageShsOutDil": 63984000,
    "link": "https://www.sec.gov/Archives/edgar/data/882835/000088283504000006/0000882835-04-000006-index.htm",
    "finalLink": "https://www.sec.gov/Archives/edgar/data/882835/000088283504000006/cy03_10k2.htm"
  },
  {
    "date": "2002-10-31",
    "symbol": "ROP",
    "reportedCurrency": "USD",
    "cik": "0000882835",
    "fillingDate": "2003-01-15",
    "acceptedDate": "2003-01-15 16:03:41",
    "calendarYear": "2002",
    "period": "FY",
    "revenue": 627030000,
    "costOfRevenue": 290711000,
    "grossProfit": 336319000,
    "grossProfitRatio": 0.5363682758,
    "researchAndDevelopmentExpenses": 0,
    "generalAndAdministrativeExpenses": 0,
    "sellingAndMarketingExpenses": 0,
    "sellingGeneralAndAdministrativeExpenses": 221490000,
    "otherExpenses": 0,
    "operatingExpenses": 221490000,
    "costAndExpenses": 512201000,
    "interestIncome": 0,
    "interestExpense": 45750000,
    "depreciationAndAmortization": 15176000,
    "ebitda": 130876000,
    "ebitdaratio": 0.2087236655,
    "operatingIncome": 114829000,
    "operatingIncomeRatio": 0.1831315886,
    "totalOtherIncomeExpensesNet": -19218000,
    "incomeBeforeTax": 95686000,
    "incomeBeforeTaxRatio": 0.1526019489,
    "incomeTaxExpense": 29663000,
    "netIncome": 40053000,
    "netIncomeRatio": 0.0638773264,
    "eps": 0.32,
    "epsdiluted": 0.32,
    "weightedAverageShsOut": 62336000,
    "weightedAverageShsOutDil": 63734000,
    "link": "https://www.sec.gov/Archives/edgar/data/882835/000116923203000270/0001169232-03-000270-index.htm",
    "finalLink": "https://www.sec.gov/Archives/edgar/data/882835/000116923203000270/d53261_10-k.txt"
  },
  {
    "date": "2001-10-31",
    "symbol": "ROP",
    "reportedCurrency": "USD",
    "cik": "0000882835",
    "fillingDate": "2002-01-22",
    "acceptedDate": "2002-01-22 00:00:00",
    "calendarYear": "2001",
    "period": "FY",
    "revenue": 586506000,
    "costOfRevenue": 277536000,
    "grossProfit": 308970000,
    "grossProfitRatio": 0.5267976798,
    "researchAndDevelopmentExpenses": 0,
    "generalAndAdministrativeExpenses": 210542000,
    "sellingAndMarketingExpenses": 0,
    "sellingGeneralAndAdministrativeExpenses": 210542000,
    "otherExpenses": 0,
    "operatingExpenses": 210542000,
    "costAndExpenses": 488078000,
    "interestIncome": 0,
    "interestExpense": 8061000,
    "depreciationAndAmortization": 27455000,
    "ebitda": 127575000,
    "ebitdaratio": 0.2175169563,
    "operatingIncome": 98428000,
    "operatingIncomeRatio": 0.1678209601,
    "totalOtherIncomeExpensesNet": -12001000,
    "incomeBeforeTax": 86439000,
    "incomeBeforeTaxRatio": 0.1473795664,
    "incomeTaxExpense": 30600000,
    "netIncome": 55839000,
    "netIncomeRatio": 0.0952061871,
    "eps": 0.46,
    "epsdiluted": 0.45,
    "weightedAverageShsOut": 61444000,
    "weightedAverageShsOutDil": 63188000,
    "link": "https://www.sec.gov/Archives/edgar/data/882835/000093176302000111/0000931763-02-000111-index.htm",
    "finalLink": "https://www.sec.gov/Archives/edgar/data/882835/000093176302000111/d10k.txt"
  },
  {
    "date": "2000-10-31",
    "symbol": "ROP",
    "reportedCurrency": "USD",
    "cik": "0000882835",
    "fillingDate": "2001-01-26",
    "acceptedDate": "2001-01-26 00:00:00",
    "calendarYear": "2000",
    "period": "FY",
    "revenue": 503813000,
    "costOfRevenue": 222691000,
    "grossProfit": 281122000,
    "grossProfitRatio": 0.5579887776,
    "researchAndDevelopmentExpenses": 0,
    "generalAndAdministrativeExpenses": 170628000,
    "sellingAndMarketingExpenses": 0,
    "sellingGeneralAndAdministrativeExpenses": 170628000,
    "otherExpenses": 22298000,
    "operatingExpenses": 192926000,
    "costAndExpenses": 415617000,
    "interestIncome": 0,
    "interestExpense": 11047000,
    "depreciationAndAmortization": 22298000,
    "ebitda": 110494000,
    "ebitdaratio": 0.2193155,
    "operatingIncome": 88196000,
    "operatingIncomeRatio": 0.1750570152,
    "totalOtherIncomeExpensesNet": -12265000,
    "incomeBeforeTax": 75931000,
    "incomeBeforeTaxRatio": 0.1507126652,
    "incomeTaxExpense": 26653000,
    "netIncome": 49278000,
    "netIncomeRatio": 0.0978101002,
    "eps": 0.81,
    "epsdiluted": 0.79,
    "weightedAverageShsOut": 60914000,
    "weightedAverageShsOutDil": 62364000,
    "link": "https://www.sec.gov/Archives/edgar/data/882835/000089155401500359/0000891554-01-500359-index.htm",
    "finalLink": "https://www.sec.gov/Archives/edgar/data/882835/000089155401500359/d70361_10k.htm"
  },
  {
    "date": "1999-10-31",
    "symbol": "ROP",
    "reportedCurrency": "USD",
    "cik": "0000882835",
    "fillingDate": "2000-01-27",
    "acceptedDate": "2000-01-27 00:00:00",
    "calendarYear": "1999",
    "period": "FY",
    "revenue": 407300000,
    "costOfRevenue": 180800000,
    "grossProfit": 226500000,
    "grossProfitRatio": 0.5561011539,
    "researchAndDevelopmentExpenses": 0,
    "generalAndAdministrativeExpenses": 132500000,
    "sellingAndMarketingExpenses": 0,
    "sellingGeneralAndAdministrativeExpenses": 132500000,
    "otherExpenses": 16000000,
    "operatingExpenses": 148500000,
    "costAndExpenses": 329300000,
    "interestIncome": 0,
    "interestExpense": 4200000,
    "depreciationAndAmortization": 16000000,
    "ebitda": 94000000,
    "ebitdaratio": 0.2307881169,
    "operatingIncome": 78000000,
    "operatingIncomeRatio": 0.1915050331,
    "totalOtherIncomeExpensesNet": -5800000,
    "incomeBeforeTax": 72200000,
    "incomeBeforeTaxRatio": 0.1772649153,
    "incomeTaxExpense": 24900000,
    "netIncome": 47300000,
    "netIncomeRatio": 0.1161306163,
    "eps": 0.78,
    "epsdiluted": 0.77,
    "weightedAverageShsOut": 60536000,
    "weightedAverageShsOutDil": 61984000,
    "link": "https://www.sec.gov/Archives/edgar/data/882835/000093176300000160/0000931763-00-000160-index.html",
    "finalLink": "https://www.sec.gov/Archives/edgar/data/882835/000093176300000160/"
  },
  {
    "date": "1998-10-31",
    "symbol": "ROP",
    "reportedCurrency": "USD",
    "cik": "0000882835",
    "fillingDate": "1999-01-20",
    "acceptedDate": "1999-01-20 00:00:00",
    "calendarYear": "1998",
    "period": "FY",
    "revenue": 389200000,
    "costOfRevenue": 183800000,
    "grossProfit": 205400000,
    "grossProfitRatio": 0.5277492292,
    "researchAndDevelopmentExpenses": 0,
    "generalAndAdministrativeExpenses": 124900000,
    "sellingAndMarketingExpenses": 0,
    "sellingGeneralAndAdministrativeExpenses": 124900000,
    "otherExpenses": 14400000,
    "operatingExpenses": 139300000,
    "costAndExpenses": 323100000,
    "interestIncome": 0,
    "interestExpense": 5100000,
    "depreciationAndAmortization": 14400000,
    "ebitda": 80500000,
    "ebitdaratio": 0.2068345324,
    "operatingIncome": 66100000,
    "operatingIncomeRatio": 0.1698355601,
    "totalOtherIncomeExpensesNet": -6500000,
    "incomeBeforeTax": 59600000,
    "incomeBeforeTaxRatio": 0.1531346351,
    "incomeTaxExpense": 20300000,
    "netIncome": 39300000,
    "netIncomeRatio": 0.1009763618,
    "eps": 0.64,
    "epsdiluted": 0.62,
    "weightedAverageShsOut": 62002000,
    "weightedAverageShsOutDil": 63434000,
    "link": "https://www.sec.gov/Archives/edgar/data/882835/000093176399000134/0000931763-99-000134-index.html",
    "finalLink": "https://www.sec.gov/Archives/edgar/data/882835/"
  },
  {
    "date": "1997-10-31",
    "symbol": "ROP",
    "reportedCurrency": "USD",
    "cik": "0000882835",
    "fillingDate": "1998-01-21",
    "acceptedDate": "1998-01-21 00:00:00",
    "calendarYear": "1997",
    "period": "FY",
    "revenue": 298200000,
    "costOfRevenue": 133400000,
    "grossProfit": 164800000,
    "grossProfitRatio": 0.5526492287,
    "researchAndDevelopmentExpenses": 0,
    "generalAndAdministrativeExpenses": 92500000,
    "sellingAndMarketingExpenses": 0,
    "sellingGeneralAndAdministrativeExpenses": 92500000,
    "otherExpenses": 11400000,
    "operatingExpenses": 103900000,
    "costAndExpenses": 237300000,
    "interestIncome": 0,
    "interestExpense": 5400000,
    "depreciationAndAmortization": 11400000,
    "ebitda": 72300000,
    "ebitdaratio": 0.2424547284,
    "operatingIncome": 60900000,
    "operatingIncomeRatio": 0.2042253521,
    "totalOtherIncomeExpensesNet": -5700000,
    "incomeBeforeTax": 55200000,
    "incomeBeforeTaxRatio": 0.185110664,
    "incomeTaxExpense": 18800000,
    "netIncome": 36400000,
    "netIncomeRatio": 0.1220657277,
    "eps": 0.3,
    "epsdiluted": 0.29,
    "weightedAverageShsOut": 61838000,
    "weightedAverageShsOutDil": 61838000,
    "link": "https://www.sec.gov/Archives/edgar/data/882835/000093176398000080/0000931763-98-000080-index.html",
    "finalLink": "https://www.sec.gov/Archives/edgar/data/882835/"
  },
  {
    "date": "1996-10-31",
    "symbol": "ROP",
    "reportedCurrency": "USD",
    "cik": "0000882835",
    "fillingDate": "1997-01-09",
    "acceptedDate": "1997-01-09 00:00:00",
    "calendarYear": "1996",
    "period": "FY",
    "revenue": 225700000,
    "costOfRevenue": 101800000,
    "grossProfit": 123900000,
    "grossProfitRatio": 0.5489587949,
    "researchAndDevelopmentExpenses": 0,
    "generalAndAdministrativeExpenses": 68700000,
    "sellingAndMarketingExpenses": 0,
    "sellingGeneralAndAdministrativeExpenses": 68700000,
    "otherExpenses": 7900000,
    "operatingExpenses": 76600000,
    "costAndExpenses": 178400000,
    "interestIncome": 0,
    "interestExpense": 2700000,
    "depreciationAndAmortization": 7900000,
    "ebitda": 55200000,
    "ebitdaratio": 0.2445724413,
    "operatingIncome": 47300000,
    "operatingIncomeRatio": 0.209570226,
    "totalOtherIncomeExpensesNet": -3000000,
    "incomeBeforeTax": 44300000,
    "incomeBeforeTaxRatio": 0.1962782455,
    "incomeTaxExpense": 15400000,
    "netIncome": 28900000,
    "netIncomeRatio": 0.1280460789,
    "eps": 0.12,
    "epsdiluted": 0.12,
    "weightedAverageShsOut": 60644000,
    "weightedAverageShsOutDil": 60644000,
    "link": "https://www.sec.gov/Archives/edgar/data/882835/000093176397000022/0000931763-97-000022-index.html",
    "finalLink": "https://www.sec.gov/Archives/edgar/data/882835/"
  },
  {
    "date": "1995-10-31",
    "symbol": "ROP",
    "reportedCurrency": "USD",
    "cik": "0000882835",
    "fillingDate": "1995-10-31",
    "acceptedDate": "1995-10-31 00:00:00",
    "calendarYear": "1995",
    "period": "FY",
    "revenue": 175400000,
    "costOfRevenue": 75600000,
    "grossProfit": 99800000,
    "grossProfitRatio": 0.5689851767,
    "researchAndDevelopmentExpenses": 0,
    "generalAndAdministrativeExpenses": 0,
    "sellingAndMarketingExpenses": 0,
    "sellingGeneralAndAdministrativeExpenses": 56400000,
    "otherExpenses": 6000000,
    "operatingExpenses": 62400000,
    "costAndExpenses": 138000000,
    "interestIncome": 0,
    "interestExpense": 900000,
    "depreciationAndAmortization": 6000000,
    "ebitda": 43400000,
    "ebitdaratio": 0.2474344356,
    "operatingIncome": 37400000,
    "operatingIncomeRatio": 0.2132269099,
    "totalOtherIncomeExpensesNet": -1400000,
    "incomeBeforeTax": 36000000,
    "incomeBeforeTaxRatio": 0.2052451539,
    "incomeTaxExpense": 12700000,
    "netIncome": 23300000,
    "netIncomeRatio": 0.1328392246,
    "eps": 0.0975,
    "epsdiluted": 0.0963,
    "weightedAverageShsOut": 59752000,
    "weightedAverageShsOutDil": 59752000,
    "link": null,
    "finalLink": null
  },
  {
    "date": "1994-10-31",
    "symbol": "ROP",
    "reportedCurrency": "USD",
    "cik": "0000882835",
    "fillingDate": "1994-10-31",
    "acceptedDate": "1994-10-31 00:00:00",
    "calendarYear": "1994",
    "period": "FY",
    "revenue": 147700000,
    "costOfRevenue": 64000000,
    "grossProfit": 83700000,
    "grossProfitRatio": 0.5666892349,
    "researchAndDevelopmentExpenses": 0,
    "generalAndAdministrativeExpenses": 0,
    "sellingAndMarketingExpenses": 0,
    "sellingGeneralAndAdministrativeExpenses": 45500000,
    "otherExpenses": 5300000,
    "operatingExpenses": 50800000,
    "costAndExpenses": 114800000,
    "interestIncome": 0,
    "interestExpense": 1800000,
    "depreciationAndAmortization": 5300000,
    "ebitda": 38200000,
    "ebitdaratio": 0.2586323629,
    "operatingIncome": 32900000,
    "operatingIncomeRatio": 0.2227488152,
    "totalOtherIncomeExpensesNet": -1300000,
    "incomeBeforeTax": 31600000,
    "incomeBeforeTaxRatio": 0.2139471903,
    "incomeTaxExpense": 10700000,
    "netIncome": 20200000,
    "netIncomeRatio": 0.1367637102,
    "eps": 0.0813,
    "epsdiluted": 0.08,
    "weightedAverageShsOut": 59208000,
    "weightedAverageShsOutDil": 59208000,
    "link": null,
    "finalLink": null
  },
  {
    "date": "1993-10-31",
    "symbol": "ROP",
    "reportedCurrency": "USD",
    "cik": "0000882835",
    "fillingDate": "1993-10-31",
    "acceptedDate": "1993-10-31 00:00:00",
    "calendarYear": "1993",
    "period": "FY",
    "revenue": 132500000,
    "costOfRevenue": 59000000,
    "grossProfit": 73500000,
    "grossProfitRatio": 0.5547169811,
    "researchAndDevelopmentExpenses": 0,
    "generalAndAdministrativeExpenses": 0,
    "sellingAndMarketingExpenses": 0,
    "sellingGeneralAndAdministrativeExpenses": 38100000,
    "otherExpenses": 5100000,
    "operatingExpenses": 43200000,
    "costAndExpenses": 102200000,
    "interestIncome": 0,
    "interestExpense": 1700000,
    "depreciationAndAmortization": 5100000,
    "ebitda": 35400000,
    "ebitdaratio": 0.2671698113,
    "operatingIncome": 30300000,
    "operatingIncomeRatio": 0.2286792453,
    "totalOtherIncomeExpensesNet": -1800000,
    "incomeBeforeTax": 28500000,
    "incomeBeforeTaxRatio": 0.2150943396,
    "incomeTaxExpense": 9400000,
    "netIncome": 19100000,
    "netIncomeRatio": 0.1441509434,
    "eps": 0.0813,
    "epsdiluted": 0.0813,
    "weightedAverageShsOut": 58924000,
    "weightedAverageShsOutDil": 58924000,
    "link": null,
    "finalLink": null
  },
  {
    "date": "1992-10-31",
    "symbol": "ROP",
    "reportedCurrency": "USD",
    "cik": "0000882835",
    "fillingDate": "1992-10-31",
    "acceptedDate": "1992-10-31 00:00:00",
    "calendarYear": "1992",
    "period": "FY",
    "revenue": 69600000,
    "costOfRevenue": 35300000,
    "grossProfit": 34300000,
    "grossProfitRatio": 0.492816092,
    "researchAndDevelopmentExpenses": 0,
    "generalAndAdministrativeExpenses": 0,
    "sellingAndMarketingExpenses": 0,
    "sellingGeneralAndAdministrativeExpenses": 20300000,
    "otherExpenses": 4400000,
    "operatingExpenses": 24700000,
    "costAndExpenses": 60000000,
    "interestIncome": 0,
    "interestExpense": 1900000,
    "depreciationAndAmortization": 4400000,
    "ebitda": 14000000,
    "ebitdaratio": 0.2011494253,
    "operatingIncome": 9600000,
    "operatingIncomeRatio": 0.1379310345,
    "totalOtherIncomeExpensesNet": -2100000,
    "incomeBeforeTax": 7500000,
    "incomeBeforeTaxRatio": 0.1077586207,
    "incomeTaxExpense": 2800000,
    "netIncome": 4700000,
    "netIncomeRatio": 0.0675287356,
    "eps": 0.0119,
    "epsdiluted": 0.0119,
    "weightedAverageShsOut": 58352000,
    "weightedAverageShsOutDil": 58352000,
    "link": null,
    "finalLink": null
  },
  {
    "date": "1991-10-31",
    "symbol": "ROP",
    "reportedCurrency": "USD",
    "cik": "0000882835",
    "fillingDate": "1991-10-31",
    "acceptedDate": "1991-10-31 00:00:00",
    "calendarYear": "1991",
    "period": "FY",
    "revenue": 75000000,
    "costOfRevenue": 39800000,
    "grossProfit": 35200000,
    "grossProfitRatio": 0.4693333333,
    "researchAndDevelopmentExpenses": 0,
    "generalAndAdministrativeExpenses": 0,
    "sellingAndMarketingExpenses": 0,
    "sellingGeneralAndAdministrativeExpenses": 18400000,
    "otherExpenses": 4100000,
    "operatingExpenses": 22500000,
    "costAndExpenses": 62300000,
    "interestIncome": 0,
    "interestExpense": 4800000,
    "depreciationAndAmortization": 4100000,
    "ebitda": 16800000,
    "ebitdaratio": 0.224,
    "operatingIncome": 12700000,
    "operatingIncomeRatio": 0.1693333333,
    "totalOtherIncomeExpensesNet": -4900000,
    "incomeBeforeTax": 7800000,
    "incomeBeforeTaxRatio": 0.104,
    "incomeTaxExpense": 2900000,
    "netIncome": 4900000,
    "netIncomeRatio": 0.0653333333,
    "eps": 0.015,
    "epsdiluted": 0.015,
    "weightedAverageShsOut": 39480000,
    "weightedAverageShsOutDil": 39480000,
    "link": null,
    "finalLink": null
  }
]