[
  {
    "date": "2025-02-01",
    "symbol": "ROST",
    "reportedCurrency": "USD",
    "cik": "0000745732",
    "fillingDate": "2025-04-01",
    "acceptedDate": "2025-03-31 17:41:13",
    "calendarYear": "2024",
    "period": "FY",
    "revenue": 21129219000,
    "costOfRevenue": 15260506000,
    "grossProfit": 5868713000,
    "grossProfitRatio": 0.2777534276,
    "researchAndDevelopmentExpenses": 0,
    "generalAndAdministrativeExpenses": 0,
    "sellingAndMarketingExpenses": 0,
    "sellingGeneralAndAdministrativeExpenses": 3283127000,
    "otherExpenses": 0,
    "operatingExpenses": 3283127000,
    "costAndExpenses": 18543633000,
    "interestIncome": 234955000,
    "interestExpense": 63387000,
    "depreciationAndAmortization": 446788000,
    "ebitda": 3267329000,
    "ebitdaratio": 0.1546355783,
    "operatingIncome": 2585586000,
    "operatingIncomeRatio": 0.1223701643,
    "totalOtherIncomeExpensesNet": 171568000,
    "incomeBeforeTax": 2757154000,
    "incomeBeforeTaxRatio": 0.1304901047,
    "incomeTaxExpense": 666424000,
    "netIncome": 2090730000,
    "netIncomeRatio": 0.0989497056,
    "eps": 6.36,
    "epsdiluted": 6.32,
    "weightedAverageShsOut": 328593000,
    "weightedAverageShsOutDil": 330984000,
    "link": "https://www.sec.gov/Archives/edgar/data/745732/000074573225000010/0000745732-25-000010-index.htm",
    "finalLink": "https://www.sec.gov/Archives/edgar/data/745732/000074573225000010/rost-20250201.htm"
  },
  {
    "date": "2024-02-03",
    "symbol": "ROST",
    "reportedCurrency": "USD",
    "cik": "0000745732",
    "fillingDate": "2024-04-02",
    "acceptedDate": "2024-04-01 17:40:06",
    "calendarYear": "2023",
    "period": "FY",
    "revenue": 20376941000,
    "costOfRevenue": 14801601000,
    "grossProfit": 5575340000,
    "grossProfitRatio": 0.2736102539,
    "researchAndDevelopmentExpenses": 0,
    "generalAndAdministrativeExpenses": 0,
    "sellingAndMarketingExpenses": 0,
    "sellingGeneralAndAdministrativeExpenses": 3267677000,
    "otherExpenses": 0,
    "operatingExpenses": 3267677000,
    "costAndExpenses": 18069278000,
    "interestIncome": 238207000,
    "interestExpense": 74089000,
    "depreciationAndAmortization": 419432000,
    "ebitda": 2965302000,
    "ebitdaratio": 0.1455224315,
    "operatingIncome": 2307663000,
    "operatingIncomeRatio": 0.1132487452,
    "totalOtherIncomeExpensesNet": 164118000,
    "incomeBeforeTax": 2471781000,
    "incomeBeforeTaxRatio": 0.1213028491,
    "incomeTaxExpense": 597261000,
    "netIncome": 1874520000,
    "netIncomeRatio": 0.0919922181,
    "eps": 5.59,
    "epsdiluted": 5.56,
    "weightedAverageShsOut": 335187000,
    "weightedAverageShsOutDil": 337433000,
    "link": "https://www.sec.gov/Archives/edgar/data/745732/000074573224000009/0000745732-24-000009-index.htm",
    "finalLink": "https://www.sec.gov/Archives/edgar/data/745732/000074573224000009/rost-20240203.htm"
  },
  {
    "date": "2023-01-28",
    "symbol": "ROST",
    "reportedCurrency": "USD",
    "cik": "0000745732",
    "fillingDate": "2023-03-28",
    "acceptedDate": "2023-03-27 17:46:00",
    "calendarYear": "2022",
    "period": "FY",
    "revenue": 18695829000,
    "costOfRevenue": 13946230000,
    "grossProfit": 4749599000,
    "grossProfitRatio": 0.2540459158,
    "researchAndDevelopmentExpenses": 0,
    "generalAndAdministrativeExpenses": 0,
    "sellingAndMarketingExpenses": 0,
    "sellingGeneralAndAdministrativeExpenses": 2759268000,
    "otherExpenses": 0,
    "operatingExpenses": 2759268000,
    "costAndExpenses": 16705498000,
    "interestIncome": 77706000,
    "interestExpense": 80548000,
    "depreciationAndAmortization": 394655000,
    "ebitda": 2462692000,
    "ebitdaratio": 0.1317241402,
    "operatingIncome": 1990331000,
    "operatingIncomeRatio": 0.1064585582,
    "totalOtherIncomeExpensesNet": -2842000,
    "incomeBeforeTax": 1987489000,
    "incomeBeforeTaxRatio": 0.1063065457,
    "incomeTaxExpense": 475448000,
    "netIncome": 1512041000,
    "netIncomeRatio": 0.0808758467,
    "eps": 4.4,
    "epsdiluted": 4.38,
    "weightedAverageShsOut": 343452000,
    "weightedAverageShsOutDil": 345222000,
    "link": "https://www.sec.gov/Archives/edgar/data/745732/000074573223000013/0000745732-23-000013-index.htm",
    "finalLink": "https://www.sec.gov/Archives/edgar/data/745732/000074573223000013/rost-20230128.htm"
  },
  {
    "date": "2022-01-29",
    "symbol": "ROST",
    "reportedCurrency": "USD",
    "cik": "0000745732",
    "fillingDate": "2022-03-29",
    "acceptedDate": "2022-03-28 17:52:31",
    "calendarYear": "2021",
    "period": "FY",
    "revenue": 18916244000,
    "costOfRevenue": 13708907000,
    "grossProfit": 5207337000,
    "grossProfitRatio": 0.2752838777,
    "researchAndDevelopmentExpenses": 0,
    "generalAndAdministrativeExpenses": 0,
    "sellingAndMarketingExpenses": 0,
    "sellingGeneralAndAdministrativeExpenses": 2874469000,
    "otherExpenses": 0,
    "operatingExpenses": 2874469000,
    "costAndExpenses": 16583376000,
    "interestIncome": 833000,
    "interestExpense": 75161000,
    "depreciationAndAmortization": 360664000,
    "ebitda": 2694365000,
    "ebitdaratio": 0.1424365746,
    "operatingIncome": 2332868000,
    "operatingIncomeRatio": 0.1233261741,
    "totalOtherIncomeExpensesNet": -74328000,
    "incomeBeforeTax": 2258540000,
    "incomeBeforeTaxRatio": 0.1193968528,
    "incomeTaxExpense": 535951000,
    "netIncome": 1722589000,
    "netIncomeRatio": 0.0910640083,
    "eps": 4.9,
    "epsdiluted": 4.87,
    "weightedAverageShsOut": 351496000,
    "weightedAverageShsOutDil": 353734000,
    "link": "https://www.sec.gov/Archives/edgar/data/745732/000074573222000014/0000745732-22-000014-index.htm",
    "finalLink": "https://www.sec.gov/Archives/edgar/data/745732/000074573222000014/rost-20220129.htm"
  },
  {
    "date": "2021-01-30",
    "symbol": "ROST",
    "reportedCurrency": "USD",
    "cik": "0000745732",
    "fillingDate": "2021-03-30",
    "acceptedDate": "2021-03-29 18:05:12",
    "calendarYear": "2020",
    "period": "FY",
    "revenue": 12531565000,
    "costOfRevenue": 9838574000,
    "grossProfit": 2692991000,
    "grossProfitRatio": 0.214896623,
    "researchAndDevelopmentExpenses": 0,
    "generalAndAdministrativeExpenses": 0,
    "sellingAndMarketingExpenses": 0,
    "sellingGeneralAndAdministrativeExpenses": 2263328000,
    "otherExpenses": 0,
    "operatingExpenses": 2263328000,
    "costAndExpenses": 12101902000,
    "interestIncome": 4651000,
    "interestExpense": 88064000,
    "depreciationAndAmortization": 364245000,
    "ebitda": 558606000,
    "ebitdaratio": 0.0445759169,
    "operatingIncome": 429663000,
    "operatingIncomeRatio": 0.0342864598,
    "totalOtherIncomeExpensesNet": -323366000,
    "incomeBeforeTax": 106297000,
    "incomeBeforeTaxRatio": 0.0084823404,
    "incomeTaxExpense": 20915000,
    "netIncome": 85382000,
    "netIncomeRatio": 0.0068133549,
    "eps": 0.24,
    "epsdiluted": 0.24,
    "weightedAverageShsOut": 352392000,
    "weightedAverageShsOutDil": 354619000,
    "link": "https://www.sec.gov/Archives/edgar/data/745732/000074573221000017/0000745732-21-000017-index.htm",
    "finalLink": "https://www.sec.gov/Archives/edgar/data/745732/000074573221000017/rost-20210130.htm"
  },
  {
    "date": "2020-02-01",
    "symbol": "ROST",
    "reportedCurrency": "USD",
    "cik": "0000745732",
    "fillingDate": "2020-03-31",
    "acceptedDate": "2020-03-30 17:56:18",
    "calendarYear": "2019",
    "period": "FY",
    "revenue": 16039073000,
    "costOfRevenue": 11536187000,
    "grossProfit": 4502886000,
    "grossProfitRatio": 0.2807447787,
    "researchAndDevelopmentExpenses": 0,
    "generalAndAdministrativeExpenses": 0,
    "sellingAndMarketingExpenses": 0,
    "sellingGeneralAndAdministrativeExpenses": 2356704000,
    "otherExpenses": 0,
    "operatingExpenses": 2356704000,
    "costAndExpenses": 13892891000,
    "interestIncome": 27846000,
    "interestExpense": 9740000,
    "depreciationAndAmortization": 350892000,
    "ebitda": 2524920000,
    "ebitdaratio": 0.157423063,
    "operatingIncome": 2146181999,
    "operatingIncomeRatio": 0.1338096035,
    "totalOtherIncomeExpensesNet": 18106000,
    "incomeBeforeTax": 2164288000,
    "incomeBeforeTaxRatio": 0.1349384718,
    "incomeTaxExpense": 503360000,
    "netIncome": 1660928000,
    "netIncomeRatio": 0.1035551119,
    "eps": 4.63,
    "epsdiluted": 4.6,
    "weightedAverageShsOut": 358462000,
    "weightedAverageShsOutDil": 361182000,
    "link": "https://www.sec.gov/Archives/edgar/data/745732/000074573220000016/0000745732-20-000016-index.htm",
    "finalLink": "https://www.sec.gov/Archives/edgar/data/745732/000074573220000016/rost-20200201.htm"
  },
  {
    "date": "2019-02-02",
    "symbol": "ROST",
    "reportedCurrency": "USD",
    "cik": "0000745732",
    "fillingDate": "2019-04-02",
    "acceptedDate": "2019-04-01 18:02:54",
    "calendarYear": "2018",
    "period": "FY",
    "revenue": 14983541000,
    "costOfRevenue": 10726277000,
    "grossProfit": 4257264000,
    "grossProfitRatio": 0.2841293657,
    "researchAndDevelopmentExpenses": 0,
    "generalAndAdministrativeExpenses": 0,
    "sellingAndMarketingExpenses": 0,
    "sellingGeneralAndAdministrativeExpenses": 2216550000,
    "otherExpenses": 0,
    "operatingExpenses": 2216550000,
    "costAndExpenses": 12942827000,
    "interestIncome": 26569000,
    "interestExpense": 16407000,
    "depreciationAndAmortization": 330357000,
    "ebitda": 2397640000,
    "ebitdaratio": 0.1600182494,
    "operatingIncome": 2040714000,
    "operatingIncomeRatio": 0.1361970445,
    "totalOtherIncomeExpensesNet": 10162000,
    "incomeBeforeTax": 2050876000,
    "incomeBeforeTaxRatio": 0.1368752553,
    "incomeTaxExpense": 463419000,
    "netIncome": 1587457000,
    "netIncomeRatio": 0.1059467185,
    "eps": 4.3,
    "epsdiluted": 4.26,
    "weightedAverageShsOut": 369533000,
    "weightedAverageShsOutDil": 372678000,
    "link": "https://www.sec.gov/Archives/edgar/data/745732/000074573219000009/0000745732-19-000009-index.htm",
    "finalLink": "https://www.sec.gov/Archives/edgar/data/745732/000074573219000009/rost-20190202x10k.htm"
  },
  {
    "date": "2018-02-03",
    "symbol": "ROST",
    "reportedCurrency": "USD",
    "cik": "0000745732",
    "fillingDate": "2018-04-03",
    "acceptedDate": "2018-04-02 20:28:09",
    "calendarYear": "2017",
    "period": "FY",
    "revenue": 14134732000,
    "costOfRevenue": 10042638000,
    "grossProfit": 4092094000,
    "grossProfitRatio": 0.2895063026,
    "researchAndDevelopmentExpenses": 0,
    "generalAndAdministrativeExpenses": 0,
    "sellingAndMarketingExpenses": 0,
    "sellingGeneralAndAdministrativeExpenses": 2043698000,
    "otherExpenses": 0,
    "operatingExpenses": 2043698000,
    "costAndExpenses": 12086336000,
    "interestIncome": 11171000,
    "interestExpense": 18847000,
    "depreciationAndAmortization": 313163000,
    "ebitda": 2372730000,
    "ebitdaratio": 0.1678652273,
    "operatingIncome": 2048396000,
    "operatingIncomeRatio": 0.1449193377,
    "totalOtherIncomeExpensesNet": -7676000,
    "incomeBeforeTax": 2040720000,
    "incomeBeforeTaxRatio": 0.1443762782,
    "incomeTaxExpense": 677967000,
    "netIncome": 1362753000,
    "netIncomeRatio": 0.0964116617,
    "eps": 3.58,
    "epsdiluted": 3.55,
    "weightedAverageShsOut": 381174000,
    "weightedAverageShsOutDil": 384329000,
    "link": "https://www.sec.gov/Archives/edgar/data/745732/000074573218000004/0000745732-18-000004-index.htm",
    "finalLink": "https://www.sec.gov/Archives/edgar/data/745732/000074573218000004/rost-20180203x10k.htm"
  },
  {
    "date": "2017-01-28",
    "symbol": "ROST",
    "reportedCurrency": "USD",
    "cik": "0000745732",
    "fillingDate": "2017-03-28",
    "acceptedDate": "2017-03-27 18:50:48",
    "calendarYear": "2016",
    "period": "FY",
    "revenue": 12866757000,
    "costOfRevenue": 9173705000,
    "grossProfit": 3693052000,
    "grossProfitRatio": 0.2870227517,
    "researchAndDevelopmentExpenses": 0,
    "generalAndAdministrativeExpenses": 0,
    "sellingAndMarketingExpenses": 0,
    "sellingGeneralAndAdministrativeExpenses": 1890408000,
    "otherExpenses": 0,
    "operatingExpenses": 1890408000,
    "costAndExpenses": 11064113000,
    "interestIncome": 3081000,
    "interestExpense": 19569000,
    "depreciationAndAmortization": 302515000,
    "ebitda": 2108240000,
    "ebitdaratio": 0.1638516994,
    "operatingIncome": 1802644000,
    "operatingIncomeRatio": 0.1401008817,
    "totalOtherIncomeExpensesNet": -16488000,
    "incomeBeforeTax": 1786156000,
    "incomeBeforeTaxRatio": 0.1388194399,
    "incomeTaxExpense": 668502000,
    "netIncome": 1117654000,
    "netIncomeRatio": 0.0868636907,
    "eps": 2.85,
    "epsdiluted": 2.83,
    "weightedAverageShsOut": 392124000,
    "weightedAverageShsOutDil": 394958000,
    "link": "https://www.sec.gov/Archives/edgar/data/745732/000074573217000009/0000745732-17-000009-index.htm",
    "finalLink": "https://www.sec.gov/Archives/edgar/data/745732/000074573217000009/rost-20170128x10k.htm"
  },
  {
    "date": "2016-01-30",
    "symbol": "ROST",
    "reportedCurrency": "USD",
    "cik": "0000745732",
    "fillingDate": "2016-03-29",
    "acceptedDate": "2016-03-28 19:29:45",
    "calendarYear": "2015",
    "period": "FY",
    "revenue": 11939999000,
    "costOfRevenue": 8576873000,
    "grossProfit": 3363126000,
    "grossProfitRatio": 0.2816688678,
    "researchAndDevelopmentExpenses": 0,
    "generalAndAdministrativeExpenses": 0,
    "sellingAndMarketingExpenses": 0,
    "sellingGeneralAndAdministrativeExpenses": 1738755000,
    "otherExpenses": 0,
    "operatingExpenses": 1738755000,
    "costAndExpenses": 10315628000,
    "interestIncome": 678000,
    "interestExpense": 13290000,
    "depreciationAndAmortization": 274828000,
    "ebitda": 1899877000,
    "ebitdaratio": 0.15911869,
    "operatingIncome": 1624371000,
    "operatingIncomeRatio": 0.1360444838,
    "totalOtherIncomeExpensesNet": -12612000,
    "incomeBeforeTax": 1611759000,
    "incomeBeforeTaxRatio": 0.1349882023,
    "incomeTaxExpense": 591098000,
    "netIncome": 1020661000,
    "netIncomeRatio": 0.085482503,
    "eps": 2.53,
    "epsdiluted": 2.51,
    "weightedAverageShsOut": 403034000,
    "weightedAverageShsOutDil": 406405000,
    "link": "https://www.sec.gov/Archives/edgar/data/745732/000074573216000037/0000745732-16-000037-index.htm",
    "finalLink": "https://www.sec.gov/Archives/edgar/data/745732/000074573216000037/rost-20160130x10k.htm"
  },
  {
    "date": "2015-01-31",
    "symbol": "ROST",
    "reportedCurrency": "USD",
    "cik": "0000745732",
    "fillingDate": "2015-03-31",
    "acceptedDate": "2015-03-30 18:54:36",
    "calendarYear": "2014",
    "period": "FY",
    "revenue": 11041677000,
    "costOfRevenue": 7937956000,
    "grossProfit": 3103721000,
    "grossProfitRatio": 0.2810914501,
    "researchAndDevelopmentExpenses": 0,
    "generalAndAdministrativeExpenses": 0,
    "sellingAndMarketingExpenses": 0,
    "sellingGeneralAndAdministrativeExpenses": 1615371000,
    "otherExpenses": 0,
    "operatingExpenses": 1615371000,
    "costAndExpenses": 9553327000,
    "interestIncome": 411000,
    "interestExpense": 3395000,
    "depreciationAndAmortization": 232959000,
    "ebitda": 1721720000,
    "ebitdaratio": 0.1559292126,
    "operatingIncome": 1488350000,
    "operatingIncomeRatio": 0.1347938361,
    "totalOtherIncomeExpensesNet": -2984000,
    "incomeBeforeTax": 1485366000,
    "incomeBeforeTaxRatio": 0.1345235873,
    "incomeTaxExpense": 560642000,
    "netIncome": 924724000,
    "netIncomeRatio": 0.0837485103,
    "eps": 2.24,
    "epsdiluted": 2.21,
    "weightedAverageShsOut": 413554000,
    "weightedAverageShsOutDil": 418078000,
    "link": "https://www.sec.gov/Archives/edgar/data/745732/000074573215000009/0000745732-15-000009-index.htm",
    "finalLink": "https://www.sec.gov/Archives/edgar/data/745732/000074573215000009/rost-20150131x10k.htm"
  },
  {
    "date": "2014-02-01",
    "symbol": "ROST",
    "reportedCurrency": "USD",
    "cik": "0000745732",
    "fillingDate": "2014-04-01",
    "acceptedDate": "2014-03-31 17:54:08",
    "calendarYear": "2013",
    "period": "FY",
    "revenue": 10230353000,
    "costOfRevenue": 7360924000,
    "grossProfit": 2869429000,
    "grossProfitRatio": 0.2804819149,
    "researchAndDevelopmentExpenses": 0,
    "generalAndAdministrativeExpenses": 0,
    "sellingAndMarketingExpenses": 0,
    "sellingGeneralAndAdministrativeExpenses": 1526366000,
    "otherExpenses": 0,
    "operatingExpenses": 1526366000,
    "costAndExpenses": 8887290000,
    "interestIncome": 547000,
    "interestExpense": 299999,
    "depreciationAndAmortization": 206111000,
    "ebitda": 1549721000,
    "ebitdaratio": 0.1514826517,
    "operatingIncome": 1343063000,
    "operatingIncomeRatio": 0.1312821757,
    "totalOtherIncomeExpensesNet": 247000,
    "incomeBeforeTax": 1343310000,
    "incomeBeforeTaxRatio": 0.1313063195,
    "incomeTaxExpense": 506006000,
    "netIncome": 837304000,
    "netIncomeRatio": 0.0818450742,
    "eps": 1.97,
    "epsdiluted": 1.94,
    "weightedAverageShsOut": 425762000,
    "weightedAverageShsOutDil": 431610000,
    "link": "https://www.sec.gov/Archives/edgar/data/745732/000074573214000006/0000745732-14-000006-index.htm",
    "finalLink": "https://www.sec.gov/Archives/edgar/data/745732/000074573214000006/rost-20140201x10k.htm"
  },
  {
    "date": "2013-02-02",
    "symbol": "ROST",
    "reportedCurrency": "USD",
    "cik": "0000745732",
    "fillingDate": "2013-04-02",
    "acceptedDate": "2013-04-02 09:18:46",
    "calendarYear": "2012",
    "period": "FY",
    "revenue": 9721065000,
    "costOfRevenue": 7011428000,
    "grossProfit": 2709637000,
    "grossProfitRatio": 0.2787386979,
    "researchAndDevelopmentExpenses": 0,
    "generalAndAdministrativeExpenses": 0,
    "sellingAndMarketingExpenses": 0,
    "sellingGeneralAndAdministrativeExpenses": 1437886000,
    "otherExpenses": 0,
    "operatingExpenses": 1437886000,
    "costAndExpenses": 8449314000,
    "interestIncome": 600000,
    "interestExpense": 7507000,
    "depreciationAndAmortization": 185491000,
    "ebitda": 1457842000,
    "ebitdaratio": 0.1499673133,
    "operatingIncome": 1271751000,
    "operatingIncomeRatio": 0.1308242461,
    "totalOtherIncomeExpensesNet": -6907000,
    "incomeBeforeTax": 1264844000,
    "incomeBeforeTaxRatio": 0.1301137273,
    "incomeTaxExpense": 478081000,
    "netIncome": 786763000,
    "netIncomeRatio": 0.0809338277,
    "eps": 1.8,
    "epsdiluted": 1.77,
    "weightedAverageShsOut": 438260000,
    "weightedAverageShsOutDil": 445568000,
    "link": "https://www.sec.gov/Archives/edgar/data/745732/000074573213000006/0000745732-13-000006-index.htm",
    "finalLink": "https://www.sec.gov/Archives/edgar/data/745732/000074573213000006/rost-20130202x10k.htm"
  },
  {
    "date": "2012-01-28",
    "symbol": "ROST",
    "reportedCurrency": "USD",
    "cik": "0000745732",
    "fillingDate": "2012-03-27",
    "acceptedDate": "2012-03-27 06:01:06",
    "calendarYear": "2011",
    "period": "FY",
    "revenue": 8608291000,
    "costOfRevenue": 6240760000,
    "grossProfit": 2367531000,
    "grossProfitRatio": 0.275029155,
    "researchAndDevelopmentExpenses": 0,
    "generalAndAdministrativeExpenses": 0,
    "sellingAndMarketingExpenses": 0,
    "sellingGeneralAndAdministrativeExpenses": 1304065000,
    "otherExpenses": 0,
    "operatingExpenses": 1304065000,
    "costAndExpenses": 7544825000,
    "interestIncome": 700000,
    "interestExpense": 11022000,
    "depreciationAndAmortization": 159892000,
    "ebitda": 1224058000,
    "ebitdaratio": 0.1421952394,
    "operatingIncome": 1063465999,
    "operatingIncomeRatio": 0.1235397362,
    "totalOtherIncomeExpensesNet": -10321999,
    "incomeBeforeTax": 1053144000,
    "incomeBeforeTaxRatio": 0.1223406597,
    "incomeTaxExpense": 395974000,
    "netIncome": 657170000,
    "netIncomeRatio": 0.0763415177,
    "eps": 1.46,
    "epsdiluted": 1.43,
    "weightedAverageShsOut": 451830000,
    "weightedAverageShsOutDil": 459964000,
    "link": "https://www.sec.gov/Archives/edgar/data/745732/000120677412001210/0001206774-12-001210-index.htm",
    "finalLink": "https://www.sec.gov/Archives/edgar/data/745732/000120677412001210/rossstores_10k.htm"
  },
  {
    "date": "2011-01-29",
    "symbol": "ROST",
    "reportedCurrency": "USD",
    "cik": "0000745732",
    "fillingDate": "2011-03-29",
    "acceptedDate": "2011-03-29 06:01:07",
    "calendarYear": "2010",
    "period": "FY",
    "revenue": 7866100000,
    "costOfRevenue": 5729735000,
    "grossProfit": 2136364999,
    "grossProfitRatio": 0.2715913857,
    "researchAndDevelopmentExpenses": 0,
    "generalAndAdministrativeExpenses": 0,
    "sellingAndMarketingExpenses": 0,
    "sellingGeneralAndAdministrativeExpenses": 1229775000,
    "otherExpenses": 0,
    "operatingExpenses": 1229775000,
    "costAndExpenses": 6959510000,
    "interestIncome": 1100000,
    "interestExpense": 10669000,
    "depreciationAndAmortization": 160693000,
    "ebitda": 1068383000,
    "ebitdaratio": 0.135821182,
    "operatingIncome": 906590000,
    "operatingIncomeRatio": 0.1152527936,
    "totalOtherIncomeExpensesNet": -9569000,
    "incomeBeforeTax": 897021000,
    "incomeBeforeTaxRatio": 0.1140363077,
    "incomeTaxExpense": 342224000,
    "netIncome": 554797000,
    "netIncomeRatio": 0.0705301229,
    "eps": 1.18,
    "epsdiluted": 1.16,
    "weightedAverageShsOut": 471284000,
    "weightedAverageShsOutDil": 479608000,
    "link": "https://www.sec.gov/Archives/edgar/data/745732/000120677411000627/0001206774-11-000627-index.htm",
    "finalLink": "https://www.sec.gov/Archives/edgar/data/745732/000120677411000627/rossstores_10k.htm"
  },
  {
    "date": "2010-01-30",
    "symbol": "ROST",
    "reportedCurrency": "USD",
    "cik": "0000745732",
    "fillingDate": "2010-03-30",
    "acceptedDate": "2010-03-30 07:01:04",
    "calendarYear": "2009",
    "period": "FY",
    "revenue": 7184213000,
    "costOfRevenue": 5327278000,
    "grossProfit": 1856935000,
    "grossProfitRatio": 0.2584743799,
    "researchAndDevelopmentExpenses": 0,
    "generalAndAdministrativeExpenses": 0,
    "sellingAndMarketingExpenses": 0,
    "sellingGeneralAndAdministrativeExpenses": 1130813000,
    "otherExpenses": 0,
    "operatingExpenses": 1130813000,
    "costAndExpenses": 6458091000,
    "interestIncome": 1800000,
    "interestExpense": 9393000,
    "depreciationAndAmortization": 159043000,
    "ebitda": 886965000,
    "ebitdaratio": 0.1234602872,
    "operatingIncome": 726122000,
    "operatingIncomeRatio": 0.1010718919,
    "totalOtherIncomeExpensesNet": -7593000,
    "incomeBeforeTax": 718529000,
    "incomeBeforeTaxRatio": 0.1000149912,
    "incomeTaxExpense": 275772000,
    "netIncome": 442757000,
    "netIncomeRatio": 0.0616291583,
    "eps": 0.9,
    "epsdiluted": 0.89,
    "weightedAverageShsOut": 491548000,
    "weightedAverageShsOutDil": 500056000,
    "link": "https://www.sec.gov/Archives/edgar/data/745732/000120677410000742/0001206774-10-000742-index.htm",
    "finalLink": "https://www.sec.gov/Archives/edgar/data/745732/000120677410000742/rossstores_10k.htm"
  },
  {
    "date": "2009-01-31",
    "symbol": "ROST",
    "reportedCurrency": "USD",
    "cik": "0000745732",
    "fillingDate": "2009-03-31",
    "acceptedDate": "2009-03-31 12:07:18",
    "calendarYear": "2008",
    "period": "FY",
    "revenue": 6486139000,
    "costOfRevenue": 4956576000,
    "grossProfit": 1529563000,
    "grossProfitRatio": 0.2358202623,
    "researchAndDevelopmentExpenses": 0,
    "generalAndAdministrativeExpenses": 0,
    "sellingAndMarketingExpenses": 0,
    "sellingGeneralAndAdministrativeExpenses": 1034357000,
    "otherExpenses": 0,
    "operatingExpenses": 1034357000,
    "costAndExpenses": 5990933000,
    "interestIncome": 8500000,
    "interestExpense": 8343000,
    "depreciationAndAmortization": 141802000,
    "ebitda": 645508000,
    "ebitdaratio": 0.0995211481,
    "operatingIncome": 495206000,
    "operatingIncomeRatio": 0.0763483484,
    "totalOtherIncomeExpensesNet": 157000,
    "incomeBeforeTax": 495363000,
    "incomeBeforeTaxRatio": 0.0763725538,
    "incomeTaxExpense": 189922000,
    "netIncome": 305441000,
    "netIncomeRatio": 0.0470913436,
    "eps": 0.59,
    "epsdiluted": 0.58,
    "weightedAverageShsOut": 516940000,
    "weightedAverageShsOutDil": 525260000,
    "link": "https://www.sec.gov/Archives/edgar/data/745732/000120677409000660/0001206774-09-000660-index.htm",
    "finalLink": "https://www.sec.gov/Archives/edgar/data/745732/000120677409000660/rossstores_10k.htm"
  },
  {
    "date": "2008-02-02",
    "symbol": "ROST",
    "reportedCurrency": "USD",
    "cik": "0000745732",
    "fillingDate": "2008-04-01",
    "acceptedDate": "2008-04-01 12:05:18",
    "calendarYear": "2007",
    "period": "FY",
    "revenue": 5975212000,
    "costOfRevenue": 4618220000,
    "grossProfit": 1356992000,
    "grossProfitRatio": 0.2271035739,
    "researchAndDevelopmentExpenses": 0,
    "generalAndAdministrativeExpenses": 0,
    "sellingAndMarketingExpenses": 0,
    "sellingGeneralAndAdministrativeExpenses": 935901000,
    "otherExpenses": 0,
    "operatingExpenses": 935901000,
    "costAndExpenses": 5554121000,
    "interestIncome": 13800000,
    "interestExpense": 9771000,
    "depreciationAndAmortization": 122801000,
    "ebitda": 555590000,
    "ebitdaratio": 0.0929824749,
    "operatingIncome": 421091000,
    "operatingIncomeRatio": 0.0704729807,
    "totalOtherIncomeExpensesNet": 4029000,
    "incomeBeforeTax": 425120000,
    "incomeBeforeTaxRatio": 0.0711472664,
    "incomeTaxExpense": 164069000,
    "netIncome": 261051000,
    "netIncomeRatio": 0.0436889938,
    "eps": 0.48,
    "epsdiluted": 0.48,
    "weightedAverageShsOut": 540372000,
    "weightedAverageShsOutDil": 548568000,
    "link": "https://www.sec.gov/Archives/edgar/data/745732/000120677408000659/0001206774-08-000659-index.htm",
    "finalLink": "https://www.sec.gov/Archives/edgar/data/745732/000120677408000659/rossstores_10k.htm"
  },
  {
    "date": "2007-02-03",
    "symbol": "ROST",
    "reportedCurrency": "USD",
    "cik": "0000745732",
    "fillingDate": "2007-04-03",
    "acceptedDate": "2007-04-03 14:04:45",
    "calendarYear": "2006",
    "period": "FY",
    "revenue": 5570210000,
    "costOfRevenue": 4317527000,
    "grossProfit": 1252683000,
    "grossProfitRatio": 0.2248897259,
    "researchAndDevelopmentExpenses": 0,
    "generalAndAdministrativeExpenses": 0,
    "sellingAndMarketingExpenses": 0,
    "sellingGeneralAndAdministrativeExpenses": 863033000,
    "otherExpenses": 0,
    "operatingExpenses": 863033000,
    "costAndExpenses": 5180560000,
    "interestIncome": 11500000,
    "interestExpense": 2873000,
    "depreciationAndAmortization": 108135000,
    "ebitda": 509285000,
    "ebitdaratio": 0.0914301256,
    "operatingIncome": 389650000,
    "operatingIncomeRatio": 0.0699524793,
    "totalOtherIncomeExpensesNet": 8627000,
    "incomeBeforeTax": 398277000,
    "incomeBeforeTaxRatio": 0.071501254,
    "incomeTaxExpense": 156643000,
    "netIncome": 241634000,
    "netIncomeRatio": 0.043379693,
    "eps": 0.43,
    "epsdiluted": 0.43,
    "weightedAverageShsOut": 557952000,
    "weightedAverageShsOutDil": 567532000,
    "link": "https://www.sec.gov/Archives/edgar/data/745732/000120677407000885/0001206774-07-000885-index.htm",
    "finalLink": "https://www.sec.gov/Archives/edgar/data/745732/000120677407000885/ross_10k.htm"
  },
  {
    "date": "2006-01-28",
    "symbol": "ROST",
    "reportedCurrency": "USD",
    "cik": "0000745732",
    "fillingDate": "2006-04-12",
    "acceptedDate": "2006-04-12 14:35:17",
    "calendarYear": "2005",
    "period": "FY",
    "revenue": 4944179000,
    "costOfRevenue": 3832296000,
    "grossProfit": 1111883000,
    "grossProfitRatio": 0.2248872866,
    "researchAndDevelopmentExpenses": 0,
    "generalAndAdministrativeExpenses": 0,
    "sellingAndMarketingExpenses": 0,
    "sellingGeneralAndAdministrativeExpenses": 786439000,
    "otherExpenses": 0,
    "operatingExpenses": 786439000,
    "costAndExpenses": 4618735000,
    "interestIncome": 2898000,
    "interestExpense": 0,
    "depreciationAndAmortization": 110848000,
    "ebitda": 439190000,
    "ebitdaratio": 0.0888297127,
    "operatingIncome": 325444000,
    "operatingIncomeRatio": 0.0658236686,
    "totalOtherIncomeExpensesNet": 2898000,
    "incomeBeforeTax": 328342000,
    "incomeBeforeTaxRatio": 0.0664098124,
    "incomeTaxExpense": 128710000,
    "netIncome": 199632000,
    "netIncomeRatio": 0.0403771789,
    "eps": 0.35,
    "epsdiluted": 0.34,
    "weightedAverageShsOut": 577300000,
    "weightedAverageShsOutDil": 586128000,
    "link": "https://www.sec.gov/Archives/edgar/data/745732/000120677406000745/0001206774-06-000745-index.htm",
    "finalLink": "https://www.sec.gov/Archives/edgar/data/745732/000120677406000745/rs101600.htm"
  },
  {
    "date": "2005-01-29",
    "symbol": "ROST",
    "reportedCurrency": "USD",
    "cik": "0000745732",
    "fillingDate": "2005-04-14",
    "acceptedDate": "2005-04-14 14:40:28",
    "calendarYear": "2004",
    "period": "FY",
    "revenue": 4239990000,
    "costOfRevenue": 3279877000,
    "grossProfit": 960113000,
    "grossProfitRatio": 0.2264422793,
    "researchAndDevelopmentExpenses": 0,
    "generalAndAdministrativeExpenses": 0,
    "sellingAndMarketingExpenses": 0,
    "sellingGeneralAndAdministrativeExpenses": 664395000,
    "otherExpenses": 0,
    "operatingExpenses": 664395000,
    "costAndExpenses": 3944272000,
    "interestIncome": 2100000,
    "interestExpense": 3015000,
    "depreciationAndAmortization": 94593000,
    "ebitda": 376593000,
    "ebitdaratio": 0.0888193133,
    "operatingIncome": 295718000,
    "operatingIncomeRatio": 0.0697449758,
    "totalOtherIncomeExpensesNet": -16733000,
    "incomeBeforeTax": 278985000,
    "incomeBeforeTaxRatio": 0.0657985042,
    "incomeTaxExpense": 109083000,
    "netIncome": 169902000,
    "netIncomeRatio": 0.0400713209,
    "eps": 0.29,
    "epsdiluted": 0.28,
    "weightedAverageShsOut": 590963000,
    "weightedAverageShsOutDil": 601423000,
    "link": "https://www.sec.gov/Archives/edgar/data/745732/000120677405000592/0001206774-05-000592-index.htm",
    "finalLink": "https://www.sec.gov/Archives/edgar/data/745732/000120677405000592/rs907928.htm"
  },
  {
    "date": "2004-01-31",
    "symbol": "ROST",
    "reportedCurrency": "USD",
    "cik": "0000745732",
    "fillingDate": "2004-04-15",
    "acceptedDate": "2004-04-15 14:50:56",
    "calendarYear": "2003",
    "period": "FY",
    "revenue": 3920583000,
    "costOfRevenue": 2917935000,
    "grossProfit": 1002648000,
    "grossProfitRatio": 0.2557395163,
    "researchAndDevelopmentExpenses": 0,
    "generalAndAdministrativeExpenses": 0,
    "sellingAndMarketingExpenses": 0,
    "sellingGeneralAndAdministrativeExpenses": 628359000,
    "otherExpenses": 0,
    "operatingExpenses": 628359000,
    "costAndExpenses": 3546294000,
    "interestIncome": 0,
    "interestExpense": 0,
    "depreciationAndAmortization": 81785000,
    "ebitda": 451028000,
    "ebitdaratio": 0.1150410538,
    "operatingIncome": 374289000,
    "operatingIncomeRatio": 0.0954676894,
    "totalOtherIncomeExpensesNet": 262000,
    "incomeBeforeTax": 374551000,
    "incomeBeforeTaxRatio": 0.0955345162,
    "incomeTaxExpense": 146449000,
    "netIncome": 228102000,
    "netIncomeRatio": 0.0581806328,
    "eps": 0.38,
    "epsdiluted": 0.37,
    "weightedAverageShsOut": 608660000,
    "weightedAverageShsOutDil": 620604000,
    "link": "https://www.sec.gov/Archives/edgar/data/745732/000120677404000332/0001206774-04-000332-index.htm",
    "finalLink": "https://www.sec.gov/Archives/edgar/data/745732/000120677404000332/rs907356.htm"
  },
  {
    "date": "2003-02-01",
    "symbol": "ROST",
    "reportedCurrency": "USD",
    "cik": "0000745732",
    "fillingDate": "2003-04-23",
    "acceptedDate": "2003-04-23 11:25:35",
    "calendarYear": "2002",
    "period": "FY",
    "revenue": 3531349000,
    "costOfRevenue": 2628412000,
    "grossProfit": 902937000,
    "grossProfitRatio": 0.255691805,
    "researchAndDevelopmentExpenses": 0,
    "generalAndAdministrativeExpenses": 0,
    "sellingAndMarketingExpenses": 0,
    "sellingGeneralAndAdministrativeExpenses": 572316000,
    "otherExpenses": 0,
    "operatingExpenses": 572316000,
    "costAndExpenses": 3200728000,
    "interestIncome": 0,
    "interestExpense": 279000,
    "depreciationAndAmortization": 66176000,
    "ebitda": 396797000,
    "ebitdaratio": 0.1123641419,
    "operatingIncome": 330621000,
    "operatingIncomeRatio": 0.093624561,
    "totalOtherIncomeExpensesNet": -279000,
    "incomeBeforeTax": 330342000,
    "incomeBeforeTaxRatio": 0.0935455544,
    "incomeTaxExpense": 129164000,
    "netIncome": 201178000,
    "netIncomeRatio": 0.0569691639,
    "eps": 0.32,
    "epsdiluted": 0.31,
    "weightedAverageShsOut": 625238000,
    "weightedAverageShsOutDil": 640243000,
    "link": "https://www.sec.gov/Archives/edgar/data/745732/000120677403000339/0001206774-03-000339-index.htm",
    "finalLink": "https://www.sec.gov/Archives/edgar/data/745732/000120677403000339/d12512.htm"
  },
  {
    "date": "2002-02-02",
    "symbol": "ROST",
    "reportedCurrency": "USD",
    "cik": "0000745732",
    "fillingDate": "2002-04-25",
    "acceptedDate": "2002-04-25 00:00:00",
    "calendarYear": "2001",
    "period": "FY",
    "revenue": 2986596000,
    "costOfRevenue": 2070459000,
    "grossProfit": 916137000,
    "grossProfitRatio": 0.306749557,
    "researchAndDevelopmentExpenses": 0,
    "generalAndAdministrativeExpenses": 0,
    "sellingAndMarketingExpenses": 0,
    "sellingGeneralAndAdministrativeExpenses": 608483000,
    "otherExpenses": 49897000,
    "operatingExpenses": 658380000,
    "costAndExpenses": 2728839000,
    "interestIncome": 0,
    "interestExpense": 3168000,
    "depreciationAndAmortization": 62621000,
    "ebitda": 320378000,
    "ebitdaratio": 0.1072719578,
    "operatingIncome": 257757000,
    "operatingIncomeRatio": 0.086304609,
    "totalOtherIncomeExpensesNet": -3168000,
    "incomeBeforeTax": 254589000,
    "incomeBeforeTaxRatio": 0.0852438696,
    "incomeTaxExpense": 99544000,
    "netIncome": 155045000,
    "netIncomeRatio": 0.0519136167,
    "eps": 0.24,
    "epsdiluted": 0.24,
    "weightedAverageShsOut": 639088000,
    "weightedAverageShsOutDil": 649680000,
    "link": "https://www.sec.gov/Archives/edgar/data/745732/000091205702016435/0000912057-02-016435-index.htm",
    "finalLink": "https://www.sec.gov/Archives/edgar/data/745732/000091205702016435/a2077380z10-k.htm"
  },
  {
    "date": "2001-02-03",
    "symbol": "ROST",
    "reportedCurrency": "USD",
    "cik": "0000745732",
    "fillingDate": "2001-04-27",
    "acceptedDate": "2001-04-27 00:00:00",
    "calendarYear": "2000",
    "period": "FY",
    "revenue": 2709039000,
    "costOfRevenue": 1862598000,
    "grossProfit": 846441000,
    "grossProfitRatio": 0.3124506513,
    "researchAndDevelopmentExpenses": 0,
    "generalAndAdministrativeExpenses": 0,
    "sellingAndMarketingExpenses": 0,
    "sellingGeneralAndAdministrativeExpenses": 538726000,
    "otherExpenses": 55063000,
    "operatingExpenses": 593789000,
    "costAndExpenses": 2456387000,
    "interestIncome": 0,
    "interestExpense": 3466000,
    "depreciationAndAmortization": 55063000,
    "ebitda": 307715000,
    "ebitdaratio": 0.1135882503,
    "operatingIncome": 252652000,
    "operatingIncomeRatio": 0.0932625924,
    "totalOtherIncomeExpensesNet": -3466000,
    "incomeBeforeTax": 249186000,
    "incomeBeforeTaxRatio": 0.0919831719,
    "incomeTaxExpense": 97432000,
    "netIncome": 151754000,
    "netIncomeRatio": 0.0560176505,
    "eps": 0.23,
    "epsdiluted": 0.23,
    "weightedAverageShsOut": 660952000,
    "weightedAverageShsOutDil": 666696000,
    "link": "https://www.sec.gov/Archives/edgar/data/745732/000091205701510903/0000912057-01-510903-index.htm",
    "finalLink": "https://www.sec.gov/Archives/edgar/data/745732/000091205701510903/a2046496z10-k.htm"
  },
  {
    "date": "2000-01-29",
    "symbol": "ROST",
    "reportedCurrency": "USD",
    "cik": "0000745732",
    "fillingDate": "2000-04-28",
    "acceptedDate": "2000-04-28 00:00:00",
    "calendarYear": "1999",
    "period": "FY",
    "revenue": 2468638000,
    "costOfRevenue": 1692472000,
    "grossProfit": 776166000,
    "grossProfitRatio": 0.3144106183,
    "researchAndDevelopmentExpenses": 0,
    "generalAndAdministrativeExpenses": 0,
    "sellingAndMarketingExpenses": 0,
    "sellingGeneralAndAdministrativeExpenses": 472822000,
    "otherExpenses": 48187000,
    "operatingExpenses": 521009000,
    "costAndExpenses": 2213481000,
    "interestIncome": 0,
    "interestExpense": 0,
    "depreciationAndAmortization": 48187000,
    "ebitda": 303344000,
    "ebitdaratio": 0.1228790937,
    "operatingIncome": 255157000,
    "operatingIncomeRatio": 0.1033594233,
    "totalOtherIncomeExpensesNet": -8678000,
    "incomeBeforeTax": 246479000,
    "incomeBeforeTaxRatio": 0.0998441246,
    "incomeTaxExpense": 96373000,
    "netIncome": 150106000,
    "netIncomeRatio": 0.0608051889,
    "eps": 0.21,
    "epsdiluted": 0.21,
    "weightedAverageShsOut": 723328000,
    "weightedAverageShsOutDil": 733368000,
    "link": "https://www.sec.gov/Archives/edgar/data/745732/000091205700020304/0000912057-00-020304-index.htm",
    "finalLink": "https://www.sec.gov/Archives/edgar/data/745732/000091205700020304/"
  },
  {
    "date": "1999-01-30",
    "symbol": "ROST",
    "reportedCurrency": "USD",
    "cik": "0000745732",
    "fillingDate": "1999-04-22",
    "acceptedDate": "1999-04-22 00:00:00",
    "calendarYear": "1998",
    "period": "FY",
    "revenue": 2182400000,
    "costOfRevenue": 1504200000,
    "grossProfit": 678200000,
    "grossProfitRatio": 0.3107587977,
    "researchAndDevelopmentExpenses": 0,
    "generalAndAdministrativeExpenses": 0,
    "sellingAndMarketingExpenses": 0,
    "sellingGeneralAndAdministrativeExpenses": 415300000,
    "otherExpenses": 43200000,
    "operatingExpenses": 458500000,
    "costAndExpenses": 1962700000,
    "interestIncome": 0,
    "interestExpense": 0,
    "depreciationAndAmortization": 43200000,
    "ebitda": 262922000,
    "ebitdaratio": 0.1204737903,
    "operatingIncome": 219400000,
    "operatingIncomeRatio": 0.1005315249,
    "totalOtherIncomeExpensesNet": -259000,
    "incomeBeforeTax": 219400000,
    "incomeBeforeTaxRatio": 0.1005315249,
    "incomeTaxExpense": 85600000,
    "netIncome": 133800000,
    "netIncomeRatio": 0.061308651,
    "eps": 0.18,
    "epsdiluted": 0.18,
    "weightedAverageShsOut": 752568000,
    "weightedAverageShsOutDil": 765600000,
    "link": "https://www.sec.gov/Archives/edgar/data/745732/000104746999015775/0001047469-99-015775-index.htm",
    "finalLink": "https://www.sec.gov/Archives/edgar/data/745732/000104746999015775/"
  },
  {
    "date": "1998-01-31",
    "symbol": "ROST",
    "reportedCurrency": "USD",
    "cik": "0000745732",
    "fillingDate": "1998-04-24",
    "acceptedDate": "1998-04-24 00:00:00",
    "calendarYear": "1997",
    "period": "FY",
    "revenue": 1988700000,
    "costOfRevenue": 1379600000,
    "grossProfit": 609100000,
    "grossProfitRatio": 0.3062804847,
    "researchAndDevelopmentExpenses": 0,
    "generalAndAdministrativeExpenses": 0,
    "sellingAndMarketingExpenses": 0,
    "sellingGeneralAndAdministrativeExpenses": 374100000,
    "otherExpenses": 39500000,
    "operatingExpenses": 413600000,
    "costAndExpenses": 1793200000,
    "interestIncome": 0,
    "interestExpense": 0,
    "depreciationAndAmortization": 39500000,
    "ebitda": 235002000,
    "ebitdaratio": 0.1181686529,
    "operatingIncome": 195800000,
    "operatingIncomeRatio": 0.098456278,
    "totalOtherIncomeExpensesNet": 265000,
    "incomeBeforeTax": 195800000,
    "incomeBeforeTaxRatio": 0.098456278,
    "incomeTaxExpense": 78300000,
    "netIncome": 117500000,
    "netIncomeRatio": 0.0590838236,
    "eps": 0.15,
    "epsdiluted": 0.15,
    "weightedAverageShsOut": 782848000,
    "weightedAverageShsOutDil": 800032000,
    "link": "https://www.sec.gov/Archives/edgar/data/745732/000074573298000003/0000745732-98-000003-index.htm",
    "finalLink": "https://www.sec.gov/Archives/edgar/data/745732/000074573298000003/"
  },
  {
    "date": "1997-02-01",
    "symbol": "ROST",
    "reportedCurrency": "USD",
    "cik": "0000745732",
    "fillingDate": "1997-04-30",
    "acceptedDate": "1997-04-30 00:00:00",
    "calendarYear": "1996",
    "period": "FY",
    "revenue": 1689800000,
    "costOfRevenue": 1187500000,
    "grossProfit": 502300000,
    "grossProfitRatio": 0.2972541129,
    "researchAndDevelopmentExpenses": 0,
    "generalAndAdministrativeExpenses": 0,
    "sellingAndMarketingExpenses": 0,
    "sellingGeneralAndAdministrativeExpenses": 332400000,
    "otherExpenses": 35400000,
    "operatingExpenses": 367800000,
    "costAndExpenses": 1555300000,
    "interestIncome": 0,
    "interestExpense": 0,
    "depreciationAndAmortization": 35400000,
    "ebitda": 169900000,
    "ebitdaratio": 0.1005444431,
    "operatingIncome": 134800000,
    "operatingIncomeRatio": 0.0797727542,
    "totalOtherIncomeExpensesNet": 300000,
    "incomeBeforeTax": 134800000,
    "incomeBeforeTaxRatio": 0.0797727542,
    "incomeTaxExpense": 53900000,
    "netIncome": 80900000,
    "netIncomeRatio": 0.0478754882,
    "eps": 0.1,
    "epsdiluted": 0.0988,
    "weightedAverageShsOut": 799012000,
    "weightedAverageShsOutDil": 819241000,
    "link": "https://www.sec.gov/Archives/edgar/data/745732/000074573297000002/0000745732-97-000002-index.htm",
    "finalLink": "https://www.sec.gov/Archives/edgar/data/745732/000074573297000002/"
  },
  {
    "date": "1996-02-03",
    "symbol": "ROST",
    "reportedCurrency": "USD",
    "cik": "0000745732",
    "fillingDate": "1996-04-29",
    "acceptedDate": "1996-04-29 00:00:00",
    "calendarYear": "1995",
    "period": "FY",
    "revenue": 1426400000,
    "costOfRevenue": 1026500000,
    "grossProfit": 399900000,
    "grossProfitRatio": 0.2803561413,
    "researchAndDevelopmentExpenses": 0,
    "generalAndAdministrativeExpenses": 0,
    "sellingAndMarketingExpenses": 0,
    "sellingGeneralAndAdministrativeExpenses": 293100000,
    "otherExpenses": 32000000,
    "operatingExpenses": 325100000,
    "costAndExpenses": 1351600000,
    "interestIncome": 0,
    "interestExpense": 0,
    "depreciationAndAmortization": 32000000,
    "ebitda": 106800000,
    "ebitdaratio": 0.0748738082,
    "operatingIncome": 74800000,
    "operatingIncomeRatio": 0.0524397084,
    "totalOtherIncomeExpensesNet": -2700000,
    "incomeBeforeTax": 72100000,
    "incomeBeforeTaxRatio": 0.0505468312,
    "incomeTaxExpense": 28800000,
    "netIncome": 43300000,
    "netIncomeRatio": 0.0303561413,
    "eps": 0.055,
    "epsdiluted": 0.055,
    "weightedAverageShsOut": 787273000,
    "weightedAverageShsOutDil": 787273000,
    "link": "https://www.sec.gov/Archives/edgar/data/745732/000074573296000004/0000745732-96-000004-index.htm",
    "finalLink": "https://www.sec.gov/Archives/edgar/data/745732/000074573296000004/"
  },
  {
    "date": "1995-01-28",
    "symbol": "ROST",
    "reportedCurrency": "USD",
    "cik": "0000745732",
    "fillingDate": "1995-04-24",
    "acceptedDate": "1995-04-24 00:00:00",
    "calendarYear": "1994",
    "period": "FY",
    "revenue": 1262500000,
    "costOfRevenue": 915300000,
    "grossProfit": 347200000,
    "grossProfitRatio": 0.275009901,
    "researchAndDevelopmentExpenses": 0,
    "generalAndAdministrativeExpenses": 0,
    "sellingAndMarketingExpenses": 0,
    "sellingGeneralAndAdministrativeExpenses": 263800000,
    "otherExpenses": 29000000,
    "operatingExpenses": 292800000,
    "costAndExpenses": 1208100000,
    "interestIncome": 0,
    "interestExpense": 0,
    "depreciationAndAmortization": 29000000,
    "ebitda": 83400000,
    "ebitdaratio": 0.0660594059,
    "operatingIncome": 54400000,
    "operatingIncomeRatio": 0.0430891089,
    "totalOtherIncomeExpensesNet": 6900000,
    "incomeBeforeTax": 61300000,
    "incomeBeforeTaxRatio": 0.0485544554,
    "incomeTaxExpense": 24500000,
    "netIncome": 36800000,
    "netIncomeRatio": 0.0291485149,
    "eps": 0.0475,
    "epsdiluted": 0.0475,
    "weightedAverageShsOut": 774737000,
    "weightedAverageShsOutDil": 774737000,
    "link": "https://www.sec.gov/Archives/edgar/data/745732/000074573295000004/0000745732-95-000004-index.htm",
    "finalLink": "https://www.sec.gov/Archives/edgar/data/745732/000074573295000004/"
  },
  {
    "date": "1994-01-29",
    "symbol": "ROST",
    "reportedCurrency": "USD",
    "cik": "0000745732",
    "fillingDate": "1994-04-28",
    "acceptedDate": "1994-04-28 00:00:00",
    "calendarYear": "1993",
    "period": "FY",
    "revenue": 1122000000,
    "costOfRevenue": 805600000,
    "grossProfit": 316400000,
    "grossProfitRatio": 0.2819964349,
    "researchAndDevelopmentExpenses": 0,
    "generalAndAdministrativeExpenses": 0,
    "sellingAndMarketingExpenses": 0,
    "sellingGeneralAndAdministrativeExpenses": 235600000,
    "otherExpenses": 29600000,
    "operatingExpenses": 265200000,
    "costAndExpenses": 1070800000,
    "interestIncome": 0,
    "interestExpense": 0,
    "depreciationAndAmortization": 29600000,
    "ebitda": 80800000,
    "ebitdaratio": 0.0720142602,
    "operatingIncome": 51200000,
    "operatingIncomeRatio": 0.0456327986,
    "totalOtherIncomeExpensesNet": -2400000,
    "incomeBeforeTax": 48800000,
    "incomeBeforeTaxRatio": 0.0434937611,
    "incomeTaxExpense": 19500000,
    "netIncome": 29300000,
    "netIncomeRatio": 0.026114082,
    "eps": 0.0363,
    "epsdiluted": 0.0363,
    "weightedAverageShsOut": 808276000,
    "weightedAverageShsOutDil": 808276000,
    "link": "https://www.sec.gov/Archives/edgar/data/745732/000074573294000003/0000745732-94-000003-index.htm",
    "finalLink": "https://www.sec.gov/Archives/edgar/data/745732/000074573294000003/"
  },
  {
    "date": "1993-01-31",
    "symbol": "ROST",
    "reportedCurrency": "USD",
    "cik": "0000745732",
    "fillingDate": "1993-01-31",
    "acceptedDate": "1993-01-31 00:00:00",
    "calendarYear": "1992",
    "period": "FY",
    "revenue": 1043100000,
    "costOfRevenue": 742700000,
    "grossProfit": 300400000,
    "grossProfitRatio": 0.2879877289,
    "researchAndDevelopmentExpenses": 0,
    "generalAndAdministrativeExpenses": 0,
    "sellingAndMarketingExpenses": 0,
    "sellingGeneralAndAdministrativeExpenses": 222100000,
    "otherExpenses": 18700000,
    "operatingExpenses": 240800000,
    "costAndExpenses": 983500000,
    "interestIncome": 0,
    "interestExpense": 0,
    "depreciationAndAmortization": 18700000,
    "ebitda": 78300000,
    "ebitdaratio": 0.075064711,
    "operatingIncome": 59600000,
    "operatingIncomeRatio": 0.057137379,
    "totalOtherIncomeExpensesNet": -2900000,
    "incomeBeforeTax": 56700000,
    "incomeBeforeTaxRatio": 0.0543572045,
    "incomeTaxExpense": 22700000,
    "netIncome": 34000000,
    "netIncomeRatio": 0.0325951491,
    "eps": 0.0413,
    "epsdiluted": 0.0413,
    "weightedAverageShsOut": 824242000,
    "weightedAverageShsOutDil": 824242000,
    "link": null,
    "finalLink": null
  },
  {
    "date": "1992-01-31",
    "symbol": "ROST",
    "reportedCurrency": "USD",
    "cik": "0000745732",
    "fillingDate": "1992-01-31",
    "acceptedDate": "1992-01-31 00:00:00",
    "calendarYear": "1991",
    "period": "FY",
    "revenue": 926400000,
    "costOfRevenue": 656500000,
    "grossProfit": 269900000,
    "grossProfitRatio": 0.2913428325,
    "researchAndDevelopmentExpenses": 0,
    "generalAndAdministrativeExpenses": 0,
    "sellingAndMarketingExpenses": 0,
    "sellingGeneralAndAdministrativeExpenses": 203400000,
    "otherExpenses": 15900000,
    "operatingExpenses": 219300000,
    "costAndExpenses": 875800000,
    "interestIncome": 0,
    "interestExpense": 0,
    "depreciationAndAmortization": 15900000,
    "ebitda": 66500000,
    "ebitdaratio": 0.071783247,
    "operatingIncome": 50600000,
    "operatingIncomeRatio": 0.0546200345,
    "totalOtherIncomeExpensesNet": -5200000,
    "incomeBeforeTax": 45400000,
    "incomeBeforeTaxRatio": 0.0490069085,
    "incomeTaxExpense": 17700000,
    "netIncome": 27700000,
    "netIncomeRatio": 0.0299006908,
    "eps": 0.0363,
    "epsdiluted": 0.035,
    "weightedAverageShsOut": 764138000,
    "weightedAverageShsOutDil": 791429000,
    "link": null,
    "finalLink": null
  },
  {
    "date": "1991-01-31",
    "symbol": "ROST",
    "reportedCurrency": "USD",
    "cik": "0000745732",
    "fillingDate": "1991-01-31",
    "acceptedDate": "1991-01-31 00:00:00",
    "calendarYear": "1990",
    "period": "FY",
    "revenue": 798400000,
    "costOfRevenue": 568900000,
    "grossProfit": 229500000,
    "grossProfitRatio": 0.2874498998,
    "researchAndDevelopmentExpenses": 0,
    "generalAndAdministrativeExpenses": 0,
    "sellingAndMarketingExpenses": 0,
    "sellingGeneralAndAdministrativeExpenses": 183600000,
    "otherExpenses": 13100000,
    "operatingExpenses": 196700000,
    "costAndExpenses": 765600000,
    "interestIncome": 0,
    "interestExpense": 0,
    "depreciationAndAmortization": 13100000,
    "ebitda": 45900000,
    "ebitdaratio": 0.05748998,
    "operatingIncome": 32800000,
    "operatingIncomeRatio": 0.0410821643,
    "totalOtherIncomeExpensesNet": -7600000,
    "incomeBeforeTax": 25200000,
    "incomeBeforeTaxRatio": 0.0315631263,
    "incomeTaxExpense": 8600000,
    "netIncome": 16600000,
    "netIncomeRatio": 0.0207915832,
    "eps": 0.0225,
    "epsdiluted": 0.0225,
    "weightedAverageShsOut": 737778000,
    "weightedAverageShsOutDil": 737778000,
    "link": null,
    "finalLink": null
  },
  {
    "date": "1990-01-31",
    "symbol": "ROST",
    "reportedCurrency": "USD",
    "cik": "0000745732",
    "fillingDate": "1990-01-31",
    "acceptedDate": "1990-01-31 00:00:00",
    "calendarYear": "1989",
    "period": "FY",
    "revenue": 733500000,
    "costOfRevenue": 508800000,
    "grossProfit": 224700000,
    "grossProfitRatio": 0.3063394683,
    "researchAndDevelopmentExpenses": 0,
    "generalAndAdministrativeExpenses": 0,
    "sellingAndMarketingExpenses": 0,
    "sellingGeneralAndAdministrativeExpenses": 159500000,
    "otherExpenses": 12000000,
    "operatingExpenses": 171500000,
    "costAndExpenses": 680300000,
    "interestIncome": 0,
    "interestExpense": 0,
    "depreciationAndAmortization": 12000000,
    "ebitda": 65200000,
    "ebitdaratio": 0.0888888889,
    "operatingIncome": 53200000,
    "operatingIncomeRatio": 0.0725289707,
    "totalOtherIncomeExpensesNet": -6000000,
    "incomeBeforeTax": 47200000,
    "incomeBeforeTaxRatio": 0.0643490116,
    "incomeTaxExpense": 17400000,
    "netIncome": 29800000,
    "netIncomeRatio": 0.0406271302,
    "eps": 0.04,
    "epsdiluted": 0.0388,
    "weightedAverageShsOut": 745000000,
    "weightedAverageShsOutDil": 769032000,
    "link": null,
    "finalLink": null
  },
  {
    "date": "1989-01-31",
    "symbol": "ROST",
    "reportedCurrency": "USD",
    "cik": "0000745732",
    "fillingDate": "1989-01-31",
    "acceptedDate": "1989-01-31 00:00:00",
    "calendarYear": "1988",
    "period": "FY",
    "revenue": 626400000,
    "costOfRevenue": 438000000,
    "grossProfit": 188400000,
    "grossProfitRatio": 0.3007662835,
    "researchAndDevelopmentExpenses": 0,
    "generalAndAdministrativeExpenses": 0,
    "sellingAndMarketingExpenses": 0,
    "sellingGeneralAndAdministrativeExpenses": 137000000,
    "otherExpenses": 11300000,
    "operatingExpenses": 148300000,
    "costAndExpenses": 586300000,
    "interestIncome": 0,
    "interestExpense": 0,
    "depreciationAndAmortization": 11300000,
    "ebitda": 51400000,
    "ebitdaratio": 0.0820561941,
    "operatingIncome": 40100000,
    "operatingIncomeRatio": 0.0640166028,
    "totalOtherIncomeExpensesNet": -3100000,
    "incomeBeforeTax": 37000000,
    "incomeBeforeTaxRatio": 0.0590676884,
    "incomeTaxExpense": 10700000,
    "netIncome": 26300000,
    "netIncomeRatio": 0.0419859515,
    "eps": 0.0313,
    "epsdiluted": 0.0313,
    "weightedAverageShsOut": 841600000,
    "weightedAverageShsOutDil": 841600000,
    "link": null,
    "finalLink": null
  },
  {
    "date": "1988-01-31",
    "symbol": "ROST",
    "reportedCurrency": "USD",
    "cik": "0000745732",
    "fillingDate": "1988-01-31",
    "acceptedDate": "1988-01-31 00:00:00",
    "calendarYear": "1987",
    "period": "FY",
    "revenue": 576000000,
    "costOfRevenue": 408700000,
    "grossProfit": 167300000,
    "grossProfitRatio": 0.2904513889,
    "researchAndDevelopmentExpenses": 0,
    "generalAndAdministrativeExpenses": 0,
    "sellingAndMarketingExpenses": 0,
    "sellingGeneralAndAdministrativeExpenses": 122200000,
    "otherExpenses": 8700000,
    "operatingExpenses": 130900000,
    "costAndExpenses": 539600000,
    "interestIncome": 0,
    "interestExpense": 0,
    "depreciationAndAmortization": 8700000,
    "ebitda": 45100000,
    "ebitdaratio": 0.0782986111,
    "operatingIncome": 36400000,
    "operatingIncomeRatio": 0.0631944444,
    "totalOtherIncomeExpensesNet": -17500000,
    "incomeBeforeTax": 18900000,
    "incomeBeforeTaxRatio": 0.0328125,
    "incomeTaxExpense": 7400000,
    "netIncome": 11500000,
    "netIncomeRatio": 0.0199652778,
    "eps": 0.0138,
    "epsdiluted": 0.0138,
    "weightedAverageShsOut": 836364000,
    "weightedAverageShsOutDil": 836364000,
    "link": null,
    "finalLink": null
  },
  {
    "date": "1987-01-31",
    "symbol": "ROST",
    "reportedCurrency": "USD",
    "cik": "0000745732",
    "fillingDate": "1987-01-31",
    "acceptedDate": "1987-01-31 00:00:00",
    "calendarYear": "1986",
    "period": "FY",
    "revenue": 527500000,
    "costOfRevenue": 403300000,
    "grossProfit": 124200000,
    "grossProfitRatio": 0.235450237,
    "researchAndDevelopmentExpenses": 0,
    "generalAndAdministrativeExpenses": 0,
    "sellingAndMarketingExpenses": 0,
    "sellingGeneralAndAdministrativeExpenses": 114500000,
    "otherExpenses": 8500000,
    "operatingExpenses": 123000000,
    "costAndExpenses": 526300000,
    "interestIncome": 0,
    "interestExpense": 0,
    "depreciationAndAmortization": 8500000,
    "ebitda": 9700000,
    "ebitdaratio": 0.0183886256,
    "operatingIncome": 1200000,
    "operatingIncomeRatio": 0.0022748815,
    "totalOtherIncomeExpensesNet": -46600000,
    "incomeBeforeTax": -45400000,
    "incomeBeforeTaxRatio": -0.0860663507,
    "incomeTaxExpense": -4000000,
    "netIncome": -41400000,
    "netIncomeRatio": -0.0784834123,
    "eps": -0.0513,
    "epsdiluted": -0.0513,
    "weightedAverageShsOut": 807805000,
    "weightedAverageShsOutDil": 807805000,
    "link": null,
    "finalLink": null
  },
  {
    "date": "1986-01-31",
    "symbol": "ROST",
    "reportedCurrency": "USD",
    "cik": "0000745732",
    "fillingDate": "1986-01-31",
    "acceptedDate": "1986-01-31 00:00:00",
    "calendarYear": "1985",
    "period": "FY",
    "revenue": 375900000,
    "costOfRevenue": 269300000,
    "grossProfit": 106600000,
    "grossProfitRatio": 0.2835860601,
    "researchAndDevelopmentExpenses": 0,
    "generalAndAdministrativeExpenses": 0,
    "sellingAndMarketingExpenses": 0,
    "sellingGeneralAndAdministrativeExpenses": 88200000,
    "otherExpenses": 5600000,
    "operatingExpenses": 106600000,
    "costAndExpenses": 363100000,
    "interestIncome": 0,
    "interestExpense": 0,
    "depreciationAndAmortization": 5600000,
    "ebitda": 18400000,
    "ebitdaratio": 0.0489491886,
    "operatingIncome": 12800000,
    "operatingIncomeRatio": 0.0340516095,
    "totalOtherIncomeExpensesNet": -1800000,
    "incomeBeforeTax": 11000000,
    "incomeBeforeTaxRatio": 0.0292631019,
    "incomeTaxExpense": 3900000,
    "netIncome": 7100000,
    "netIncomeRatio": 0.0188880021,
    "eps": 0.01,
    "epsdiluted": 0.01,
    "weightedAverageShsOut": 710000000,
    "weightedAverageShsOutDil": 710000000,
    "link": null,
    "finalLink": null
  }
]