[
  {
    "date": "2025-06-30",
    "symbol": "RSG",
    "reportedCurrency": "USD",
    "cik": "0001060391",
    "fillingDate": "2025-07-30",
    "acceptedDate": "2025-07-29 21:51:16",
    "calendarYear": "2025",
    "period": "Q2",
    "revenue": 4235000000,
    "costOfRevenue": 2940000000,
    "grossProfit": 1295000000,
    "grossProfitRatio": 0.305785124,
    "researchAndDevelopmentExpenses": 0,
    "generalAndAdministrativeExpenses": 0,
    "sellingAndMarketingExpenses": 0,
    "sellingGeneralAndAdministrativeExpenses": 425000000,
    "otherExpenses": 0,
    "operatingExpenses": 425000000,
    "costAndExpenses": 3365000000,
    "interestIncome": 2000000,
    "interestExpense": 145000000,
    "depreciationAndAmortization": 491000000,
    "ebitda": 1356000000,
    "ebitdaratio": 0.320188902,
    "operatingIncome": 870000000,
    "operatingIncomeRatio": 0.2054309327,
    "totalOtherIncomeExpensesNet": -150000000,
    "incomeBeforeTax": 720000000,
    "incomeBeforeTaxRatio": 0.1700118064,
    "incomeTaxExpense": 170000000,
    "netIncome": 550000000,
    "netIncomeRatio": 0.1298701299,
    "eps": 1.76,
    "epsdiluted": 1.75,
    "weightedAverageShsOut": 313100000,
    "weightedAverageShsOutDil": 313100000,
    "link": "https://www.sec.gov/Archives/edgar/data/1060391/000106039125000216/0001060391-25-000216-index.htm",
    "finalLink": "https://www.sec.gov/Archives/edgar/data/1060391/000106039125000216/rsg-20250630.htm"
  },
  {
    "date": "2025-03-31",
    "symbol": "RSG",
    "reportedCurrency": "USD",
    "cik": "0001060391",
    "fillingDate": "2025-04-25",
    "acceptedDate": "2025-04-24 20:05:56",
    "calendarYear": "2025",
    "period": "Q1",
    "revenue": 4009000000,
    "costOfRevenue": 2776000000,
    "grossProfit": 1233000000,
    "grossProfitRatio": 0.3075579945,
    "researchAndDevelopmentExpenses": 0,
    "generalAndAdministrativeExpenses": 0,
    "sellingAndMarketingExpenses": 0,
    "sellingGeneralAndAdministrativeExpenses": 427000000,
    "otherExpenses": 0,
    "operatingExpenses": 427000000,
    "costAndExpenses": 3203000000,
    "interestIncome": 2000000,
    "interestExpense": 140000000,
    "depreciationAndAmortization": 462000000,
    "ebitda": 1267000000,
    "ebitdaratio": 0.3160389124,
    "operatingIncome": 806000000,
    "operatingIncomeRatio": 0.2010476428,
    "totalOtherIncomeExpensesNet": -141000000,
    "incomeBeforeTax": 665000000,
    "incomeBeforeTaxRatio": 0.1658767773,
    "incomeTaxExpense": 170000000,
    "netIncome": 495000000,
    "netIncomeRatio": 0.1234721876,
    "eps": 1.58,
    "epsdiluted": 1.58,
    "weightedAverageShsOut": 313000000,
    "weightedAverageShsOutDil": 313300000,
    "link": "https://www.sec.gov/Archives/edgar/data/1060391/000106039125000170/0001060391-25-000170-index.htm",
    "finalLink": "https://www.sec.gov/Archives/edgar/data/1060391/000106039125000170/rsg-20250331.htm"
  },
  {
    "date": "2024-12-31",
    "symbol": "RSG",
    "reportedCurrency": "USD",
    "cik": "0001060391",
    "fillingDate": "2025-02-14",
    "acceptedDate": "2025-02-13 21:51:14",
    "calendarYear": "2024",
    "period": "Q4",
    "revenue": 4046000000,
    "costOfRevenue": 2787000000,
    "grossProfit": 1259000000,
    "grossProfitRatio": 0.3111715274,
    "researchAndDevelopmentExpenses": 0,
    "generalAndAdministrativeExpenses": 0,
    "sellingAndMarketingExpenses": 0,
    "sellingGeneralAndAdministrativeExpenses": 447000000,
    "otherExpenses": 0,
    "operatingExpenses": 447000000,
    "costAndExpenses": 3234000000,
    "interestIncome": 2000000,
    "interestExpense": 133699999,
    "depreciationAndAmortization": 470000000,
    "ebitda": 1135700000,
    "ebitdaratio": 0.2806969847,
    "operatingIncome": 812000000,
    "operatingIncomeRatio": 0.2006920415,
    "totalOtherIncomeExpensesNet": -280000000,
    "incomeBeforeTax": 532700000,
    "incomeBeforeTaxRatio": 0.1316608997,
    "incomeTaxExpense": 20200000,
    "netIncome": 512000000,
    "netIncomeRatio": 0.1265447355,
    "eps": 1.63,
    "epsdiluted": 1.63,
    "weightedAverageShsOut": 314400000,
    "weightedAverageShsOutDil": 314400000,
    "link": "https://www.sec.gov/Archives/edgar/data/1060391/000106039125000091/0001060391-25-000091-index.htm",
    "finalLink": "https://www.sec.gov/Archives/edgar/data/1060391/000106039125000091/rsg-20241231.htm"
  },
  {
    "date": "2024-09-30",
    "symbol": "RSG",
    "reportedCurrency": "USD",
    "cik": "0001060391",
    "fillingDate": "2024-10-30",
    "acceptedDate": "2024-10-29 21:43:50",
    "calendarYear": "2024",
    "period": "Q3",
    "revenue": 4076200000,
    "costOfRevenue": 2815600000,
    "grossProfit": 1260600000,
    "grossProfitRatio": 0.3092586232,
    "researchAndDevelopmentExpenses": 0,
    "generalAndAdministrativeExpenses": 0,
    "sellingAndMarketingExpenses": 0,
    "sellingGeneralAndAdministrativeExpenses": 406000000,
    "otherExpenses": 0,
    "operatingExpenses": 406000000,
    "costAndExpenses": 3221600000,
    "interestIncome": 4300000,
    "interestExpense": 136300000,
    "depreciationAndAmortization": 448700000,
    "ebitda": 1231500000,
    "ebitdaratio": 0.3021196212,
    "operatingIncome": 854600000,
    "operatingIncomeRatio": 0.2096560522,
    "totalOtherIncomeExpensesNet": -208100000,
    "incomeBeforeTax": 646500000,
    "incomeBeforeTaxRatio": 0.1586036014,
    "incomeTaxExpense": 80600000,
    "netIncome": 565700000,
    "netIncomeRatio": 0.1387812178,
    "eps": 1.8,
    "epsdiluted": 1.8,
    "weightedAverageShsOut": 314000000,
    "weightedAverageShsOutDil": 314371000,
    "link": "https://www.sec.gov/Archives/edgar/data/1060391/000106039124000324/0001060391-24-000324-index.htm",
    "finalLink": "https://www.sec.gov/Archives/edgar/data/1060391/000106039124000324/rsg-20240930.htm"
  },
  {
    "date": "2024-06-30",
    "symbol": "RSG",
    "reportedCurrency": "USD",
    "cik": "0001060391",
    "fillingDate": "2024-07-25",
    "acceptedDate": "2024-07-24 21:43:10",
    "calendarYear": "2024",
    "period": "Q2",
    "revenue": 4048000000,
    "costOfRevenue": 2822300000,
    "grossProfit": 1225700000,
    "grossProfitRatio": 0.302791502,
    "researchAndDevelopmentExpenses": 0,
    "generalAndAdministrativeExpenses": 0,
    "sellingAndMarketingExpenses": 0,
    "sellingGeneralAndAdministrativeExpenses": 407600000,
    "otherExpenses": 0,
    "operatingExpenses": 407600000,
    "costAndExpenses": 3229900000,
    "interestIncome": 1600000,
    "interestExpense": 128300000,
    "depreciationAndAmortization": 439700000,
    "ebitda": 1222000000,
    "ebitdaratio": 0.3018774704,
    "operatingIncome": 818100000,
    "operatingIncomeRatio": 0.2020998024,
    "totalOtherIncomeExpensesNet": -164100000,
    "incomeBeforeTax": 654000000,
    "incomeBeforeTaxRatio": 0.1615612648,
    "incomeTaxExpense": 142100000,
    "netIncome": 511500000,
    "netIncomeRatio": 0.1263586957,
    "eps": 1.62,
    "epsdiluted": 1.62,
    "weightedAverageShsOut": 314910000,
    "weightedAverageShsOutDil": 315236000,
    "link": "https://www.sec.gov/Archives/edgar/data/1060391/000106039124000273/0001060391-24-000273-index.htm",
    "finalLink": "https://www.sec.gov/Archives/edgar/data/1060391/000106039124000273/rsg-20240630.htm"
  },
  {
    "date": "2024-03-31",
    "symbol": "RSG",
    "reportedCurrency": "USD",
    "cik": "0001060391",
    "fillingDate": "2024-05-01",
    "acceptedDate": "2024-04-30 21:44:29",
    "calendarYear": "2024",
    "period": "Q1",
    "revenue": 3861700000,
    "costOfRevenue": 2709000000,
    "grossProfit": 1152700000,
    "grossProfitRatio": 0.2984954813,
    "researchAndDevelopmentExpenses": 0,
    "generalAndAdministrativeExpenses": 0,
    "sellingAndMarketingExpenses": 0,
    "sellingGeneralAndAdministrativeExpenses": 414000000,
    "otherExpenses": 0,
    "operatingExpenses": 414000000,
    "costAndExpenses": 3123000000,
    "interestIncome": 1500000,
    "interestExpense": 139300000,
    "depreciationAndAmortization": 425800000,
    "ebitda": 1164000000,
    "ebitdaratio": 0.3014216537,
    "operatingIncome": 738700000,
    "operatingIncomeRatio": 0.1912888106,
    "totalOtherIncomeExpensesNet": -139800000,
    "incomeBeforeTax": 598900000,
    "incomeBeforeTaxRatio": 0.1550871378,
    "incomeTaxExpense": 145200000,
    "netIncome": 453800000,
    "netIncomeRatio": 0.1175130124,
    "eps": 1.44,
    "epsdiluted": 1.44,
    "weightedAverageShsOut": 315300000,
    "weightedAverageShsOutDil": 315700000,
    "link": "https://www.sec.gov/Archives/edgar/data/1060391/000106039124000205/0001060391-24-000205-index.htm",
    "finalLink": "https://www.sec.gov/Archives/edgar/data/1060391/000106039124000205/rsg-20240331.htm"
  },
  {
    "date": "2023-12-31",
    "symbol": "RSG",
    "reportedCurrency": "USD",
    "cik": "0001060391",
    "fillingDate": "2024-02-29",
    "acceptedDate": "2024-02-28 21:48:49",
    "calendarYear": "2023",
    "period": "Q4",
    "revenue": 3831600000,
    "costOfRevenue": 2690800000,
    "grossProfit": 1140800000,
    "grossProfitRatio": 0.2977346278,
    "researchAndDevelopmentExpenses": 0,
    "generalAndAdministrativeExpenses": 0,
    "sellingAndMarketingExpenses": 0,
    "sellingGeneralAndAdministrativeExpenses": 407600000,
    "otherExpenses": 19100000,
    "operatingExpenses": 426700000,
    "costAndExpenses": 3117500000,
    "interestIncome": 1500000,
    "interestExpense": 135500000,
    "depreciationAndAmortization": 426700000,
    "ebitda": 1045100000,
    "ebitdaratio": 0.2727581167,
    "operatingIncome": 714100000,
    "operatingIncomeRatio": 0.1863712287,
    "totalOtherIncomeExpensesNet": -231200000,
    "incomeBeforeTax": 482900000,
    "incomeBeforeTaxRatio": 0.1260309009,
    "incomeTaxExpense": 43200000,
    "netIncome": 439600000,
    "netIncomeRatio": 0.1147301388,
    "eps": 1.4,
    "epsdiluted": 1.39,
    "weightedAverageShsOut": 315100000,
    "weightedAverageShsOutDil": 315700000,
    "link": "https://www.sec.gov/Archives/edgar/data/1060391/000106039124000142/0001060391-24-000142-index.htm",
    "finalLink": "https://www.sec.gov/Archives/edgar/data/1060391/000106039124000142/rsg-20231231.htm"
  },
  {
    "date": "2023-09-30",
    "symbol": "RSG",
    "reportedCurrency": "USD",
    "cik": "0001060391",
    "fillingDate": "2023-10-27",
    "acceptedDate": "2023-10-26 21:45:38",
    "calendarYear": "2023",
    "period": "Q3",
    "revenue": 3825900000,
    "costOfRevenue": 2691200000,
    "grossProfit": 1134700000,
    "grossProfitRatio": 0.2965838103,
    "researchAndDevelopmentExpenses": 0,
    "generalAndAdministrativeExpenses": 0,
    "sellingAndMarketingExpenses": 0,
    "sellingGeneralAndAdministrativeExpenses": 395900000,
    "otherExpenses": 0,
    "operatingExpenses": 395900000,
    "costAndExpenses": 3087100000,
    "interestIncome": 2000000,
    "interestExpense": 130100000,
    "depreciationAndAmortization": 406900000,
    "ebitda": 1143300000,
    "ebitdaratio": 0.2988316475,
    "operatingIncome": 738800000,
    "operatingIncomeRatio": 0.1931048904,
    "totalOtherIncomeExpensesNet": -132500000,
    "incomeBeforeTax": 606300000,
    "incomeBeforeTaxRatio": 0.1584725163,
    "incomeTaxExpense": 126000000,
    "netIncome": 480200000,
    "netIncomeRatio": 0.1255129512,
    "eps": 1.52,
    "epsdiluted": 1.52,
    "weightedAverageShsOut": 316062000,
    "weightedAverageShsOutDil": 316556000,
    "link": "https://www.sec.gov/Archives/edgar/data/1060391/000106039123000025/0001060391-23-000025-index.htm",
    "finalLink": "https://www.sec.gov/Archives/edgar/data/1060391/000106039123000025/rsg-20230930.htm"
  },
  {
    "date": "2023-06-30",
    "symbol": "RSG",
    "reportedCurrency": "USD",
    "cik": "0001060391",
    "fillingDate": "2023-08-01",
    "acceptedDate": "2023-07-31 21:46:57",
    "calendarYear": "2023",
    "period": "Q2",
    "revenue": 3725900000,
    "costOfRevenue": 2607200000,
    "grossProfit": 1118700000,
    "grossProfitRatio": 0.3002496041,
    "researchAndDevelopmentExpenses": 0,
    "generalAndAdministrativeExpenses": 0,
    "sellingAndMarketingExpenses": 0,
    "sellingGeneralAndAdministrativeExpenses": 396000000,
    "otherExpenses": 0,
    "operatingExpenses": 396000000,
    "costAndExpenses": 3003200000,
    "interestIncome": 1600000,
    "interestExpense": 124400000,
    "depreciationAndAmortization": 382800000,
    "ebitda": 1087400000,
    "ebitdaratio": 0.2918489492,
    "operatingIncome": 722700000,
    "operatingIncomeRatio": 0.1939665584,
    "totalOtherIncomeExpensesNet": -142500000,
    "incomeBeforeTax": 580200000,
    "incomeBeforeTaxRatio": 0.1557207655,
    "incomeTaxExpense": 152600000,
    "netIncome": 427400000,
    "netIncomeRatio": 0.1147105397,
    "eps": 1.35,
    "epsdiluted": 1.35,
    "weightedAverageShsOut": 316849000,
    "weightedAverageShsOutDil": 317309000,
    "link": "https://www.sec.gov/Archives/edgar/data/1060391/000106039123000019/0001060391-23-000019-index.htm",
    "finalLink": "https://www.sec.gov/Archives/edgar/data/1060391/000106039123000019/rsg-20230630.htm"
  },
  {
    "date": "2023-03-31",
    "symbol": "RSG",
    "reportedCurrency": "USD",
    "cik": "0001060391",
    "fillingDate": "2023-04-28",
    "acceptedDate": "2023-04-27 19:11:41",
    "calendarYear": "2023",
    "period": "Q1",
    "revenue": 3581100000,
    "costOfRevenue": 2552300000,
    "grossProfit": 1028800000,
    "grossProfitRatio": 0.2872860294,
    "researchAndDevelopmentExpenses": 0,
    "generalAndAdministrativeExpenses": 0,
    "sellingAndMarketingExpenses": 0,
    "sellingGeneralAndAdministrativeExpenses": 379200000,
    "otherExpenses": 0,
    "operatingExpenses": 379200000,
    "costAndExpenses": 2931500000,
    "interestIncome": 1400000,
    "interestExpense": 126700000,
    "depreciationAndAmortization": 382800000,
    "ebitda": 1031600000,
    "ebitdaratio": 0.2880679121,
    "operatingIncome": 649600000,
    "operatingIncomeRatio": 0.1813967775,
    "totalOtherIncomeExpensesNet": -127500000,
    "incomeBeforeTax": 522100000,
    "incomeBeforeTaxRatio": 0.145793192,
    "incomeTaxExpense": 138200000,
    "netIncome": 383900000,
    "netIncomeRatio": 0.1072016978,
    "eps": 1.21,
    "epsdiluted": 1.21,
    "weightedAverageShsOut": 316712000,
    "weightedAverageShsOutDil": 317142000,
    "link": "https://www.sec.gov/Archives/edgar/data/1060391/000106039123000013/0001060391-23-000013-index.htm",
    "finalLink": "https://www.sec.gov/Archives/edgar/data/1060391/000106039123000013/rsg-20230331.htm"
  },
  {
    "date": "2022-12-31",
    "symbol": "RSG",
    "reportedCurrency": "USD",
    "cik": "0001060391",
    "fillingDate": "2023-02-23",
    "acceptedDate": "2023-02-22 20:23:31",
    "calendarYear": "2022",
    "period": "Q4",
    "revenue": 3529700000,
    "costOfRevenue": 2553800000,
    "grossProfit": 975900000,
    "grossProfitRatio": 0.2764824206,
    "researchAndDevelopmentExpenses": 0,
    "generalAndAdministrativeExpenses": 0,
    "sellingAndMarketingExpenses": 0,
    "sellingGeneralAndAdministrativeExpenses": 366500000,
    "otherExpenses": 25000000,
    "operatingExpenses": 391500000,
    "costAndExpenses": 2945300000,
    "interestIncome": 1400000,
    "interestExpense": 102500000,
    "depreciationAndAmortization": 372500000,
    "ebitda": 848400000,
    "ebitdaratio": 0.2403603706,
    "operatingIncome": 584400000,
    "operatingIncomeRatio": 0.1655664787,
    "totalOtherIncomeExpensesNet": -211000000,
    "incomeBeforeTax": 373400000,
    "incomeBeforeTaxRatio": 0.1057880273,
    "incomeTaxExpense": 26400000,
    "netIncome": 346800000,
    "netIncomeRatio": 0.0982519761,
    "eps": 1.1,
    "epsdiluted": 1.09,
    "weightedAverageShsOut": 316500000,
    "weightedAverageShsOutDil": 317100000,
    "link": "https://www.sec.gov/Archives/edgar/data/1060391/000106039123000008/0001060391-23-000008-index.htm",
    "finalLink": "https://www.sec.gov/Archives/edgar/data/1060391/000106039123000008/rsg-20221231.htm"
  },
  {
    "date": "2022-09-30",
    "symbol": "RSG",
    "reportedCurrency": "USD",
    "cik": "0001060391",
    "fillingDate": "2022-10-28",
    "acceptedDate": "2022-10-27 21:58:53",
    "calendarYear": "2022",
    "period": "Q3",
    "revenue": 3597800000,
    "costOfRevenue": 2569100000,
    "grossProfit": 1028700000,
    "grossProfitRatio": 0.2859247318,
    "researchAndDevelopmentExpenses": 0,
    "generalAndAdministrativeExpenses": 0,
    "sellingAndMarketingExpenses": 0,
    "sellingGeneralAndAdministrativeExpenses": 362800000,
    "otherExpenses": 0,
    "operatingExpenses": 362800000,
    "costAndExpenses": 2931900000,
    "interestIncome": 800000,
    "interestExpense": 105600000,
    "depreciationAndAmortization": 376700000,
    "ebitda": 990100000,
    "ebitdaratio": 0.2751959531,
    "operatingIncome": 665900000,
    "operatingIncomeRatio": 0.1850853299,
    "totalOtherIncomeExpensesNet": -158100000,
    "incomeBeforeTax": 507800000,
    "incomeBeforeTaxRatio": 0.1411418089,
    "incomeTaxExpense": 90900000,
    "netIncome": 416900000,
    "netIncomeRatio": 0.1158763689,
    "eps": 1.32,
    "epsdiluted": 1.32,
    "weightedAverageShsOut": 316506000,
    "weightedAverageShsOutDil": 317000000,
    "link": "https://www.sec.gov/Archives/edgar/data/1060391/000106039122000027/0001060391-22-000027-index.htm",
    "finalLink": "https://www.sec.gov/Archives/edgar/data/1060391/000106039122000027/rsg-20220930.htm"
  },
  {
    "date": "2022-06-30",
    "symbol": "RSG",
    "reportedCurrency": "USD",
    "cik": "0001060391",
    "fillingDate": "2022-08-05",
    "acceptedDate": "2022-08-04 21:19:41",
    "calendarYear": "2022",
    "period": "Q2",
    "revenue": 3413600000,
    "costOfRevenue": 2065700000,
    "grossProfit": 1347900000,
    "grossProfitRatio": 0.3948617296,
    "researchAndDevelopmentExpenses": 0,
    "generalAndAdministrativeExpenses": 0,
    "sellingAndMarketingExpenses": 0,
    "sellingGeneralAndAdministrativeExpenses": 328800000,
    "otherExpenses": 429500000,
    "operatingExpenses": 758300000,
    "costAndExpenses": 2824000000,
    "interestIncome": 700000,
    "interestExpense": 94000000,
    "depreciationAndAmortization": 360000000,
    "ebitda": 932100000,
    "ebitdaratio": 0.2730548395,
    "operatingIncome": 589600000,
    "operatingIncomeRatio": 0.1727208812,
    "totalOtherIncomeExpensesNet": -111500000,
    "incomeBeforeTax": 478100000,
    "incomeBeforeTaxRatio": 0.1400574174,
    "incomeTaxExpense": 106300000,
    "netIncome": 371900000,
    "netIncomeRatio": 0.1089465667,
    "eps": 1.18,
    "epsdiluted": 1.17,
    "weightedAverageShsOut": 316473000,
    "weightedAverageShsOutDil": 317000000,
    "link": "https://www.sec.gov/Archives/edgar/data/1060391/000106039122000022/0001060391-22-000022-index.htm",
    "finalLink": "https://www.sec.gov/Archives/edgar/data/1060391/000106039122000022/rsg-20220630.htm"
  },
  {
    "date": "2022-03-31",
    "symbol": "RSG",
    "reportedCurrency": "USD",
    "cik": "0001060391",
    "fillingDate": "2022-05-06",
    "acceptedDate": "2022-05-05 20:21:29",
    "calendarYear": "2022",
    "period": "Q1",
    "revenue": 2970100000,
    "costOfRevenue": 2095699999,
    "grossProfit": 874400000,
    "grossProfitRatio": 0.2944008619,
    "researchAndDevelopmentExpenses": 0,
    "generalAndAdministrativeExpenses": 0,
    "sellingAndMarketingExpenses": 0,
    "sellingGeneralAndAdministrativeExpenses": 307800000,
    "otherExpenses": 0,
    "operatingExpenses": 307800000,
    "costAndExpenses": 2403500000,
    "interestIncome": 500000,
    "interestExpense": 83500000,
    "depreciationAndAmortization": 332100000,
    "ebitda": 887800000,
    "ebitdaratio": 0.2989124945,
    "operatingIncome": 566600000,
    "operatingIncomeRatio": 0.1907679876,
    "totalOtherIncomeExpensesNet": -94400000,
    "incomeBeforeTax": 472200000,
    "incomeBeforeTaxRatio": 0.158984546,
    "incomeTaxExpense": 120300000,
    "netIncome": 352000000,
    "netIncomeRatio": 0.1185145281,
    "eps": 1.11,
    "epsdiluted": 1.11,
    "weightedAverageShsOut": 316600000,
    "weightedAverageShsOutDil": 317200000,
    "link": "https://www.sec.gov/Archives/edgar/data/1060391/000106039122000014/0001060391-22-000014-index.htm",
    "finalLink": "https://www.sec.gov/Archives/edgar/data/1060391/000106039122000014/rsg-20220331.htm"
  },
  {
    "date": "2021-12-31",
    "symbol": "RSG",
    "reportedCurrency": "USD",
    "cik": "0001060391",
    "fillingDate": "2022-02-11",
    "acceptedDate": "2022-02-10 21:43:39",
    "calendarYear": "2021",
    "period": "Q4",
    "revenue": 2952900000,
    "costOfRevenue": 2129699999,
    "grossProfit": 823200000,
    "grossProfitRatio": 0.2787767957,
    "researchAndDevelopmentExpenses": 0,
    "generalAndAdministrativeExpenses": 0,
    "sellingAndMarketingExpenses": 0,
    "sellingGeneralAndAdministrativeExpenses": 315500000,
    "otherExpenses": 0,
    "operatingExpenses": 315500000,
    "costAndExpenses": 2445200000,
    "interestIncome": 600000,
    "interestExpense": 62800000,
    "depreciationAndAmortization": 319800000,
    "ebitda": 659500000,
    "ebitdaratio": 0.2233397677,
    "operatingIncome": 507700000,
    "operatingIncomeRatio": 0.1719326764,
    "totalOtherIncomeExpensesNet": -230800000,
    "incomeBeforeTax": 276900000,
    "incomeBeforeTaxRatio": 0.0937722239,
    "incomeTaxExpense": -36200000,
    "netIncome": 313100000,
    "netIncomeRatio": 0.106031359,
    "eps": 0.99,
    "epsdiluted": 0.98,
    "weightedAverageShsOut": 317600000,
    "weightedAverageShsOutDil": 318500000,
    "link": "https://www.sec.gov/Archives/edgar/data/1060391/000106039122000007/0001060391-22-000007-index.htm",
    "finalLink": "https://www.sec.gov/Archives/edgar/data/1060391/000106039122000007/rsg-20211231.htm"
  },
  {
    "date": "2021-09-30",
    "symbol": "RSG",
    "reportedCurrency": "USD",
    "cik": "0001060391",
    "fillingDate": "2021-10-29",
    "acceptedDate": "2021-10-28 20:48:04",
    "calendarYear": "2021",
    "period": "Q3",
    "revenue": 2933900000,
    "costOfRevenue": 2066100000,
    "grossProfit": 867800000,
    "grossProfitRatio": 0.295783769,
    "researchAndDevelopmentExpenses": 0,
    "generalAndAdministrativeExpenses": 0,
    "sellingAndMarketingExpenses": 0,
    "sellingGeneralAndAdministrativeExpenses": 299000000,
    "otherExpenses": 0,
    "operatingExpenses": 299000000,
    "costAndExpenses": 2365100000,
    "interestIncome": 600000,
    "interestExpense": 78900000,
    "depreciationAndAmortization": 322100000,
    "ebitda": 871700000,
    "ebitdaratio": 0.2971130577,
    "operatingIncome": 568800000,
    "operatingIncomeRatio": 0.1938716384,
    "totalOtherIncomeExpensesNet": -98100000,
    "incomeBeforeTax": 470700000,
    "incomeBeforeTaxRatio": 0.160434916,
    "incomeTaxExpense": 119900000,
    "netIncome": 350300000,
    "netIncomeRatio": 0.1193973891,
    "eps": 1.1,
    "epsdiluted": 1.1,
    "weightedAverageShsOut": 318600000,
    "weightedAverageShsOutDil": 319400000,
    "link": "https://www.sec.gov/Archives/edgar/data/1060391/000106039121000044/0001060391-21-000044-index.htm",
    "finalLink": "https://www.sec.gov/Archives/edgar/data/1060391/000106039121000044/rsg-20210930.htm"
  },
  {
    "date": "2021-06-30",
    "symbol": "RSG",
    "reportedCurrency": "USD",
    "cik": "0001060391",
    "fillingDate": "2021-07-30",
    "acceptedDate": "2021-07-29 21:17:26",
    "calendarYear": "2021",
    "period": "Q2",
    "revenue": 2812800000,
    "costOfRevenue": 1974400000,
    "grossProfit": 838400000,
    "grossProfitRatio": 0.2980659841,
    "researchAndDevelopmentExpenses": 0,
    "generalAndAdministrativeExpenses": 0,
    "sellingAndMarketingExpenses": 0,
    "sellingGeneralAndAdministrativeExpenses": 315800000,
    "otherExpenses": 0,
    "operatingExpenses": 315800000,
    "costAndExpenses": 2290200000,
    "interestIncome": 600000,
    "interestExpense": 79900000,
    "depreciationAndAmortization": 323700000,
    "ebitda": 831000000,
    "ebitdaratio": 0.2954351536,
    "operatingIncome": 522600000,
    "operatingIncomeRatio": 0.1857935154,
    "totalOtherIncomeExpensesNet": -95200000,
    "incomeBeforeTax": 427400000,
    "incomeBeforeTaxRatio": 0.1519482366,
    "incomeTaxExpense": 95400000,
    "netIncome": 331100000,
    "netIncomeRatio": 0.1177118885,
    "eps": 1.04,
    "epsdiluted": 1.03,
    "weightedAverageShsOut": 319500000,
    "weightedAverageShsOutDil": 320000000,
    "link": "https://www.sec.gov/Archives/edgar/data/1060391/000106039121000037/0001060391-21-000037-index.htm",
    "finalLink": "https://www.sec.gov/Archives/edgar/data/1060391/000106039121000037/rsg-20210630.htm"
  },
  {
    "date": "2021-03-31",
    "symbol": "RSG",
    "reportedCurrency": "USD",
    "cik": "0001060391",
    "fillingDate": "2021-05-06",
    "acceptedDate": "2021-05-05 20:09:04",
    "calendarYear": "2021",
    "period": "Q1",
    "revenue": 2596400000,
    "costOfRevenue": 1836900000,
    "grossProfit": 759500000,
    "grossProfitRatio": 0.2925204129,
    "researchAndDevelopmentExpenses": 0,
    "generalAndAdministrativeExpenses": 0,
    "sellingAndMarketingExpenses": 0,
    "sellingGeneralAndAdministrativeExpenses": 265399999,
    "otherExpenses": 0,
    "operatingExpenses": 265399999,
    "costAndExpenses": 2102300000,
    "interestIncome": 800000,
    "interestExpense": 79300000,
    "depreciationAndAmortization": 302600000,
    "ebitda": 782000000,
    "ebitdaratio": 0.3011862579,
    "operatingIncome": 494100000,
    "operatingIncomeRatio": 0.1903019566,
    "totalOtherIncomeExpensesNet": -94000000,
    "incomeBeforeTax": 400100000,
    "incomeBeforeTaxRatio": 0.1540979818,
    "incomeTaxExpense": 103700000,
    "netIncome": 295900000,
    "netIncomeRatio": 0.1139654907,
    "eps": 0.93,
    "epsdiluted": 0.93,
    "weightedAverageShsOut": 319400000,
    "weightedAverageShsOutDil": 319800000,
    "link": "https://www.sec.gov/Archives/edgar/data/1060391/000106039121000023/0001060391-21-000023-index.htm",
    "finalLink": "https://www.sec.gov/Archives/edgar/data/1060391/000106039121000023/rsg-20210331.htm"
  },
  {
    "date": "2020-12-31",
    "symbol": "RSG",
    "reportedCurrency": "USD",
    "cik": "0001060391",
    "fillingDate": "2021-02-23",
    "acceptedDate": "2021-02-22 21:53:26",
    "calendarYear": "2020",
    "period": "Q4",
    "revenue": 2573300000,
    "costOfRevenue": 1835200000,
    "grossProfit": 738100000,
    "grossProfitRatio": 0.2868301403,
    "researchAndDevelopmentExpenses": 0,
    "generalAndAdministrativeExpenses": 0,
    "sellingAndMarketingExpenses": 0,
    "sellingGeneralAndAdministrativeExpenses": 251900000,
    "otherExpenses": 4400000,
    "operatingExpenses": 256300000,
    "costAndExpenses": 2091500000,
    "interestIncome": 1100000,
    "interestExpense": 70700000,
    "depreciationAndAmortization": 288000000,
    "ebitda": 560000000,
    "ebitdaratio": 0.2176193992,
    "operatingIncome": 481800000,
    "operatingIncomeRatio": 0.1872304045,
    "totalOtherIncomeExpensesNet": -280500000,
    "incomeBeforeTax": 201300000,
    "incomeBeforeTaxRatio": 0.0782264019,
    "incomeTaxExpense": -35000000,
    "netIncome": 235500000,
    "netIncomeRatio": 0.0915167295,
    "eps": 0.74,
    "epsdiluted": 0.74,
    "weightedAverageShsOut": 319300000,
    "weightedAverageShsOutDil": 319900000,
    "link": "https://www.sec.gov/Archives/edgar/data/1060391/000106039121000014/0001060391-21-000014-index.htm",
    "finalLink": "https://www.sec.gov/Archives/edgar/data/1060391/000106039121000014/rsg-20201231.htm"
  },
  {
    "date": "2020-09-30",
    "symbol": "RSG",
    "reportedCurrency": "USD",
    "cik": "0001060391",
    "fillingDate": "2020-11-06",
    "acceptedDate": "2020-11-05 20:27:39",
    "calendarYear": "2020",
    "period": "Q3",
    "revenue": 2572100000,
    "costOfRevenue": 1826800000,
    "grossProfit": 745300000,
    "grossProfitRatio": 0.2897632285,
    "researchAndDevelopmentExpenses": 0,
    "generalAndAdministrativeExpenses": 0,
    "sellingAndMarketingExpenses": 0,
    "sellingGeneralAndAdministrativeExpenses": 256100000,
    "otherExpenses": 0,
    "operatingExpenses": 256100000,
    "costAndExpenses": 2082900000,
    "interestIncome": 500000,
    "interestExpense": 90300000,
    "depreciationAndAmortization": 291400000,
    "ebitda": 700400000,
    "ebitdaratio": 0.2723066755,
    "operatingIncome": 489200000,
    "operatingIncomeRatio": 0.1901947825,
    "totalOtherIncomeExpensesNet": -170500000,
    "incomeBeforeTax": 318700000,
    "incomeBeforeTaxRatio": 0.1239065355,
    "incomeTaxExpense": 58500000,
    "netIncome": 260000000,
    "netIncomeRatio": 0.1010847168,
    "eps": 0.81,
    "epsdiluted": 0.81,
    "weightedAverageShsOut": 319200000,
    "weightedAverageShsOutDil": 319700000,
    "link": "https://www.sec.gov/Archives/edgar/data/1060391/000106039120000069/0001060391-20-000069-index.htm",
    "finalLink": "https://www.sec.gov/Archives/edgar/data/1060391/000106039120000069/rsg-20200930.htm"
  },
  {
    "date": "2020-06-30",
    "symbol": "RSG",
    "reportedCurrency": "USD",
    "cik": "0001060391",
    "fillingDate": "2020-08-07",
    "acceptedDate": "2020-08-06 21:04:19",
    "calendarYear": "2020",
    "period": "Q2",
    "revenue": 2454400000,
    "costOfRevenue": 1467900000,
    "grossProfit": 986500000,
    "grossProfitRatio": 0.4019312256,
    "researchAndDevelopmentExpenses": 0,
    "generalAndAdministrativeExpenses": 0,
    "sellingAndMarketingExpenses": 0,
    "sellingGeneralAndAdministrativeExpenses": 251100000,
    "otherExpenses": 340000000,
    "operatingExpenses": 591100000,
    "costAndExpenses": 2059000000,
    "interestIncome": 3300000,
    "interestExpense": 87000000,
    "depreciationAndAmortization": 289900000,
    "ebitda": 681800000,
    "ebitdaratio": 0.2777868318,
    "operatingIncome": 395400000,
    "operatingIncomeRatio": 0.1610984355,
    "totalOtherIncomeExpensesNet": -95300000,
    "incomeBeforeTax": 300100000,
    "incomeBeforeTaxRatio": 0.1222702086,
    "incomeTaxExpense": 73800000,
    "netIncome": 225500000,
    "netIncomeRatio": 0.0918758149,
    "eps": 0.71,
    "epsdiluted": 0.71,
    "weightedAverageShsOut": 319047000,
    "weightedAverageShsOutDil": 319562000,
    "link": "https://www.sec.gov/Archives/edgar/data/1060391/000106039120000057/0001060391-20-000057-index.htm",
    "finalLink": "https://www.sec.gov/Archives/edgar/data/1060391/000106039120000057/rsg-20200630.htm"
  },
  {
    "date": "2020-03-31",
    "symbol": "RSG",
    "reportedCurrency": "USD",
    "cik": "0001060391",
    "fillingDate": "2020-05-06",
    "acceptedDate": "2020-05-05 20:29:41",
    "calendarYear": "2020",
    "period": "Q1",
    "revenue": 2553900000,
    "costOfRevenue": 1847600000,
    "grossProfit": 706300000,
    "grossProfitRatio": 0.276557422,
    "researchAndDevelopmentExpenses": 0,
    "generalAndAdministrativeExpenses": 0,
    "sellingAndMarketingExpenses": 0,
    "sellingGeneralAndAdministrativeExpenses": 273000000,
    "otherExpenses": 4300000,
    "operatingExpenses": 277300000,
    "costAndExpenses": 2124900000,
    "interestIncome": 300000,
    "interestExpense": 83900000,
    "depreciationAndAmortization": 289500000,
    "ebitda": 696000000,
    "ebitdaratio": 0.2725243745,
    "operatingIncome": 429000000,
    "operatingIncomeRatio": 0.167978386,
    "totalOtherIncomeExpensesNet": -106400000,
    "incomeBeforeTax": 322600000,
    "incomeBeforeTaxRatio": 0.1263166138,
    "incomeTaxExpense": 75800000,
    "netIncome": 246300000,
    "netIncomeRatio": 0.0964407377,
    "eps": 0.77,
    "epsdiluted": 0.77,
    "weightedAverageShsOut": 319577000,
    "weightedAverageShsOutDil": 320231000,
    "link": "https://www.sec.gov/Archives/edgar/data/1060391/000106039120000032/0001060391-20-000032-index.htm",
    "finalLink": "https://www.sec.gov/Archives/edgar/data/1060391/000106039120000032/rsg-20200331.htm"
  },
  {
    "date": "2019-12-31",
    "symbol": "RSG",
    "reportedCurrency": "USD",
    "cik": "0001060391",
    "fillingDate": "2020-02-14",
    "acceptedDate": "2020-02-13 22:00:11",
    "calendarYear": "2019",
    "period": "Q4",
    "revenue": 2576700000,
    "costOfRevenue": 1838000000,
    "grossProfit": 738700000,
    "grossProfitRatio": 0.286684519,
    "researchAndDevelopmentExpenses": 0,
    "generalAndAdministrativeExpenses": 0,
    "sellingAndMarketingExpenses": 0,
    "sellingGeneralAndAdministrativeExpenses": 274000000,
    "otherExpenses": 0,
    "operatingExpenses": 274000000,
    "costAndExpenses": 2112000000,
    "interestIncome": 1000000,
    "interestExpense": 92500000,
    "depreciationAndAmortization": 277800000,
    "ebitda": 655300000,
    "ebitdaratio": 0.2543175379,
    "operatingIncome": 464700000,
    "operatingIncomeRatio": 0.1803469554,
    "totalOtherIncomeExpensesNet": -179700000,
    "incomeBeforeTax": 285000000,
    "incomeBeforeTaxRatio": 0.1106065898,
    "incomeTaxExpense": -5000000,
    "netIncome": 289300000,
    "netIncomeRatio": 0.112275391,
    "eps": 0.91,
    "epsdiluted": 0.9,
    "weightedAverageShsOut": 319600000,
    "weightedAverageShsOutDil": 320500000,
    "link": "https://www.sec.gov/Archives/edgar/data/1060391/000106039120000016/0001060391-20-000016-index.htm",
    "finalLink": "https://www.sec.gov/Archives/edgar/data/1060391/000106039120000016/rsg-20191231.htm"
  },
  {
    "date": "2019-09-30",
    "symbol": "RSG",
    "reportedCurrency": "USD",
    "cik": "0001060391",
    "fillingDate": "2019-10-31",
    "acceptedDate": "2019-10-30 21:51:56",
    "calendarYear": "2019",
    "period": "Q3",
    "revenue": 2646900000,
    "costOfRevenue": 1919200000,
    "grossProfit": 727700000,
    "grossProfitRatio": 0.2749253844,
    "researchAndDevelopmentExpenses": 0,
    "generalAndAdministrativeExpenses": 0,
    "sellingAndMarketingExpenses": 0,
    "sellingGeneralAndAdministrativeExpenses": 273500000,
    "otherExpenses": 0,
    "operatingExpenses": 273500000,
    "costAndExpenses": 2192700000,
    "interestIncome": 2000000,
    "interestExpense": 99300000,
    "depreciationAndAmortization": 287800000,
    "ebitda": 756600000,
    "ebitdaratio": 0.2858438173,
    "operatingIncome": 454200000,
    "operatingIncomeRatio": 0.1715969625,
    "totalOtherIncomeExpensesNet": -84700000,
    "incomeBeforeTax": 369500000,
    "incomeBeforeTaxRatio": 0.1395972647,
    "incomeTaxExpense": 71500000,
    "netIncome": 298300000,
    "netIncomeRatio": 0.112697873,
    "eps": 0.93,
    "epsdiluted": 0.93,
    "weightedAverageShsOut": 320600000,
    "weightedAverageShsOutDil": 321700000,
    "link": "https://www.sec.gov/Archives/edgar/data/1060391/000106039119000042/0001060391-19-000042-index.htm",
    "finalLink": "https://www.sec.gov/Archives/edgar/data/1060391/000106039119000042/rsg-20190930.htm"
  },
  {
    "date": "2019-06-30",
    "symbol": "RSG",
    "reportedCurrency": "USD",
    "cik": "0001060391",
    "fillingDate": "2019-07-26",
    "acceptedDate": "2019-07-25 21:50:29",
    "calendarYear": "2019",
    "period": "Q2",
    "revenue": 2605300000,
    "costOfRevenue": 1901700000,
    "grossProfit": 703600000,
    "grossProfitRatio": 0.2700648678,
    "researchAndDevelopmentExpenses": 0,
    "generalAndAdministrativeExpenses": 0,
    "sellingAndMarketingExpenses": 0,
    "sellingGeneralAndAdministrativeExpenses": 262600000,
    "otherExpenses": 0,
    "operatingExpenses": 262600000,
    "costAndExpenses": 2164300000,
    "interestIncome": 1400000,
    "interestExpense": 99100000,
    "depreciationAndAmortization": 284700000,
    "ebitda": 712400000,
    "ebitdaratio": 0.2734425978,
    "operatingIncome": 441000000,
    "operatingIncomeRatio": 0.1692703336,
    "totalOtherIncomeExpensesNet": -112400000,
    "incomeBeforeTax": 328600000,
    "incomeBeforeTaxRatio": 0.1261275093,
    "incomeTaxExpense": 77700000,
    "netIncome": 251500000,
    "netIncomeRatio": 0.0965339884,
    "eps": 0.78,
    "epsdiluted": 0.78,
    "weightedAverageShsOut": 321700000,
    "weightedAverageShsOutDil": 322800000,
    "link": "https://www.sec.gov/Archives/edgar/data/1060391/000106039119000033/0001060391-19-000033-index.htm",
    "finalLink": "https://www.sec.gov/Archives/edgar/data/1060391/000106039119000033/rsg-20190630.htm"
  },
  {
    "date": "2019-03-31",
    "symbol": "RSG",
    "reportedCurrency": "USD",
    "cik": "0001060391",
    "fillingDate": "2019-04-26",
    "acceptedDate": "2019-04-25 21:45:26",
    "calendarYear": "2019",
    "period": "Q1",
    "revenue": 2470600000,
    "costOfRevenue": 1778100000,
    "grossProfit": 692500000,
    "grossProfitRatio": 0.2802962843,
    "researchAndDevelopmentExpenses": 0,
    "generalAndAdministrativeExpenses": 0,
    "sellingAndMarketingExpenses": 0,
    "sellingGeneralAndAdministrativeExpenses": 266399999,
    "otherExpenses": 0,
    "operatingExpenses": 266399999,
    "costAndExpenses": 2044500000,
    "interestIncome": 1900000,
    "interestExpense": 100600000,
    "depreciationAndAmortization": 272000000,
    "ebitda": 685400000,
    "ebitdaratio": 0.2774224885,
    "operatingIncome": 426100000,
    "operatingIncomeRatio": 0.1724682263,
    "totalOtherIncomeExpensesNet": -113300000,
    "incomeBeforeTax": 312800000,
    "incomeBeforeTaxRatio": 0.1266089209,
    "incomeTaxExpense": 77900000,
    "netIncome": 234200000,
    "netIncomeRatio": 0.0947947867,
    "eps": 0.73,
    "epsdiluted": 0.72,
    "weightedAverageShsOut": 322300000,
    "weightedAverageShsOutDil": 323500000,
    "link": "https://www.sec.gov/Archives/edgar/data/1060391/000106039119000019/0001060391-19-000019-index.htm",
    "finalLink": "https://www.sec.gov/Archives/edgar/data/1060391/000106039119000019/rsg-20190331.htm"
  },
  {
    "date": "2018-12-31",
    "symbol": "RSG",
    "reportedCurrency": "USD",
    "cik": "0001060391",
    "fillingDate": "2019-02-08",
    "acceptedDate": "2019-02-07 21:08:41",
    "calendarYear": "2018",
    "period": "Q4",
    "revenue": 2529600000,
    "costOfRevenue": 1759300000,
    "grossProfit": 770300000,
    "grossProfitRatio": 0.3045145478,
    "researchAndDevelopmentExpenses": 0,
    "generalAndAdministrativeExpenses": 0,
    "sellingAndMarketingExpenses": 0,
    "sellingGeneralAndAdministrativeExpenses": 272500000,
    "otherExpenses": 0,
    "operatingExpenses": 272500000,
    "costAndExpenses": 2031800000,
    "interestIncome": 600000,
    "interestExpense": 97100000,
    "depreciationAndAmortization": 272400000,
    "ebitda": 726900000,
    "ebitdaratio": 0.287357685,
    "operatingIncome": 497800000,
    "operatingIncomeRatio": 0.1967900063,
    "totalOtherIncomeExpensesNet": -140400000,
    "incomeBeforeTax": 357400000,
    "incomeBeforeTaxRatio": 0.14128716,
    "incomeTaxExpense": 56300000,
    "netIncome": 301000000,
    "netIncomeRatio": 0.1189911448,
    "eps": 0.93,
    "epsdiluted": 0.92,
    "weightedAverageShsOut": 324100000,
    "weightedAverageShsOutDil": 325500000,
    "link": "https://www.sec.gov/Archives/edgar/data/1060391/000106039119000008/0001060391-19-000008-index.htm",
    "finalLink": "https://www.sec.gov/Archives/edgar/data/1060391/000106039119000008/rsg-2018x1231x10xk.htm"
  },
  {
    "date": "2018-09-30",
    "symbol": "RSG",
    "reportedCurrency": "USD",
    "cik": "0001060391",
    "fillingDate": "2018-10-26",
    "acceptedDate": "2018-10-25 20:19:04",
    "calendarYear": "2018",
    "period": "Q3",
    "revenue": 2565300000,
    "costOfRevenue": 1861100000,
    "grossProfit": 704200000,
    "grossProfitRatio": 0.2745098039,
    "researchAndDevelopmentExpenses": 0,
    "generalAndAdministrativeExpenses": 0,
    "sellingAndMarketingExpenses": 0,
    "sellingGeneralAndAdministrativeExpenses": 260899999,
    "otherExpenses": 0,
    "operatingExpenses": 260899999,
    "costAndExpenses": 2122000000,
    "interestIncome": 500000,
    "interestExpense": 96300000,
    "depreciationAndAmortization": 282500000,
    "ebitda": 719100000,
    "ebitdaratio": 0.2803180915,
    "operatingIncome": 443300000,
    "operatingIncomeRatio": 0.1728062995,
    "totalOtherIncomeExpensesNet": -103000000,
    "incomeBeforeTax": 340300000,
    "incomeBeforeTaxRatio": 0.1326550501,
    "incomeTaxExpense": 77400000,
    "netIncome": 263400000,
    "netIncomeRatio": 0.1026780494,
    "eps": 0.81,
    "epsdiluted": 0.81,
    "weightedAverageShsOut": 325500000,
    "weightedAverageShsOutDil": 326900000,
    "link": "https://www.sec.gov/Archives/edgar/data/1060391/000106039118000033/0001060391-18-000033-index.htm",
    "finalLink": "https://www.sec.gov/Archives/edgar/data/1060391/000106039118000033/rsg930201810-q.htm"
  },
  {
    "date": "2018-06-30",
    "symbol": "RSG",
    "reportedCurrency": "USD",
    "cik": "0001060391",
    "fillingDate": "2018-07-27",
    "acceptedDate": "2018-07-26 21:35:39",
    "calendarYear": "2018",
    "period": "Q2",
    "revenue": 2517500000,
    "costOfRevenue": 1854000000,
    "grossProfit": 663500000,
    "grossProfitRatio": 0.2635551142,
    "researchAndDevelopmentExpenses": 0,
    "generalAndAdministrativeExpenses": 0,
    "sellingAndMarketingExpenses": 0,
    "sellingGeneralAndAdministrativeExpenses": 252900000,
    "otherExpenses": 0,
    "operatingExpenses": 252900000,
    "costAndExpenses": 2106900000,
    "interestIncome": 200000,
    "interestExpense": 96200000,
    "depreciationAndAmortization": 275700000,
    "ebitda": 684500000,
    "ebitdaratio": 0.2718967229,
    "operatingIncome": 410600000,
    "operatingIncomeRatio": 0.1630983118,
    "totalOtherIncomeExpensesNet": -98000000,
    "incomeBeforeTax": 312600000,
    "incomeBeforeTaxRatio": 0.1241708044,
    "incomeTaxExpense": 76900000,
    "netIncome": 234900000,
    "netIncomeRatio": 0.093306852,
    "eps": 0.72,
    "epsdiluted": 0.71,
    "weightedAverageShsOut": 327400000,
    "weightedAverageShsOutDil": 328800000,
    "link": "https://www.sec.gov/Archives/edgar/data/1060391/000106039118000023/0001060391-18-000023-index.htm",
    "finalLink": "https://www.sec.gov/Archives/edgar/data/1060391/000106039118000023/rsg630201810-q.htm"
  },
  {
    "date": "2018-03-31",
    "symbol": "RSG",
    "reportedCurrency": "USD",
    "cik": "0001060391",
    "fillingDate": "2018-05-03",
    "acceptedDate": "2018-05-02 21:31:01",
    "calendarYear": "2018",
    "period": "Q1",
    "revenue": 2427500000,
    "costOfRevenue": 1754100000,
    "grossProfit": 673400000,
    "grossProfitRatio": 0.2774047374,
    "researchAndDevelopmentExpenses": 0,
    "generalAndAdministrativeExpenses": 0,
    "sellingAndMarketingExpenses": 0,
    "sellingGeneralAndAdministrativeExpenses": 261200000,
    "otherExpenses": 0,
    "operatingExpenses": 261200000,
    "costAndExpenses": 2015300000,
    "interestIncome": 200000,
    "interestExpense": 94300000,
    "depreciationAndAmortization": 283500000,
    "ebitda": 688400000,
    "ebitdaratio": 0.2835839341,
    "operatingIncome": 412200000,
    "operatingIncomeRatio": 0.1698043254,
    "totalOtherIncomeExpensesNet": -101600000,
    "incomeBeforeTax": 310600000,
    "incomeBeforeTaxRatio": 0.1279505664,
    "incomeTaxExpense": 72700000,
    "netIncome": 237700000,
    "netIncomeRatio": 0.0979196704,
    "eps": 0.72,
    "epsdiluted": 0.72,
    "weightedAverageShsOut": 330700000,
    "weightedAverageShsOutDil": 332200000,
    "link": "https://www.sec.gov/Archives/edgar/data/1060391/000106039118000012/0001060391-18-000012-index.htm",
    "finalLink": "https://www.sec.gov/Archives/edgar/data/1060391/000106039118000012/rsg331201810-q.htm"
  },
  {
    "date": "2017-12-31",
    "symbol": "RSG",
    "reportedCurrency": "USD",
    "cik": "0001060391",
    "fillingDate": "2018-02-09",
    "acceptedDate": "2018-02-08 21:50:43",
    "calendarYear": "2017",
    "period": "Q4",
    "revenue": 2560000000,
    "costOfRevenue": 1880000000,
    "grossProfit": 680000000,
    "grossProfitRatio": 0.265625,
    "researchAndDevelopmentExpenses": 0,
    "generalAndAdministrativeExpenses": 0,
    "sellingAndMarketingExpenses": 0,
    "sellingGeneralAndAdministrativeExpenses": 274200000,
    "otherExpenses": 100000,
    "operatingExpenses": 274300000,
    "costAndExpenses": 2154300000,
    "interestIncome": 0,
    "interestExpense": 93200000,
    "depreciationAndAmortization": 287200000,
    "ebitda": 676100000,
    "ebitdaratio": 0.2641015625,
    "operatingIncome": 405700000,
    "operatingIncomeRatio": 0.1584765625,
    "totalOtherIncomeExpensesNet": -110000000,
    "incomeBeforeTax": 295700000,
    "incomeBeforeTaxRatio": 0.1155078125,
    "incomeTaxExpense": -368800000,
    "netIncome": 664400000,
    "netIncomeRatio": 0.25953125,
    "eps": 1.99,
    "epsdiluted": 1.98,
    "weightedAverageShsOut": 333700000,
    "weightedAverageShsOutDil": 335600000,
    "link": "https://www.sec.gov/Archives/edgar/data/1060391/000106039118000005/0001060391-18-000005-index.htm",
    "finalLink": "https://www.sec.gov/Archives/edgar/data/1060391/000106039118000005/rsg-2017x1231x10xk.htm"
  },
  {
    "date": "2017-09-30",
    "symbol": "RSG",
    "reportedCurrency": "USD",
    "cik": "0001060391",
    "fillingDate": "2017-11-03",
    "acceptedDate": "2017-11-02 21:07:30",
    "calendarYear": "2017",
    "period": "Q3",
    "revenue": 2563300000,
    "costOfRevenue": 1860100000,
    "grossProfit": 703200000,
    "grossProfitRatio": 0.2743338665,
    "researchAndDevelopmentExpenses": 0,
    "generalAndAdministrativeExpenses": 0,
    "sellingAndMarketingExpenses": 0,
    "sellingGeneralAndAdministrativeExpenses": 266700000,
    "otherExpenses": 0,
    "operatingExpenses": 266700000,
    "costAndExpenses": 2126800000,
    "interestIncome": 300000,
    "interestExpense": 90400000,
    "depreciationAndAmortization": 280800000,
    "ebitda": 727900000,
    "ebitdaratio": 0.2839698826,
    "operatingIncome": 436500000,
    "operatingIncomeRatio": 0.1702883002,
    "totalOtherIncomeExpensesNet": -79800000,
    "incomeBeforeTax": 356700000,
    "incomeBeforeTaxRatio": 0.139156556,
    "incomeTaxExpense": 133400000,
    "netIncome": 223200000,
    "netIncomeRatio": 0.0870752546,
    "eps": 0.66,
    "epsdiluted": 0.66,
    "weightedAverageShsOut": 336500000,
    "weightedAverageShsOutDil": 338500000,
    "link": "https://www.sec.gov/Archives/edgar/data/1060391/000106039117000047/0001060391-17-000047-index.htm",
    "finalLink": "https://www.sec.gov/Archives/edgar/data/1060391/000106039117000047/rsg930201710-q.htm"
  },
  {
    "date": "2017-06-30",
    "symbol": "RSG",
    "reportedCurrency": "USD",
    "cik": "0001060391",
    "fillingDate": "2017-07-28",
    "acceptedDate": "2017-07-27 17:57:04",
    "calendarYear": "2017",
    "period": "Q2",
    "revenue": 2527700000,
    "costOfRevenue": 1834400000,
    "grossProfit": 693300000,
    "grossProfitRatio": 0.2742809669,
    "researchAndDevelopmentExpenses": 0,
    "generalAndAdministrativeExpenses": 0,
    "sellingAndMarketingExpenses": 0,
    "sellingGeneralAndAdministrativeExpenses": 262899999,
    "otherExpenses": 0,
    "operatingExpenses": 262899999,
    "costAndExpenses": 2097300000,
    "interestIncome": 300000,
    "interestExpense": 90400000,
    "depreciationAndAmortization": 278200000,
    "ebitda": 702000000,
    "ebitdaratio": 0.277722831,
    "operatingIncome": 430400000,
    "operatingIncomeRatio": 0.170273371,
    "totalOtherIncomeExpensesNet": -97000000,
    "incomeBeforeTax": 333400000,
    "incomeBeforeTaxRatio": 0.1318985639,
    "incomeTaxExpense": 130000000,
    "netIncome": 202900000,
    "netIncomeRatio": 0.0802706017,
    "eps": 0.6,
    "epsdiluted": 0.6,
    "weightedAverageShsOut": 338100000,
    "weightedAverageShsOutDil": 340000000,
    "link": "https://www.sec.gov/Archives/edgar/data/1060391/000106039117000034/0001060391-17-000034-index.htm",
    "finalLink": "https://www.sec.gov/Archives/edgar/data/1060391/000106039117000034/rsg630201710-q.htm"
  },
  {
    "date": "2017-03-31",
    "symbol": "RSG",
    "reportedCurrency": "USD",
    "cik": "0001060391",
    "fillingDate": "2017-04-28",
    "acceptedDate": "2017-04-27 18:05:32",
    "calendarYear": "2017",
    "period": "Q1",
    "revenue": 2393500000,
    "costOfRevenue": 1753000000,
    "grossProfit": 640500000,
    "grossProfitRatio": 0.2675997493,
    "researchAndDevelopmentExpenses": 0,
    "generalAndAdministrativeExpenses": 0,
    "sellingAndMarketingExpenses": 0,
    "sellingGeneralAndAdministrativeExpenses": 253500000,
    "otherExpenses": 267100000,
    "operatingExpenses": 520600000,
    "costAndExpenses": 2007600000,
    "interestIncome": 300000,
    "interestExpense": 90100000,
    "depreciationAndAmortization": 269900000,
    "ebitda": 656200000,
    "ebitdaratio": 0.2741591811,
    "operatingIncome": 385900000,
    "operatingIncomeRatio": 0.1612283267,
    "totalOtherIncomeExpensesNet": -89700000,
    "incomeBeforeTax": 296200000,
    "incomeBeforeTaxRatio": 0.1237518279,
    "incomeTaxExpense": 108400000,
    "netIncome": 187800000,
    "netIncomeRatio": 0.0784625026,
    "eps": 0.55,
    "epsdiluted": 0.55,
    "weightedAverageShsOut": 339900000,
    "weightedAverageShsOutDil": 341900000,
    "link": "https://www.sec.gov/Archives/edgar/data/1060391/000106039117000021/0001060391-17-000021-index.htm",
    "finalLink": "https://www.sec.gov/Archives/edgar/data/1060391/000106039117000021/rsg331201710-q.htm"
  },
  {
    "date": "2016-12-31",
    "symbol": "RSG",
    "reportedCurrency": "USD",
    "cik": "0001060391",
    "fillingDate": "2017-02-17",
    "acceptedDate": "2017-02-16 19:15:45",
    "calendarYear": "2016",
    "period": "Q4",
    "revenue": 2379100000,
    "costOfRevenue": 1723100000,
    "grossProfit": 656000000,
    "grossProfitRatio": 0.2757345215,
    "researchAndDevelopmentExpenses": 0,
    "generalAndAdministrativeExpenses": 0,
    "sellingAndMarketingExpenses": 0,
    "sellingGeneralAndAdministrativeExpenses": 249600000,
    "otherExpenses": 0,
    "operatingExpenses": 249600000,
    "costAndExpenses": 1972700000,
    "interestIncome": 0,
    "interestExpense": 109000000,
    "depreciationAndAmortization": 265200000,
    "ebitda": 668900000,
    "ebitdaratio": 0.2811567399,
    "operatingIncome": 406400000,
    "operatingIncomeRatio": 0.1708208987,
    "totalOtherIncomeExpensesNet": -111700000,
    "incomeBeforeTax": 294700000,
    "incomeBeforeTaxRatio": 0.1238703711,
    "incomeTaxExpense": 105100000,
    "netIncome": 189500000,
    "netIncomeRatio": 0.0796519692,
    "eps": 0.56,
    "epsdiluted": 0.55,
    "weightedAverageShsOut": 340200000,
    "weightedAverageShsOutDil": 341600000,
    "link": "https://www.sec.gov/Archives/edgar/data/1060391/000106039117000012/0001060391-17-000012-index.htm",
    "finalLink": "https://www.sec.gov/Archives/edgar/data/1060391/000106039117000012/rsg-2016x1231x10xk.htm"
  },
  {
    "date": "2016-09-30",
    "symbol": "RSG",
    "reportedCurrency": "USD",
    "cik": "0001060391",
    "fillingDate": "2016-10-28",
    "acceptedDate": "2016-10-27 18:31:38",
    "calendarYear": "2016",
    "period": "Q3",
    "revenue": 2409300000,
    "costOfRevenue": 1740800000,
    "grossProfit": 668500000,
    "grossProfitRatio": 0.277466484,
    "researchAndDevelopmentExpenses": 0,
    "generalAndAdministrativeExpenses": 0,
    "sellingAndMarketingExpenses": 0,
    "sellingGeneralAndAdministrativeExpenses": 235400000,
    "otherExpenses": 0,
    "operatingExpenses": 235400000,
    "costAndExpenses": 1976200000,
    "interestIncome": 200000,
    "interestExpense": 90000000,
    "depreciationAndAmortization": 272100000,
    "ebitda": 489000000,
    "ebitdaratio": 0.2029635164,
    "operatingIncome": 433100000,
    "operatingIncomeRatio": 0.1797617565,
    "totalOtherIncomeExpensesNet": -306200000,
    "incomeBeforeTax": 126900000,
    "incomeBeforeTaxRatio": 0.0526709003,
    "incomeTaxExpense": 41200000,
    "netIncome": 85600000,
    "netIncomeRatio": 0.0355289918,
    "eps": 0.25,
    "epsdiluted": 0.25,
    "weightedAverageShsOut": 342600000,
    "weightedAverageShsOutDil": 344000000,
    "link": "https://www.sec.gov/Archives/edgar/data/1060391/000106039116000114/0001060391-16-000114-index.htm",
    "finalLink": "https://www.sec.gov/Archives/edgar/data/1060391/000106039116000114/rsg930201610-q.htm"
  },
  {
    "date": "2016-06-30",
    "symbol": "RSG",
    "reportedCurrency": "USD",
    "cik": "0001060391",
    "fillingDate": "2016-07-29",
    "acceptedDate": "2016-07-28 18:29:43",
    "calendarYear": "2016",
    "period": "Q2",
    "revenue": 2350700000,
    "costOfRevenue": 1440700000,
    "grossProfit": 910000000,
    "grossProfitRatio": 0.3871187306,
    "researchAndDevelopmentExpenses": 0,
    "generalAndAdministrativeExpenses": 236500000,
    "sellingAndMarketingExpenses": 0,
    "sellingGeneralAndAdministrativeExpenses": 236500000,
    "otherExpenses": 291400000,
    "operatingExpenses": 527900000,
    "costAndExpenses": 1954100000,
    "interestIncome": 200000,
    "interestExpense": 92200000,
    "depreciationAndAmortization": 269900000,
    "ebitda": 666500000,
    "ebitdaratio": 0.2835325648,
    "operatingIncome": 382100000,
    "operatingIncomeRatio": 0.1625473263,
    "totalOtherIncomeExpensesNet": -90400000,
    "incomeBeforeTax": 291700000,
    "incomeBeforeTaxRatio": 0.1240906964,
    "incomeTaxExpense": 110700000,
    "netIncome": 180800000,
    "netIncomeRatio": 0.0769132599,
    "eps": 0.53,
    "epsdiluted": 0.52,
    "weightedAverageShsOut": 343900000,
    "weightedAverageShsOutDil": 345200000,
    "link": "https://www.sec.gov/Archives/edgar/data/1060391/000106039116000105/0001060391-16-000105-index.htm",
    "finalLink": "https://www.sec.gov/Archives/edgar/data/1060391/000106039116000105/rsg630201610-q.htm"
  },
  {
    "date": "2016-03-31",
    "symbol": "RSG",
    "reportedCurrency": "USD",
    "cik": "0001060391",
    "fillingDate": "2016-04-29",
    "acceptedDate": "2016-04-28 18:26:22",
    "calendarYear": "2016",
    "period": "Q1",
    "revenue": 2248600000,
    "costOfRevenue": 1381400000,
    "grossProfit": 867200000,
    "grossProfitRatio": 0.3856621898,
    "researchAndDevelopmentExpenses": 0,
    "generalAndAdministrativeExpenses": 236600000,
    "sellingAndMarketingExpenses": 0,
    "sellingGeneralAndAdministrativeExpenses": 236600000,
    "otherExpenses": 285100000,
    "operatingExpenses": 521700000,
    "costAndExpenses": 1885600000,
    "interestIncome": 500000,
    "interestExpense": 92700000,
    "depreciationAndAmortization": 263000000,
    "ebitda": 626000000,
    "ebitdaratio": 0.2783954461,
    "operatingIncome": 345500000,
    "operatingIncomeRatio": 0.1536511607,
    "totalOtherIncomeExpensesNet": -92900000,
    "incomeBeforeTax": 252600000,
    "incomeBeforeTaxRatio": 0.112336565,
    "incomeTaxExpense": 95700000,
    "netIncome": 156700000,
    "netIncomeRatio": 0.0696878057,
    "eps": 0.45,
    "epsdiluted": 0.45,
    "weightedAverageShsOut": 345400000,
    "weightedAverageShsOutDil": 346700000,
    "link": "https://www.sec.gov/Archives/edgar/data/1060391/000106039116000070/0001060391-16-000070-index.htm",
    "finalLink": "https://www.sec.gov/Archives/edgar/data/1060391/000106039116000070/rsg331201610-q.htm"
  },
  {
    "date": "2015-12-31",
    "symbol": "RSG",
    "reportedCurrency": "USD",
    "cik": "0001060391",
    "fillingDate": "2016-02-12",
    "acceptedDate": "2016-02-11 19:33:57",
    "calendarYear": "2015",
    "period": "Q4",
    "revenue": 2290200000,
    "costOfRevenue": 1403700000,
    "grossProfit": 886500000,
    "grossProfitRatio": 0.3870840975,
    "researchAndDevelopmentExpenses": 0,
    "generalAndAdministrativeExpenses": 258200000,
    "sellingAndMarketingExpenses": 0,
    "sellingGeneralAndAdministrativeExpenses": 258200000,
    "otherExpenses": 274400000,
    "operatingExpenses": 532600000,
    "costAndExpenses": 1931800000,
    "interestIncome": 200000,
    "interestExpense": 92900000,
    "depreciationAndAmortization": 264500000,
    "ebitda": 622900000,
    "ebitdaratio": 0.2719849795,
    "operatingIncome": 353900000,
    "operatingIncomeRatio": 0.1545279888,
    "totalOtherIncomeExpensesNet": -92000000,
    "incomeBeforeTax": 261900000,
    "incomeBeforeTaxRatio": 0.1143568247,
    "incomeTaxExpense": 89500000,
    "netIncome": 172300000,
    "netIncomeRatio": 0.0752336041,
    "eps": 0.5,
    "epsdiluted": 0.49,
    "weightedAverageShsOut": 347000000,
    "weightedAverageShsOutDil": 348400000,
    "link": "https://www.sec.gov/Archives/edgar/data/1060391/000106039116000060/0001060391-16-000060-index.htm",
    "finalLink": "https://www.sec.gov/Archives/edgar/data/1060391/000106039116000060/rsg-2015x1231x10xk.htm"
  },
  {
    "date": "2015-09-30",
    "symbol": "RSG",
    "reportedCurrency": "USD",
    "cik": "0001060391",
    "fillingDate": "2015-10-30",
    "acceptedDate": "2015-10-29 18:08:52",
    "calendarYear": "2015",
    "period": "Q3",
    "revenue": 2344000000,
    "costOfRevenue": 1390200000,
    "grossProfit": 953800000,
    "grossProfitRatio": 0.4069112628,
    "researchAndDevelopmentExpenses": 0,
    "generalAndAdministrativeExpenses": 237900000,
    "sellingAndMarketingExpenses": 0,
    "sellingGeneralAndAdministrativeExpenses": 237900000,
    "otherExpenses": 273000000,
    "operatingExpenses": 510900000,
    "costAndExpenses": 1901100000,
    "interestIncome": 100000,
    "interestExpense": 91800000,
    "depreciationAndAmortization": 266800000,
    "ebitda": 659700000,
    "ebitdaratio": 0.2814419795,
    "operatingIncome": 442900000,
    "operatingIncomeRatio": 0.1889505119,
    "totalOtherIncomeExpensesNet": -92100000,
    "incomeBeforeTax": 350800000,
    "incomeBeforeTaxRatio": 0.1496587031,
    "incomeTaxExpense": 135600000,
    "netIncome": 215000000,
    "netIncomeRatio": 0.0917235495,
    "eps": 0.62,
    "epsdiluted": 0.61,
    "weightedAverageShsOut": 348900000,
    "weightedAverageShsOutDil": 350300000,
    "link": "https://www.sec.gov/Archives/edgar/data/1060391/000106039115000046/0001060391-15-000046-index.htm",
    "finalLink": "https://www.sec.gov/Archives/edgar/data/1060391/000106039115000046/rsg930201510-q.htm"
  },
  {
    "date": "2015-06-30",
    "symbol": "RSG",
    "reportedCurrency": "USD",
    "cik": "0001060391",
    "fillingDate": "2015-07-24",
    "acceptedDate": "2015-07-23 19:55:32",
    "calendarYear": "2015",
    "period": "Q2",
    "revenue": 2311400000,
    "costOfRevenue": 1420400000,
    "grossProfit": 891000000,
    "grossProfitRatio": 0.3854806611,
    "researchAndDevelopmentExpenses": 0,
    "generalAndAdministrativeExpenses": 230000000,
    "sellingAndMarketingExpenses": 0,
    "sellingGeneralAndAdministrativeExpenses": 230000000,
    "otherExpenses": 271800000,
    "operatingExpenses": 501800000,
    "costAndExpenses": 1922200000,
    "interestIncome": 100000,
    "interestExpense": 91500000,
    "depreciationAndAmortization": 265600000,
    "ebitda": 654800000,
    "ebitdaratio": 0.2832915116,
    "operatingIncome": 389200000,
    "operatingIncomeRatio": 0.1683827983,
    "totalOtherIncomeExpensesNet": -90500000,
    "incomeBeforeTax": 298700000,
    "incomeBeforeTaxRatio": 0.1292290387,
    "incomeTaxExpense": 108400000,
    "netIncome": 190300000,
    "netIncomeRatio": 0.0823310548,
    "eps": 0.54,
    "epsdiluted": 0.54,
    "weightedAverageShsOut": 350700000,
    "weightedAverageShsOutDil": 352000000,
    "link": "https://www.sec.gov/Archives/edgar/data/1060391/000106039115000037/0001060391-15-000037-index.htm",
    "finalLink": "https://www.sec.gov/Archives/edgar/data/1060391/000106039115000037/rsg630201510-q.htm"
  },
  {
    "date": "2015-03-31",
    "symbol": "RSG",
    "reportedCurrency": "USD",
    "cik": "0001060391",
    "fillingDate": "2015-04-24",
    "acceptedDate": "2015-04-23 18:10:11",
    "calendarYear": "2015",
    "period": "Q1",
    "revenue": 2169400000,
    "costOfRevenue": 1304300000,
    "grossProfit": 865100000,
    "grossProfitRatio": 0.3987738545,
    "researchAndDevelopmentExpenses": 0,
    "generalAndAdministrativeExpenses": 234300000,
    "sellingAndMarketingExpenses": 0,
    "sellingGeneralAndAdministrativeExpenses": 234300000,
    "otherExpenses": 258000000,
    "operatingExpenses": 492300000,
    "costAndExpenses": 1796600000,
    "interestIncome": 300000,
    "interestExpense": 88600000,
    "depreciationAndAmortization": 253100000,
    "ebitda": 625900000,
    "ebitdaratio": 0.2885129529,
    "operatingIncome": 372800000,
    "operatingIncomeRatio": 0.1718447497,
    "totalOtherIncomeExpensesNet": -88300000,
    "incomeBeforeTax": 284500000,
    "incomeBeforeTaxRatio": 0.1311422513,
    "incomeTaxExpense": 112000000,
    "netIncome": 172400000,
    "netIncomeRatio": 0.0794689776,
    "eps": 0.49,
    "epsdiluted": 0.49,
    "weightedAverageShsOut": 353300000,
    "weightedAverageShsOutDil": 354800000,
    "link": "https://www.sec.gov/Archives/edgar/data/1060391/000106039115000022/0001060391-15-000022-index.htm",
    "finalLink": "https://www.sec.gov/Archives/edgar/data/1060391/000106039115000022/rsg331201510-q.htm"
  },
  {
    "date": "2014-12-31",
    "symbol": "RSG",
    "reportedCurrency": "USD",
    "cik": "0001060391",
    "fillingDate": "2015-02-23",
    "acceptedDate": "2015-02-23 17:27:05",
    "calendarYear": "2014",
    "period": "Q4",
    "revenue": 2225200000,
    "costOfRevenue": 1536500000,
    "grossProfit": 688700000,
    "grossProfitRatio": 0.3095002696,
    "researchAndDevelopmentExpenses": 0,
    "generalAndAdministrativeExpenses": 248800000,
    "sellingAndMarketingExpenses": 0,
    "sellingGeneralAndAdministrativeExpenses": 248800000,
    "otherExpenses": 273500000,
    "operatingExpenses": 522300000,
    "costAndExpenses": 2039100000,
    "interestIncome": 0,
    "interestExpense": 87900000,
    "depreciationAndAmortization": 247500000,
    "ebitda": 452300000,
    "ebitdaratio": 0.2032626281,
    "operatingIncome": 166400000,
    "operatingIncomeRatio": 0.0747797951,
    "totalOtherIncomeExpensesNet": -87400000,
    "incomeBeforeTax": 79100000,
    "incomeBeforeTaxRatio": 0.0355473665,
    "incomeTaxExpense": 28600000,
    "netIncome": 50300000,
    "netIncomeRatio": 0.0226047097,
    "eps": 0.14,
    "epsdiluted": 0.14,
    "weightedAverageShsOut": 354400000,
    "weightedAverageShsOutDil": 355900000,
    "link": "https://www.sec.gov/Archives/edgar/data/1060391/000106039115000010/0001060391-15-000010-index.htm",
    "finalLink": "https://www.sec.gov/Archives/edgar/data/1060391/000106039115000010/rsg-2014x1231x10xk.htm"
  },
  {
    "date": "2014-09-30",
    "symbol": "RSG",
    "reportedCurrency": "USD",
    "cik": "0001060391",
    "fillingDate": "2014-10-31",
    "acceptedDate": "2014-10-30 18:21:08",
    "calendarYear": "2014",
    "period": "Q3",
    "revenue": 2264100000,
    "costOfRevenue": 1397300000,
    "grossProfit": 866800000,
    "grossProfitRatio": 0.3828452807,
    "researchAndDevelopmentExpenses": 0,
    "generalAndAdministrativeExpenses": 221100000,
    "sellingAndMarketingExpenses": 0,
    "sellingGeneralAndAdministrativeExpenses": 221100000,
    "otherExpenses": 263000000,
    "operatingExpenses": 484100000,
    "costAndExpenses": 1881400000,
    "interestIncome": 100000,
    "interestExpense": 87000000,
    "depreciationAndAmortization": 255100000,
    "ebitda": 637800000,
    "ebitdaratio": 0.2817013383,
    "operatingIncome": 382400000,
    "operatingIncomeRatio": 0.1688971335,
    "totalOtherIncomeExpensesNet": -87000000,
    "incomeBeforeTax": 295400000,
    "incomeBeforeTaxRatio": 0.1304712689,
    "incomeTaxExpense": 109600000,
    "netIncome": 185800000,
    "netIncomeRatio": 0.0820635131,
    "eps": 0.52,
    "epsdiluted": 0.52,
    "weightedAverageShsOut": 356300000,
    "weightedAverageShsOutDil": 357700000,
    "link": "https://www.sec.gov/Archives/edgar/data/1060391/000106039114000061/0001060391-14-000061-index.htm",
    "finalLink": "https://www.sec.gov/Archives/edgar/data/1060391/000106039114000061/rsg930201410-q.htm"
  },
  {
    "date": "2014-06-30",
    "symbol": "RSG",
    "reportedCurrency": "USD",
    "cik": "0001060391",
    "fillingDate": "2014-07-25",
    "acceptedDate": "2014-07-24 17:59:16",
    "calendarYear": "2014",
    "period": "Q2",
    "revenue": 2225300000,
    "costOfRevenue": 1373000000,
    "grossProfit": 852300000,
    "grossProfitRatio": 0.3830045387,
    "researchAndDevelopmentExpenses": 0,
    "generalAndAdministrativeExpenses": 216000000,
    "sellingAndMarketingExpenses": 0,
    "sellingGeneralAndAdministrativeExpenses": 216000000,
    "otherExpenses": 258000000,
    "operatingExpenses": 474000000,
    "costAndExpenses": 1843700000,
    "interestIncome": 300000,
    "interestExpense": 86900000,
    "depreciationAndAmortization": 249700000,
    "ebitda": 631300000,
    "ebitdaratio": 0.2836920865,
    "operatingIncome": 378300000,
    "operatingIncomeRatio": 0.1699995506,
    "totalOtherIncomeExpensesNet": -87600000,
    "incomeBeforeTax": 290700000,
    "incomeBeforeTaxRatio": 0.1306340718,
    "incomeTaxExpense": 111700000,
    "netIncome": 179000000,
    "netIncomeRatio": 0.0804385925,
    "eps": 0.5,
    "epsdiluted": 0.5,
    "weightedAverageShsOut": 356200000,
    "weightedAverageShsOutDil": 357600000,
    "link": "https://www.sec.gov/Archives/edgar/data/1060391/000106039114000049/0001060391-14-000049-index.htm",
    "finalLink": "https://www.sec.gov/Archives/edgar/data/1060391/000106039114000049/rsg630201410-q.htm"
  },
  {
    "date": "2014-03-31",
    "symbol": "RSG",
    "reportedCurrency": "USD",
    "cik": "0001060391",
    "fillingDate": "2014-04-25",
    "acceptedDate": "2014-04-24 17:55:10",
    "calendarYear": "2014",
    "period": "Q1",
    "revenue": 2073700000,
    "costOfRevenue": 1321200000,
    "grossProfit": 752500000,
    "grossProfitRatio": 0.3628779476,
    "researchAndDevelopmentExpenses": 0,
    "generalAndAdministrativeExpenses": 210400000,
    "sellingAndMarketingExpenses": 0,
    "sellingGeneralAndAdministrativeExpenses": 210400000,
    "otherExpenses": 236000000,
    "operatingExpenses": 446400000,
    "costAndExpenses": 1767600000,
    "interestIncome": 100000,
    "interestExpense": 87000000,
    "depreciationAndAmortization": 232600000,
    "ebitda": 538700000,
    "ebitdaratio": 0.2597772098,
    "operatingIncome": 306100000,
    "operatingIncomeRatio": 0.1476105512,
    "totalOtherIncomeExpensesNet": -85900000,
    "incomeBeforeTax": 220200000,
    "incomeBeforeTaxRatio": 0.1061870087,
    "incomeTaxExpense": 87600000,
    "netIncome": 132500000,
    "netIncomeRatio": 0.0638954526,
    "eps": 0.37,
    "epsdiluted": 0.37,
    "weightedAverageShsOut": 359800000,
    "weightedAverageShsOutDil": 361000000,
    "link": "https://www.sec.gov/Archives/edgar/data/1060391/000106039114000024/0001060391-14-000024-index.htm",
    "finalLink": "https://www.sec.gov/Archives/edgar/data/1060391/000106039114000024/rsg331201410-q.htm"
  },
  {
    "date": "2013-12-31",
    "symbol": "RSG",
    "reportedCurrency": "USD",
    "cik": "0001060391",
    "fillingDate": "2014-02-13",
    "acceptedDate": "2014-02-12 18:22:42",
    "calendarYear": "2013",
    "period": "Q4",
    "revenue": 2141500000,
    "costOfRevenue": 1284000000,
    "grossProfit": 857500000,
    "grossProfitRatio": 0.4004202662,
    "researchAndDevelopmentExpenses": 0,
    "generalAndAdministrativeExpenses": 201500000,
    "sellingAndMarketingExpenses": 0,
    "sellingGeneralAndAdministrativeExpenses": 201500000,
    "otherExpenses": 253400000,
    "operatingExpenses": 454900000,
    "costAndExpenses": 1738900000,
    "interestIncome": 200000,
    "interestExpense": 90200000,
    "depreciationAndAmortization": 245400000,
    "ebitda": 677600000,
    "ebitdaratio": 0.3164137287,
    "operatingIncome": 402600000,
    "operatingIncomeRatio": 0.1879990661,
    "totalOtherIncomeExpensesNet": -89200000,
    "incomeBeforeTax": 313400000,
    "incomeBeforeTaxRatio": 0.1463460191,
    "incomeTaxExpense": 76700000,
    "netIncome": 236600000,
    "netIncomeRatio": 0.1104833061,
    "eps": 0.66,
    "epsdiluted": 0.65,
    "weightedAverageShsOut": 361000000,
    "weightedAverageShsOutDil": 362300000,
    "link": "https://www.sec.gov/Archives/edgar/data/1060391/000106039114000011/0001060391-14-000011-index.htm",
    "finalLink": "https://www.sec.gov/Archives/edgar/data/1060391/000106039114000011/rsg-2013x1231x10xk.htm"
  },
  {
    "date": "2013-09-30",
    "symbol": "RSG",
    "reportedCurrency": "USD",
    "cik": "0001060391",
    "fillingDate": "2013-11-01",
    "acceptedDate": "2013-10-31 18:22:33",
    "calendarYear": "2013",
    "period": "Q3",
    "revenue": 2165400000,
    "costOfRevenue": 1317600000,
    "grossProfit": 847800000,
    "grossProfitRatio": 0.391521197,
    "researchAndDevelopmentExpenses": 0,
    "generalAndAdministrativeExpenses": 209000000,
    "sellingAndMarketingExpenses": 0,
    "sellingGeneralAndAdministrativeExpenses": 209000000,
    "otherExpenses": 286500000,
    "operatingExpenses": 495500000,
    "costAndExpenses": 1770800000,
    "interestIncome": 100000,
    "interestExpense": 90000000,
    "depreciationAndAmortization": 243600000,
    "ebitda": 653500000,
    "ebitdaratio": 0.3017918168,
    "operatingIncome": 352300000,
    "operatingIncomeRatio": 0.1626951141,
    "totalOtherIncomeExpensesNet": -88900000,
    "incomeBeforeTax": 263400000,
    "incomeBeforeTaxRatio": 0.1216403436,
    "incomeTaxExpense": 92300000,
    "netIncome": 171400000,
    "netIncomeRatio": 0.0791539669,
    "eps": 0.47,
    "epsdiluted": 0.47,
    "weightedAverageShsOut": 361700000,
    "weightedAverageShsOutDil": 363000000,
    "link": "https://www.sec.gov/Archives/edgar/data/1060391/000106039113000046/0001060391-13-000046-index.htm",
    "finalLink": "https://www.sec.gov/Archives/edgar/data/1060391/000106039113000046/rsg930201310-q.htm"
  },
  {
    "date": "2013-06-30",
    "symbol": "RSG",
    "reportedCurrency": "USD",
    "cik": "0001060391",
    "fillingDate": "2013-07-26",
    "acceptedDate": "2013-07-25 18:25:10",
    "calendarYear": "2013",
    "period": "Q2",
    "revenue": 2111700000,
    "costOfRevenue": 1410000000,
    "grossProfit": 701700000,
    "grossProfitRatio": 0.3322915187,
    "researchAndDevelopmentExpenses": 0,
    "generalAndAdministrativeExpenses": 223600000,
    "sellingAndMarketingExpenses": 0,
    "sellingGeneralAndAdministrativeExpenses": 223600000,
    "otherExpenses": 296900000,
    "operatingExpenses": 520500000,
    "costAndExpenses": 1874400000,
    "interestIncome": 100000,
    "interestExpense": 90200000,
    "depreciationAndAmortization": 236200000,
    "ebitda": 407300000,
    "ebitdaratio": 0.1928777762,
    "operatingIncome": 181200000,
    "operatingIncomeRatio": 0.0858076431,
    "totalOtherIncomeExpensesNet": -90100000,
    "incomeBeforeTax": 91100000,
    "incomeBeforeTaxRatio": 0.0431405976,
    "incomeTaxExpense": 34700000,
    "netIncome": 56300000,
    "netIncomeRatio": 0.026660984,
    "eps": 0.16,
    "epsdiluted": 0.15,
    "weightedAverageShsOut": 362900000,
    "weightedAverageShsOutDil": 364400000,
    "link": "https://www.sec.gov/Archives/edgar/data/1060391/000106039113000032/0001060391-13-000032-index.htm",
    "finalLink": "https://www.sec.gov/Archives/edgar/data/1060391/000106039113000032/rsg630201310-q.htm"
  },
  {
    "date": "2013-03-31",
    "symbol": "RSG",
    "reportedCurrency": "USD",
    "cik": "0001060391",
    "fillingDate": "2013-04-26",
    "acceptedDate": "2013-04-25 17:58:49",
    "calendarYear": "2013",
    "period": "Q1",
    "revenue": 1998600000,
    "costOfRevenue": 1223100000,
    "grossProfit": 775500000,
    "grossProfitRatio": 0.3880216151,
    "researchAndDevelopmentExpenses": 0,
    "generalAndAdministrativeExpenses": 203600000,
    "sellingAndMarketingExpenses": 0,
    "sellingGeneralAndAdministrativeExpenses": 203600000,
    "otherExpenses": 297700000,
    "operatingExpenses": 501300000,
    "costAndExpenses": 1658400000,
    "interestIncome": 300000,
    "interestExpense": 89600000,
    "depreciationAndAmortization": 228800000,
    "ebitda": 491600000,
    "ebitdaratio": 0.2459721805,
    "operatingIncome": 274200000,
    "operatingIncomeRatio": 0.1371960372,
    "totalOtherIncomeExpensesNet": -90900000,
    "incomeBeforeTax": 183300000,
    "incomeBeforeTaxRatio": 0.0917141999,
    "incomeTaxExpense": 58400000,
    "netIncome": 124600000,
    "netIncomeRatio": 0.0623436405,
    "eps": 0.34,
    "epsdiluted": 0.34,
    "weightedAverageShsOut": 362700000,
    "weightedAverageShsOutDil": 364100000,
    "link": "https://www.sec.gov/Archives/edgar/data/1060391/000106039113000018/0001060391-13-000018-index.htm",
    "finalLink": "https://www.sec.gov/Archives/edgar/data/1060391/000106039113000018/rsg331201310-q.htm"
  },
  {
    "date": "2012-12-31",
    "symbol": "RSG",
    "reportedCurrency": "USD",
    "cik": "0001060391",
    "fillingDate": "2013-02-15",
    "acceptedDate": "2013-02-15 15:24:35",
    "calendarYear": "2012",
    "period": "Q4",
    "revenue": 2028300000,
    "costOfRevenue": 1283500000,
    "grossProfit": 744800000,
    "grossProfitRatio": 0.3672040625,
    "researchAndDevelopmentExpenses": 0,
    "generalAndAdministrativeExpenses": 198300000,
    "sellingAndMarketingExpenses": 0,
    "sellingGeneralAndAdministrativeExpenses": 198300000,
    "otherExpenses": 257800000,
    "operatingExpenses": 456100000,
    "costAndExpenses": 1726500000,
    "interestIncome": 200000,
    "interestExpense": 92200000,
    "depreciationAndAmortization": 294800000,
    "ebitda": 599100000,
    "ebitdaratio": 0.2953705073,
    "operatingIncome": 288800000,
    "operatingIncomeRatio": 0.1423852487,
    "totalOtherIncomeExpensesNet": -89700000,
    "incomeBeforeTax": 199100000,
    "incomeBeforeTaxRatio": 0.0981610215,
    "incomeTaxExpense": 72100000,
    "netIncome": 127000000,
    "netIncomeRatio": 0.0626140117,
    "eps": 0.35,
    "epsdiluted": 0.35,
    "weightedAverageShsOut": 363200000,
    "weightedAverageShsOutDil": 364300000,
    "link": "https://www.sec.gov/Archives/edgar/data/1060391/000106039113000011/0001060391-13-000011-index.htm",
    "finalLink": "https://www.sec.gov/Archives/edgar/data/1060391/000106039113000011/rsg2012x1231x10xk.htm"
  },
  {
    "date": "2012-09-30",
    "symbol": "RSG",
    "reportedCurrency": "USD",
    "cik": "0001060391",
    "fillingDate": "2012-11-02",
    "acceptedDate": "2012-11-01 20:04:00",
    "calendarYear": "2012",
    "period": "Q3",
    "revenue": 2046900000,
    "costOfRevenue": 1280500000,
    "grossProfit": 766400000,
    "grossProfitRatio": 0.3744198544,
    "researchAndDevelopmentExpenses": 0,
    "generalAndAdministrativeExpenses": 193800000,
    "sellingAndMarketingExpenses": 19700000,
    "sellingGeneralAndAdministrativeExpenses": 193800000,
    "otherExpenses": 254500000,
    "operatingExpenses": 448300000,
    "costAndExpenses": 1728800000,
    "interestIncome": 300000,
    "interestExpense": 93200000,
    "depreciationAndAmortization": 164100000,
    "ebitda": 527600000,
    "ebitdaratio": 0.2577556305,
    "operatingIncome": 317900000,
    "operatingIncomeRatio": 0.1553080268,
    "totalOtherIncomeExpensesNet": -94800000,
    "incomeBeforeTax": 223100000,
    "incomeBeforeTaxRatio": 0.1089940886,
    "incomeTaxExpense": 70300000,
    "netIncome": 152700000,
    "netIncomeRatio": 0.0746006156,
    "eps": 0.42,
    "epsdiluted": 0.42,
    "weightedAverageShsOut": 365400000,
    "weightedAverageShsOutDil": 366400000,
    "link": "https://www.sec.gov/Archives/edgar/data/1060391/000106039112000018/0001060391-12-000018-index.htm",
    "finalLink": "https://www.sec.gov/Archives/edgar/data/1060391/000106039112000018/rsg930201210-q.htm"
  },
  {
    "date": "2012-06-30",
    "symbol": "RSG",
    "reportedCurrency": "USD",
    "cik": "0001060391",
    "fillingDate": "2012-07-27",
    "acceptedDate": "2012-07-27 12:48:39",
    "calendarYear": "2012",
    "period": "Q2",
    "revenue": 2060600000,
    "costOfRevenue": 1241000000,
    "grossProfit": 819600000,
    "grossProfitRatio": 0.3977482287,
    "researchAndDevelopmentExpenses": 0,
    "generalAndAdministrativeExpenses": 198000000,
    "sellingAndMarketingExpenses": 0,
    "sellingGeneralAndAdministrativeExpenses": 198000000,
    "otherExpenses": 234600000,
    "operatingExpenses": 432600000,
    "costAndExpenses": 1673600000,
    "interestIncome": 200000,
    "interestExpense": 98800000,
    "depreciationAndAmortization": 254300000,
    "ebitda": 641500000,
    "ebitdaratio": 0.3113170921,
    "operatingIncome": 387000000,
    "operatingIncomeRatio": 0.1878093759,
    "totalOtherIncomeExpensesNet": -208400000,
    "incomeBeforeTax": 178600000,
    "incomeBeforeTaxRatio": 0.0866737843,
    "incomeTaxExpense": 29100000,
    "netIncome": 149200000,
    "netIncomeRatio": 0.0724060953,
    "eps": 0.41,
    "epsdiluted": 0.4,
    "weightedAverageShsOut": 367900000,
    "weightedAverageShsOutDil": 368900000,
    "link": "https://www.sec.gov/Archives/edgar/data/1060391/000106039112000010/0001060391-12-000010-index.htm",
    "finalLink": "https://www.sec.gov/Archives/edgar/data/1060391/000106039112000010/rsg630201210-q.htm"
  },
  {
    "date": "2012-03-31",
    "symbol": "RSG",
    "reportedCurrency": "USD",
    "cik": "0001060391",
    "fillingDate": "2012-04-27",
    "acceptedDate": "2012-04-27 13:49:11",
    "calendarYear": "2012",
    "period": "Q1",
    "revenue": 1982400000,
    "costOfRevenue": 1203200000,
    "grossProfit": 779200000,
    "grossProfitRatio": 0.3930589185,
    "researchAndDevelopmentExpenses": 0,
    "generalAndAdministrativeExpenses": 222500000,
    "sellingAndMarketingExpenses": 19700000,
    "sellingGeneralAndAdministrativeExpenses": 222500000,
    "otherExpenses": 229800000,
    "operatingExpenses": 452300000,
    "costAndExpenses": 1659100000,
    "interestIncome": 300000,
    "interestExpense": 104300000,
    "depreciationAndAmortization": 213700000,
    "ebitda": 548500000,
    "ebitdaratio": 0.2766848265,
    "operatingIncome": 326900000,
    "operatingIncomeRatio": 0.1649011299,
    "totalOtherIncomeExpensesNet": -103800000,
    "incomeBeforeTax": 223100000,
    "incomeBeforeTaxRatio": 0.1125403551,
    "incomeTaxExpense": 80300000,
    "netIncome": 142900000,
    "netIncomeRatio": 0.0720843422,
    "eps": 0.39,
    "epsdiluted": 0.38,
    "weightedAverageShsOut": 371000000,
    "weightedAverageShsOutDil": 372500000,
    "link": "https://www.sec.gov/Archives/edgar/data/1060391/000119312512190173/0001193125-12-190173-index.htm",
    "finalLink": "https://www.sec.gov/Archives/edgar/data/1060391/000119312512190173/d323401d10q.htm"
  },
  {
    "date": "2011-12-31",
    "symbol": "RSG",
    "reportedCurrency": "USD",
    "cik": "0001060391",
    "fillingDate": "2012-02-17",
    "acceptedDate": "2012-02-17 13:58:44",
    "calendarYear": "2011",
    "period": "Q4",
    "revenue": 2025200000,
    "costOfRevenue": 1207600000,
    "grossProfit": 817600000,
    "grossProfitRatio": 0.4037132135,
    "researchAndDevelopmentExpenses": 0,
    "generalAndAdministrativeExpenses": 213900000,
    "sellingAndMarketingExpenses": 0,
    "sellingGeneralAndAdministrativeExpenses": 213900000,
    "otherExpenses": 236900000,
    "operatingExpenses": 450800000,
    "costAndExpenses": 1655100000,
    "interestIncome": 0,
    "interestExpense": 104800000,
    "depreciationAndAmortization": 214200000,
    "ebitda": 584300000,
    "ebitdaratio": 0.2885147146,
    "operatingIncome": 366800000,
    "operatingIncomeRatio": 0.1811179143,
    "totalOtherIncomeExpensesNet": -107800000,
    "incomeBeforeTax": 259000000,
    "incomeBeforeTaxRatio": 0.1278886036,
    "incomeTaxExpense": 68000000,
    "netIncome": 191000000,
    "netIncomeRatio": 0.0943116729,
    "eps": 0.51,
    "epsdiluted": 0.51,
    "weightedAverageShsOut": 370300000,
    "weightedAverageShsOutDil": 371000000,
    "link": "https://www.sec.gov/Archives/edgar/data/1060391/000119312512067094/0001193125-12-067094-index.htm",
    "finalLink": "https://www.sec.gov/Archives/edgar/data/1060391/000119312512067094/d266251d10k.htm"
  },
  {
    "date": "2011-09-30",
    "symbol": "RSG",
    "reportedCurrency": "USD",
    "cik": "0001060391",
    "fillingDate": "2011-10-28",
    "acceptedDate": "2011-10-27 17:56:35",
    "calendarYear": "2011",
    "period": "Q3",
    "revenue": 2116200000,
    "costOfRevenue": 1260000000,
    "grossProfit": 856200000,
    "grossProfitRatio": 0.4045931386,
    "researchAndDevelopmentExpenses": 0,
    "generalAndAdministrativeExpenses": 207500000,
    "sellingAndMarketingExpenses": 19400000,
    "sellingGeneralAndAdministrativeExpenses": 207500000,
    "otherExpenses": 240200000,
    "operatingExpenses": 447700000,
    "costAndExpenses": 1707700000,
    "interestIncome": 0,
    "interestExpense": 108300000,
    "depreciationAndAmortization": 215000000,
    "ebitda": 619300000,
    "ebitdaratio": 0.2926471978,
    "operatingIncome": 408500000,
    "operatingIncomeRatio": 0.1930346848,
    "totalOtherIncomeExpensesNet": -112500000,
    "incomeBeforeTax": 296000000,
    "incomeBeforeTaxRatio": 0.1398733579,
    "incomeTaxExpense": 102400000,
    "netIncome": 193500000,
    "netIncomeRatio": 0.0914374823,
    "eps": 0.52,
    "epsdiluted": 0.52,
    "weightedAverageShsOut": 373200000,
    "weightedAverageShsOutDil": 374700000,
    "link": "https://www.sec.gov/Archives/edgar/data/1060391/000119312511284442/0001193125-11-284442-index.htm",
    "finalLink": "https://www.sec.gov/Archives/edgar/data/1060391/000119312511284442/d246002d10q.htm"
  },
  {
    "date": "2011-06-30",
    "symbol": "RSG",
    "reportedCurrency": "USD",
    "cik": "0001060391",
    "fillingDate": "2011-07-29",
    "acceptedDate": "2011-07-28 17:58:27",
    "calendarYear": "2011",
    "period": "Q2",
    "revenue": 2086600000,
    "costOfRevenue": 1237800000,
    "grossProfit": 848800000,
    "grossProfitRatio": 0.4067861593,
    "researchAndDevelopmentExpenses": 0,
    "generalAndAdministrativeExpenses": 200100000,
    "sellingAndMarketingExpenses": 19500000,
    "sellingGeneralAndAdministrativeExpenses": 200100000,
    "otherExpenses": 247500000,
    "operatingExpenses": 447600000,
    "costAndExpenses": 1666000000,
    "interestIncome": 100000,
    "interestExpense": 111400000,
    "depreciationAndAmortization": 208600000,
    "ebitda": 411300000,
    "ebitdaratio": 0.1971149238,
    "operatingIncome": 401200000,
    "operatingIncomeRatio": 0.1922745136,
    "totalOtherIncomeExpensesNet": -309900000,
    "incomeBeforeTax": 91300000,
    "incomeBeforeTaxRatio": 0.0437553915,
    "incomeTaxExpense": 45100000,
    "netIncome": 46500000,
    "netIncomeRatio": 0.022285057,
    "eps": 0.12,
    "epsdiluted": 0.12,
    "weightedAverageShsOut": 378200000,
    "weightedAverageShsOutDil": 380200000,
    "link": "https://www.sec.gov/Archives/edgar/data/1060391/000095012311069769/0000950123-11-069769-index.htm",
    "finalLink": "https://www.sec.gov/Archives/edgar/data/1060391/000095012311069769/p18900e10vq.htm"
  },
  {
    "date": "2011-03-31",
    "symbol": "RSG",
    "reportedCurrency": "USD",
    "cik": "0001060391",
    "fillingDate": "2011-04-29",
    "acceptedDate": "2011-04-28 18:10:41",
    "calendarYear": "2011",
    "period": "Q1",
    "revenue": 1964900000,
    "costOfRevenue": 1159700000,
    "grossProfit": 805200000,
    "grossProfitRatio": 0.4097918469,
    "researchAndDevelopmentExpenses": 0,
    "generalAndAdministrativeExpenses": 203900000,
    "sellingAndMarketingExpenses": 19700000,
    "sellingGeneralAndAdministrativeExpenses": 203900000,
    "otherExpenses": 225100000,
    "operatingExpenses": 429000000,
    "costAndExpenses": 1588700000,
    "interestIncome": 200000,
    "interestExpense": 115700000,
    "depreciationAndAmortization": 205800000,
    "ebitda": 582200000,
    "ebitdaratio": 0.2963000662,
    "operatingIncome": 376200000,
    "operatingIncomeRatio": 0.1914601252,
    "totalOtherIncomeExpensesNet": -116200000,
    "incomeBeforeTax": 260000000,
    "incomeBeforeTaxRatio": 0.1323222556,
    "incomeTaxExpense": 101900000,
    "netIncome": 158200000,
    "netIncomeRatio": 0.0805130032,
    "eps": 0.41,
    "epsdiluted": 0.41,
    "weightedAverageShsOut": 382200000,
    "weightedAverageShsOutDil": 384000000,
    "link": "https://www.sec.gov/Archives/edgar/data/1060391/000095012311041132/0000950123-11-041132-index.htm",
    "finalLink": "https://www.sec.gov/Archives/edgar/data/1060391/000095012311041132/p18745e10vq.htm"
  },
  {
    "date": "2010-12-31",
    "symbol": "RSG",
    "reportedCurrency": "USD",
    "cik": "0001060391",
    "fillingDate": "2011-02-18",
    "acceptedDate": "2011-02-18 16:11:53",
    "calendarYear": "2010",
    "period": "Q4",
    "revenue": 2020800000,
    "costOfRevenue": 1184800000,
    "grossProfit": 836000000,
    "grossProfitRatio": 0.4136975455,
    "researchAndDevelopmentExpenses": 0,
    "generalAndAdministrativeExpenses": 167000000,
    "sellingAndMarketingExpenses": 0,
    "sellingGeneralAndAdministrativeExpenses": 167000000,
    "otherExpenses": 279600000,
    "operatingExpenses": 446600000,
    "costAndExpenses": 1637600000,
    "interestIncome": 200000,
    "interestExpense": 120400000,
    "depreciationAndAmortization": 205300000,
    "ebitda": 586500000,
    "ebitdaratio": 0.2902315914,
    "operatingIncome": 389400000,
    "operatingIncomeRatio": 0.192695962,
    "totalOtherIncomeExpensesNet": -128600000,
    "incomeBeforeTax": 260800000,
    "incomeBeforeTaxRatio": 0.1290577989,
    "incomeTaxExpense": 112900000,
    "netIncome": 147600000,
    "netIncomeRatio": 0.07304038,
    "eps": 0.39,
    "epsdiluted": 0.39,
    "weightedAverageShsOut": 382200000,
    "weightedAverageShsOutDil": 382200000,
    "link": "https://www.sec.gov/Archives/edgar/data/1060391/000095012311015710/0000950123-11-015710-index.htm",
    "finalLink": "https://www.sec.gov/Archives/edgar/data/1060391/000095012311015710/p18372e10vk.htm"
  },
  {
    "date": "2010-09-30",
    "symbol": "RSG",
    "reportedCurrency": "USD",
    "cik": "0001060391",
    "fillingDate": "2010-11-05",
    "acceptedDate": "2010-11-04 19:47:53",
    "calendarYear": "2010",
    "period": "Q3",
    "revenue": 2061700000,
    "costOfRevenue": 1224900000,
    "grossProfit": 836800000,
    "grossProfitRatio": 0.4058786438,
    "researchAndDevelopmentExpenses": 0,
    "generalAndAdministrativeExpenses": 229500000,
    "sellingAndMarketingExpenses": 0,
    "sellingGeneralAndAdministrativeExpenses": 229500000,
    "otherExpenses": 239700000,
    "operatingExpenses": 469200000,
    "costAndExpenses": 1666000000,
    "interestIncome": 400000,
    "interestExpense": 122000000,
    "depreciationAndAmortization": 211600000,
    "ebitda": 563300000,
    "ebitdaratio": 0.2732211282,
    "operatingIncome": 367600000,
    "operatingIncomeRatio": 0.1782994616,
    "totalOtherIncomeExpensesNet": -137900000,
    "incomeBeforeTax": 229700000,
    "incomeBeforeTaxRatio": 0.1114129117,
    "incomeTaxExpense": 95200000,
    "netIncome": 134200000,
    "netIncomeRatio": 0.0650919144,
    "eps": 0.35,
    "epsdiluted": 0.35,
    "weightedAverageShsOut": 384000000,
    "weightedAverageShsOutDil": 386100000,
    "link": "https://www.sec.gov/Archives/edgar/data/1060391/000095012310101145/0000950123-10-101145-index.htm",
    "finalLink": "https://www.sec.gov/Archives/edgar/data/1060391/000095012310101145/p18154e10vq.htm"
  },
  {
    "date": "2010-06-30",
    "symbol": "RSG",
    "reportedCurrency": "USD",
    "cik": "0001060391",
    "fillingDate": "2010-07-30",
    "acceptedDate": "2010-07-29 18:04:23",
    "calendarYear": "2010",
    "period": "Q2",
    "revenue": 2066400000,
    "costOfRevenue": 1218300000,
    "grossProfit": 848100000,
    "grossProfitRatio": 0.4104239257,
    "researchAndDevelopmentExpenses": 0,
    "generalAndAdministrativeExpenses": 210800000,
    "sellingAndMarketingExpenses": 20200000,
    "sellingGeneralAndAdministrativeExpenses": 231000000,
    "otherExpenses": 216300000,
    "operatingExpenses": 447300000,
    "costAndExpenses": 1663100000,
    "interestIncome": 100000,
    "interestExpense": 130500000,
    "depreciationAndAmortization": 213800000,
    "ebitda": 614600000,
    "ebitdaratio": 0.2974254743,
    "operatingIncome": 400800000,
    "operatingIncomeRatio": 0.193960511,
    "totalOtherIncomeExpensesNet": -130500000,
    "incomeBeforeTax": 270300000,
    "incomeBeforeTaxRatio": 0.1308072009,
    "incomeTaxExpense": 110400000,
    "netIncome": 159700000,
    "netIncomeRatio": 0.0772841657,
    "eps": 0.42,
    "epsdiluted": 0.42,
    "weightedAverageShsOut": 382500000,
    "weightedAverageShsOutDil": 384700000,
    "link": "https://www.sec.gov/Archives/edgar/data/1060391/000095012310069945/0000950123-10-069945-index.htm",
    "finalLink": "https://www.sec.gov/Archives/edgar/data/1060391/000095012310069945/p17927e10vq.htm"
  },
  {
    "date": "2010-03-31",
    "symbol": "RSG",
    "reportedCurrency": "USD",
    "cik": "0001060391",
    "fillingDate": "2010-04-30",
    "acceptedDate": "2010-04-29 20:51:48",
    "calendarYear": "2010",
    "period": "Q1",
    "revenue": 1957700000,
    "costOfRevenue": 1136800000,
    "grossProfit": 820900000,
    "grossProfitRatio": 0.4193185881,
    "researchAndDevelopmentExpenses": 0,
    "generalAndAdministrativeExpenses": 230500000,
    "sellingAndMarketingExpenses": 0,
    "sellingGeneralAndAdministrativeExpenses": 230500000,
    "otherExpenses": 209100000,
    "operatingExpenses": 439600000,
    "costAndExpenses": 1570300000,
    "interestIncome": 0,
    "interestExpense": 134500000,
    "depreciationAndAmortization": 203000000,
    "ebitda": 453700000,
    "ebitdaratio": 0.2317515452,
    "operatingIncome": 381300000,
    "operatingIncomeRatio": 0.1947693722,
    "totalOtherIncomeExpensesNet": -265100000,
    "incomeBeforeTax": 116200000,
    "incomeBeforeTaxRatio": 0.059355366,
    "incomeTaxExpense": 51000000,
    "netIncome": 65000000,
    "netIncomeRatio": 0.0332022271,
    "eps": 0.17,
    "epsdiluted": 0.17,
    "weightedAverageShsOut": 381400000,
    "weightedAverageShsOutDil": 383300000,
    "link": "https://www.sec.gov/Archives/edgar/data/1060391/000095012310040931/0000950123-10-040931-index.htm",
    "finalLink": "https://www.sec.gov/Archives/edgar/data/1060391/000095012310040931/p17474e10vq.htm"
  },
  {
    "date": "2009-12-31",
    "symbol": "RSG",
    "reportedCurrency": "USD",
    "cik": "0001060391",
    "fillingDate": "2010-02-24",
    "acceptedDate": "2010-02-24 16:17:26",
    "calendarYear": "2009",
    "period": "Q4",
    "revenue": 1999000000,
    "costOfRevenue": 1201100000,
    "grossProfit": 797900000,
    "grossProfitRatio": 0.3991495748,
    "researchAndDevelopmentExpenses": 0,
    "generalAndAdministrativeExpenses": 243100000,
    "sellingAndMarketingExpenses": 0,
    "sellingGeneralAndAdministrativeExpenses": 243100000,
    "otherExpenses": 225600000,
    "operatingExpenses": 468700000,
    "costAndExpenses": 1655200000,
    "interestIncome": 300000,
    "interestExpense": 147100000,
    "depreciationAndAmortization": 211000000,
    "ebitda": 555100000,
    "ebitdaratio": 0.2776888444,
    "operatingIncome": 329200000,
    "operatingIncomeRatio": 0.1646823412,
    "totalOtherIncomeExpensesNet": -248700000,
    "incomeBeforeTax": 80500000,
    "incomeBeforeTaxRatio": 0.0402701351,
    "incomeTaxExpense": 44600000,
    "netIncome": 35600000,
    "netIncomeRatio": 0.0178089045,
    "eps": 0.0933,
    "epsdiluted": 0.0933,
    "weightedAverageShsOut": 380900000,
    "weightedAverageShsOutDil": 381400000,
    "link": "https://www.sec.gov/Archives/edgar/data/1060391/000095012310016361/0000950123-10-016361-index.htm",
    "finalLink": "https://www.sec.gov/Archives/edgar/data/1060391/000095012310016361/p16448e10vk.htm"
  },
  {
    "date": "2009-09-30",
    "symbol": "RSG",
    "reportedCurrency": "USD",
    "cik": "0001060391",
    "fillingDate": "2009-11-04",
    "acceptedDate": "2009-11-03 19:59:02",
    "calendarYear": "2009",
    "period": "Q3",
    "revenue": 2073500000,
    "costOfRevenue": 1207500000,
    "grossProfit": 866000000,
    "grossProfitRatio": 0.4176513142,
    "researchAndDevelopmentExpenses": 0,
    "generalAndAdministrativeExpenses": 247600000,
    "sellingAndMarketingExpenses": -22200000,
    "sellingGeneralAndAdministrativeExpenses": 225400000,
    "otherExpenses": 253700000,
    "operatingExpenses": 479100000,
    "costAndExpenses": 1674300000,
    "interestIncome": 500000,
    "interestExpense": 144800000,
    "depreciationAndAmortization": 218200000,
    "ebitda": 575200000,
    "ebitdaratio": 0.2774053533,
    "operatingIncome": 386900000,
    "operatingIncomeRatio": 0.1865927176,
    "totalOtherIncomeExpensesNet": -174800000,
    "incomeBeforeTax": 212100000,
    "incomeBeforeTaxRatio": 0.1022908126,
    "incomeTaxExpense": 91100000,
    "netIncome": 120500000,
    "netIncomeRatio": 0.0581142995,
    "eps": 0.32,
    "epsdiluted": 0.32,
    "weightedAverageShsOut": 379700000,
    "weightedAverageShsOutDil": 381100000,
    "link": "https://www.sec.gov/Archives/edgar/data/1060391/000095012309057068/0000950123-09-057068-index.htm",
    "finalLink": "https://www.sec.gov/Archives/edgar/data/1060391/000095012309057068/p15818e10vq.htm"
  },
  {
    "date": "2009-06-30",
    "symbol": "RSG",
    "reportedCurrency": "USD",
    "cik": "0001060391",
    "fillingDate": "2009-08-07",
    "acceptedDate": "2009-08-07 06:32:30",
    "calendarYear": "2009",
    "period": "Q2",
    "revenue": 2066100000,
    "costOfRevenue": 1226900000,
    "grossProfit": 839200000,
    "grossProfitRatio": 0.4061758869,
    "researchAndDevelopmentExpenses": 0,
    "generalAndAdministrativeExpenses": 237700000,
    "sellingAndMarketingExpenses": 0,
    "sellingGeneralAndAdministrativeExpenses": 237700000,
    "otherExpenses": 80800000,
    "operatingExpenses": 318500000,
    "costAndExpenses": 1533100000,
    "interestIncome": 500000,
    "interestExpense": 150500000,
    "depreciationAndAmortization": 218700000,
    "ebitda": 741200000,
    "ebitdaratio": 0.3587435265,
    "operatingIncome": 520700000,
    "operatingIncomeRatio": 0.2520207154,
    "totalOtherIncomeExpensesNet": -148700000,
    "incomeBeforeTax": 372000000,
    "incomeBeforeTaxRatio": 0.1800493684,
    "incomeTaxExpense": 145800000,
    "netIncome": 225900000,
    "netIncomeRatio": 0.109336431,
    "eps": 0.6,
    "epsdiluted": 0.59,
    "weightedAverageShsOut": 379169000,
    "weightedAverageShsOutDil": 379932000,
    "link": "https://www.sec.gov/Archives/edgar/data/1060391/000095012309031596/0000950123-09-031596-index.htm",
    "finalLink": "https://www.sec.gov/Archives/edgar/data/1060391/000095012309031596/p15328e10vq.htm"
  },
  {
    "date": "2009-03-31",
    "symbol": "RSG",
    "reportedCurrency": "USD",
    "cik": "0001060391",
    "fillingDate": "2009-05-11",
    "acceptedDate": "2009-05-11 16:37:15",
    "calendarYear": "2009",
    "period": "Q1",
    "revenue": 2060500000,
    "costOfRevenue": 1208700000,
    "grossProfit": 851800000,
    "grossProfitRatio": 0.4133948071,
    "researchAndDevelopmentExpenses": 0,
    "generalAndAdministrativeExpenses": 240800000,
    "sellingAndMarketingExpenses": 0,
    "sellingGeneralAndAdministrativeExpenses": 240800000,
    "otherExpenses": 258000000,
    "operatingExpenses": 498800000,
    "costAndExpenses": 1671300000,
    "interestIncome": 700000,
    "interestExpense": 153500000,
    "depreciationAndAmortization": 221800000,
    "ebitda": 575700000,
    "ebitdaratio": 0.2793982043,
    "operatingIncome": 353000000,
    "operatingIncomeRatio": 0.1713176413,
    "totalOtherIncomeExpensesNet": -152600000,
    "incomeBeforeTax": 200400000,
    "incomeBeforeTaxRatio": 0.0972579471,
    "incomeTaxExpense": 87000000,
    "netIncome": 113000000,
    "netIncomeRatio": 0.054841058,
    "eps": 0.3,
    "epsdiluted": 0.3,
    "weightedAverageShsOut": 378900000,
    "weightedAverageShsOutDil": 379900000,
    "link": "https://www.sec.gov/Archives/edgar/data/1060391/000095015309000364/0000950153-09-000364-index.htm",
    "finalLink": "https://www.sec.gov/Archives/edgar/data/1060391/000095015309000364/p14872e10vq.htm"
  },
  {
    "date": "2008-12-31",
    "symbol": "RSG",
    "reportedCurrency": "USD",
    "cik": "0001060391",
    "fillingDate": "2009-03-02",
    "acceptedDate": "2009-03-02 16:01:39",
    "calendarYear": "2008",
    "period": "Q4",
    "revenue": 1244400000,
    "costOfRevenue": 863200000,
    "grossProfit": 381200000,
    "grossProfitRatio": 0.306332369,
    "researchAndDevelopmentExpenses": 0,
    "generalAndAdministrativeExpenses": 182700000,
    "sellingAndMarketingExpenses": 0,
    "sellingGeneralAndAdministrativeExpenses": 182700000,
    "otherExpenses": 310100000,
    "operatingExpenses": 492800000,
    "costAndExpenses": 1273300000,
    "interestIncome": 0,
    "interestExpense": 0,
    "depreciationAndAmortization": 127200000,
    "ebitda": 98300000,
    "ebitdaratio": 0.0789938926,
    "operatingIncome": -111600000,
    "operatingIncomeRatio": -0.0896817743,
    "totalOtherIncomeExpensesNet": -66000000,
    "incomeBeforeTax": -177600000,
    "incomeBeforeTaxRatio": -0.1427193828,
    "incomeTaxExpense": -46000000,
    "netIncome": -131700000,
    "netIncomeRatio": -0.1058341369,
    "eps": -0.35,
    "epsdiluted": -0.35,
    "weightedAverageShsOut": 378900000,
    "weightedAverageShsOutDil": 378900000,
    "link": "https://www.sec.gov/Archives/edgar/data/1060391/000095015309000172/0000950153-09-000172-index.htm",
    "finalLink": "https://www.sec.gov/Archives/edgar/data/1060391/000095015309000172/p14076e10vk.htm"
  },
  {
    "date": "2008-09-30",
    "symbol": "RSG",
    "reportedCurrency": "USD",
    "cik": "0001060391",
    "fillingDate": "2008-11-10",
    "acceptedDate": "2008-11-07 18:11:00",
    "calendarYear": "2008",
    "period": "Q3",
    "revenue": 834000000,
    "costOfRevenue": 499500000,
    "grossProfit": 334500000,
    "grossProfitRatio": 0.4010791367,
    "researchAndDevelopmentExpenses": 0,
    "generalAndAdministrativeExpenses": 85600000,
    "sellingAndMarketingExpenses": 0,
    "sellingGeneralAndAdministrativeExpenses": 85600000,
    "otherExpenses": 81900000,
    "operatingExpenses": 167500000,
    "costAndExpenses": 667000000,
    "interestIncome": 2600000,
    "interestExpense": 22600000,
    "depreciationAndAmortization": 77300000,
    "ebitda": 245300000,
    "ebitdaratio": 0.2941247002,
    "operatingIncome": 167000000,
    "operatingIncomeRatio": 0.2002398082,
    "totalOtherIncomeExpensesNet": -21600000,
    "incomeBeforeTax": 145400000,
    "incomeBeforeTaxRatio": 0.1743405276,
    "incomeTaxExpense": 56700000,
    "netIncome": 88700000,
    "netIncomeRatio": 0.1063549161,
    "eps": 0.49,
    "epsdiluted": 0.48,
    "weightedAverageShsOut": 182300000,
    "weightedAverageShsOutDil": 184100000,
    "link": "https://www.sec.gov/Archives/edgar/data/1060391/000095014408008313/0000950144-08-008313-index.htm",
    "finalLink": "https://www.sec.gov/Archives/edgar/data/1060391/000095014408008313/g16484e10vq.htm"
  },
  {
    "date": "2008-06-30",
    "symbol": "RSG",
    "reportedCurrency": "USD",
    "cik": "0001060391",
    "fillingDate": "2008-08-08",
    "acceptedDate": "2008-08-08 16:11:15",
    "calendarYear": "2008",
    "period": "Q2",
    "revenue": 827500000,
    "costOfRevenue": 577500000,
    "grossProfit": 250000000,
    "grossProfitRatio": 0.3021148036,
    "researchAndDevelopmentExpenses": 0,
    "generalAndAdministrativeExpenses": 83700000,
    "sellingAndMarketingExpenses": 0,
    "sellingGeneralAndAdministrativeExpenses": 83700000,
    "otherExpenses": 80700000,
    "operatingExpenses": 164400000,
    "costAndExpenses": 741900000,
    "interestIncome": 2500000,
    "interestExpense": 21100000,
    "depreciationAndAmortization": 76200000,
    "ebitda": 165000000,
    "ebitdaratio": 0.1993957704,
    "operatingIncome": 85600000,
    "operatingIncomeRatio": 0.1034441088,
    "totalOtherIncomeExpensesNet": -17900000,
    "incomeBeforeTax": 67700000,
    "incomeBeforeTaxRatio": 0.0818126888,
    "incomeTaxExpense": 27000000,
    "netIncome": 40700000,
    "netIncomeRatio": 0.04918429,
    "eps": 0.22,
    "epsdiluted": 0.22,
    "weightedAverageShsOut": 182000000,
    "weightedAverageShsOutDil": 183900000,
    "link": "https://www.sec.gov/Archives/edgar/data/1060391/000095014408006250/0000950144-08-006250-index.htm",
    "finalLink": "https://www.sec.gov/Archives/edgar/data/1060391/000095014408006250/g14646e10vq.htm"
  },
  {
    "date": "2008-03-31",
    "symbol": "RSG",
    "reportedCurrency": "USD",
    "cik": "0001060391",
    "fillingDate": "2008-05-05",
    "acceptedDate": "2008-05-05 16:25:38",
    "calendarYear": "2008",
    "period": "Q1",
    "revenue": 779200000,
    "costOfRevenue": 476500000,
    "grossProfit": 302700000,
    "grossProfitRatio": 0.3884753593,
    "researchAndDevelopmentExpenses": 0,
    "generalAndAdministrativeExpenses": 82700000,
    "sellingAndMarketingExpenses": 0,
    "sellingGeneralAndAdministrativeExpenses": 82700000,
    "otherExpenses": 77800000,
    "operatingExpenses": 160500000,
    "costAndExpenses": 637000000,
    "interestIncome": 2800000,
    "interestExpense": 21400000,
    "depreciationAndAmortization": 73400000,
    "ebitda": 218600000,
    "ebitdaratio": 0.2805441478,
    "operatingIncome": 142200000,
    "operatingIncomeRatio": 0.1824948665,
    "totalOtherIncomeExpensesNet": -18400000,
    "incomeBeforeTax": 123800000,
    "incomeBeforeTaxRatio": 0.1588809035,
    "incomeTaxExpense": 47700000,
    "netIncome": 76100000,
    "netIncomeRatio": 0.097664271,
    "eps": 0.41,
    "epsdiluted": 0.41,
    "weightedAverageShsOut": 183400000,
    "weightedAverageShsOutDil": 185100000,
    "link": "https://www.sec.gov/Archives/edgar/data/1060391/000095014408003584/0000950144-08-003584-index.htm",
    "finalLink": "https://www.sec.gov/Archives/edgar/data/1060391/000095014408003584/g13207e10vq.htm"
  },
  {
    "date": "2007-12-31",
    "symbol": "RSG",
    "reportedCurrency": "USD",
    "cik": "0001060391",
    "fillingDate": "2008-02-21",
    "acceptedDate": "2008-02-21 17:23:22",
    "calendarYear": "2007",
    "period": "Q4",
    "revenue": 796000000,
    "costOfRevenue": 495500000,
    "grossProfit": 300500000,
    "grossProfitRatio": 0.3775125628,
    "researchAndDevelopmentExpenses": 0,
    "generalAndAdministrativeExpenses": 84500000,
    "sellingAndMarketingExpenses": 0,
    "sellingGeneralAndAdministrativeExpenses": 84500000,
    "otherExpenses": 76100000,
    "operatingExpenses": 160600000,
    "costAndExpenses": 656100000,
    "interestIncome": 0,
    "interestExpense": 0,
    "depreciationAndAmortization": 71600000,
    "ebitda": 211500000,
    "ebitdaratio": 0.2657035176,
    "operatingIncome": 139900000,
    "operatingIncomeRatio": 0.1757537688,
    "totalOtherIncomeExpensesNet": -8900000,
    "incomeBeforeTax": 131000000,
    "incomeBeforeTaxRatio": 0.1645728643,
    "incomeTaxExpense": 48900000,
    "netIncome": 82100000,
    "netIncomeRatio": 0.1031407035,
    "eps": 0.45,
    "epsdiluted": 0.45,
    "weightedAverageShsOut": 183400000,
    "weightedAverageShsOutDil": 183400000,
    "link": "https://www.sec.gov/Archives/edgar/data/1060391/000095014408001276/0000950144-08-001276-index.htm",
    "finalLink": "https://www.sec.gov/Archives/edgar/data/1060391/000095014408001276/g11818e10vk.htm"
  },
  {
    "date": "2007-09-30",
    "symbol": "RSG",
    "reportedCurrency": "USD",
    "cik": "0001060391",
    "fillingDate": "2007-11-07",
    "acceptedDate": "2007-11-07 17:21:55",
    "calendarYear": "2007",
    "period": "Q3",
    "revenue": 806200000,
    "costOfRevenue": 518800000,
    "grossProfit": 287400000,
    "grossProfitRatio": 0.356487224,
    "researchAndDevelopmentExpenses": 0,
    "generalAndAdministrativeExpenses": 76800000,
    "sellingAndMarketingExpenses": 0,
    "sellingGeneralAndAdministrativeExpenses": 76800000,
    "otherExpenses": 82300000,
    "operatingExpenses": 159100000,
    "costAndExpenses": 677900000,
    "interestIncome": 0,
    "interestExpense": 0,
    "depreciationAndAmortization": 78000000,
    "ebitda": 206300000,
    "ebitdaratio": 0.2558918383,
    "operatingIncome": 128300000,
    "operatingIncomeRatio": 0.1591416522,
    "totalOtherIncomeExpensesNet": -19300000,
    "incomeBeforeTax": 109000000,
    "incomeBeforeTaxRatio": 0.1352021831,
    "incomeTaxExpense": 42000000,
    "netIncome": 67000000,
    "netIncomeRatio": 0.083105929,
    "eps": 0.36,
    "epsdiluted": 0.35,
    "weightedAverageShsOut": 187800000,
    "weightedAverageShsOutDil": 189700000,
    "link": "https://www.sec.gov/Archives/edgar/data/1060391/000095014407010049/0000950144-07-010049-index.htm",
    "finalLink": "https://www.sec.gov/Archives/edgar/data/1060391/000095014407010049/g10406e10vq.htm"
  },
  {
    "date": "2007-06-30",
    "symbol": "RSG",
    "reportedCurrency": "USD",
    "cik": "0001060391",
    "fillingDate": "2007-08-03",
    "acceptedDate": "2007-08-03 16:37:24",
    "calendarYear": "2007",
    "period": "Q2",
    "revenue": 808400000,
    "costOfRevenue": 496300000,
    "grossProfit": 312100000,
    "grossProfitRatio": 0.3860712519,
    "researchAndDevelopmentExpenses": 0,
    "generalAndAdministrativeExpenses": 77900000,
    "sellingAndMarketingExpenses": 0,
    "sellingGeneralAndAdministrativeExpenses": 77900000,
    "otherExpenses": 81100000,
    "operatingExpenses": 159000000,
    "costAndExpenses": 655300000,
    "interestIncome": 0,
    "interestExpense": 0,
    "depreciationAndAmortization": 76900000,
    "ebitda": 230000000,
    "ebitdaratio": 0.2845126175,
    "operatingIncome": 153100000,
    "operatingIncomeRatio": 0.1893864424,
    "totalOtherIncomeExpensesNet": -19400000,
    "incomeBeforeTax": 133700000,
    "incomeBeforeTaxRatio": 0.1653884216,
    "incomeTaxExpense": 46500000,
    "netIncome": 87200000,
    "netIncomeRatio": 0.1078673924,
    "eps": 0.45,
    "epsdiluted": 0.45,
    "weightedAverageShsOut": 192700000,
    "weightedAverageShsOutDil": 194600000,
    "link": "https://www.sec.gov/Archives/edgar/data/1060391/000095014407007203/0000950144-07-007203-index.htm",
    "finalLink": "https://www.sec.gov/Archives/edgar/data/1060391/000095014407007203/g08737e10vq.htm"
  },
  {
    "date": "2007-03-31",
    "symbol": "RSG",
    "reportedCurrency": "USD",
    "cik": "0001060391",
    "fillingDate": "2007-05-07",
    "acceptedDate": "2007-05-07 17:02:05",
    "calendarYear": "2007",
    "period": "Q1",
    "revenue": 765600000,
    "costOfRevenue": 486700000,
    "grossProfit": 278900000,
    "grossProfitRatio": 0.3642894462,
    "researchAndDevelopmentExpenses": 0,
    "generalAndAdministrativeExpenses": 81100000,
    "sellingAndMarketingExpenses": 0,
    "sellingGeneralAndAdministrativeExpenses": 81100000,
    "otherExpenses": 83100000,
    "operatingExpenses": 164200000,
    "costAndExpenses": 650900000,
    "interestIncome": 0,
    "interestExpense": 0,
    "depreciationAndAmortization": 79000000,
    "ebitda": 193700000,
    "ebitdaratio": 0.2530041797,
    "operatingIncome": 114700000,
    "operatingIncomeRatio": 0.1498171369,
    "totalOtherIncomeExpensesNet": -20300000,
    "incomeBeforeTax": 94400000,
    "incomeBeforeTaxRatio": 0.1233019854,
    "incomeTaxExpense": 40500000,
    "netIncome": 53900000,
    "netIncomeRatio": 0.0704022989,
    "eps": 0.28,
    "epsdiluted": 0.28,
    "weightedAverageShsOut": 193700000,
    "weightedAverageShsOutDil": 195600000,
    "link": "https://www.sec.gov/Archives/edgar/data/1060391/000095014407004309/0000950144-07-004309-index.htm",
    "finalLink": "https://www.sec.gov/Archives/edgar/data/1060391/000095014407004309/g07071e10vq.htm"
  },
  {
    "date": "2006-12-31",
    "symbol": "RSG",
    "reportedCurrency": "USD",
    "cik": "0001060391",
    "fillingDate": "2007-02-23",
    "acceptedDate": "2007-02-23 16:21:18",
    "calendarYear": "2006",
    "period": "Q4",
    "revenue": 766200000,
    "costOfRevenue": 482300000,
    "grossProfit": 283900000,
    "grossProfitRatio": 0.3705298878,
    "researchAndDevelopmentExpenses": 0,
    "generalAndAdministrativeExpenses": 78500000,
    "sellingAndMarketingExpenses": 0,
    "sellingGeneralAndAdministrativeExpenses": 78500000,
    "otherExpenses": 75700000,
    "operatingExpenses": 154200000,
    "costAndExpenses": 636500000,
    "interestIncome": 0,
    "interestExpense": 0,
    "depreciationAndAmortization": 71600000,
    "ebitda": 201300000,
    "ebitdaratio": 0.262725137,
    "operatingIncome": 129700000,
    "operatingIncomeRatio": 0.1692769512,
    "totalOtherIncomeExpensesNet": -20800000,
    "incomeBeforeTax": 108900000,
    "incomeBeforeTaxRatio": 0.1421299922,
    "incomeTaxExpense": 42000000,
    "netIncome": 66900000,
    "netIncomeRatio": 0.0873140172,
    "eps": 0.35,
    "epsdiluted": 0.35,
    "weightedAverageShsOut": 186650000,
    "weightedAverageShsOutDil": 193700000,
    "link": "https://www.sec.gov/Archives/edgar/data/1060391/000095014407001564/0000950144-07-001564-index.htm",
    "finalLink": "https://www.sec.gov/Archives/edgar/data/1060391/000095014407001564/g05604e10vk.htm"
  },
  {
    "date": "2006-09-30",
    "symbol": "RSG",
    "reportedCurrency": "USD",
    "cik": "0001060391",
    "fillingDate": "2006-11-08",
    "acceptedDate": "2006-11-07 18:15:16",
    "calendarYear": "2006",
    "period": "Q3",
    "revenue": 787100000,
    "costOfRevenue": 493200000,
    "grossProfit": 293900000,
    "grossProfitRatio": 0.3733960107,
    "researchAndDevelopmentExpenses": 0,
    "generalAndAdministrativeExpenses": 79600000,
    "sellingAndMarketingExpenses": 0,
    "sellingGeneralAndAdministrativeExpenses": 79600000,
    "otherExpenses": 80900000,
    "operatingExpenses": 160500000,
    "costAndExpenses": 653700000,
    "interestIncome": 0,
    "interestExpense": 0,
    "depreciationAndAmortization": 76900000,
    "ebitda": 210300000,
    "ebitdaratio": 0.2671833312,
    "operatingIncome": 133400000,
    "operatingIncomeRatio": 0.169482912,
    "totalOtherIncomeExpensesNet": -17000000,
    "incomeBeforeTax": 116400000,
    "incomeBeforeTaxRatio": 0.1478846398,
    "incomeTaxExpense": 39100000,
    "netIncome": 77300000,
    "netIncomeRatio": 0.0982086139,
    "eps": 0.39,
    "epsdiluted": 0.39,
    "weightedAverageShsOut": 197550000,
    "weightedAverageShsOutDil": 199650000,
    "link": "https://www.sec.gov/Archives/edgar/data/1060391/000095014406010421/0000950144-06-010421-index.htm",
    "finalLink": "https://www.sec.gov/Archives/edgar/data/1060391/000095014406010421/g04171e10vq.htm"
  },
  {
    "date": "2006-06-30",
    "symbol": "RSG",
    "reportedCurrency": "USD",
    "cik": "0001060391",
    "fillingDate": "2006-08-04",
    "acceptedDate": "2006-08-04 16:32:36",
    "calendarYear": "2006",
    "period": "Q2",
    "revenue": 779800000,
    "costOfRevenue": 492500000,
    "grossProfit": 287300000,
    "grossProfitRatio": 0.368427802,
    "researchAndDevelopmentExpenses": 0,
    "generalAndAdministrativeExpenses": 75100000,
    "sellingAndMarketingExpenses": 0,
    "sellingGeneralAndAdministrativeExpenses": 75100000,
    "otherExpenses": 78200000,
    "operatingExpenses": 153300000,
    "costAndExpenses": 645800000,
    "interestIncome": 0,
    "interestExpense": 0,
    "depreciationAndAmortization": 74400000,
    "ebitda": 208400000,
    "ebitdaratio": 0.2672480123,
    "operatingIncome": 134000000,
    "operatingIncomeRatio": 0.1718389331,
    "totalOtherIncomeExpensesNet": -19800000,
    "incomeBeforeTax": 114200000,
    "incomeBeforeTaxRatio": 0.1464478071,
    "incomeTaxExpense": 43400000,
    "netIncome": 70800000,
    "netIncomeRatio": 0.0907925109,
    "eps": 0.35,
    "epsdiluted": 0.35,
    "weightedAverageShsOut": 202500000,
    "weightedAverageShsOutDil": 205050000,
    "link": "https://www.sec.gov/Archives/edgar/data/1060391/000095014406007373/0000950144-06-007373-index.htm",
    "finalLink": "https://www.sec.gov/Archives/edgar/data/1060391/000095014406007373/g02719e10vq.htm"
  },
  {
    "date": "2006-03-31",
    "symbol": "RSG",
    "reportedCurrency": "USD",
    "cik": "0001060391",
    "fillingDate": "2006-05-08",
    "acceptedDate": "2006-05-08 16:26:31",
    "calendarYear": "2006",
    "period": "Q1",
    "revenue": 737500000,
    "costOfRevenue": 456400000,
    "grossProfit": 281100000,
    "grossProfitRatio": 0.3811525424,
    "researchAndDevelopmentExpenses": 0,
    "generalAndAdministrativeExpenses": 81800000,
    "sellingAndMarketingExpenses": 0,
    "sellingGeneralAndAdministrativeExpenses": 81800000,
    "otherExpenses": 76900000,
    "operatingExpenses": 158700000,
    "costAndExpenses": 615100000,
    "interestIncome": 0,
    "interestExpense": 0,
    "depreciationAndAmortization": 73100000,
    "ebitda": 195500000,
    "ebitdaratio": 0.2650847458,
    "operatingIncome": 122400000,
    "operatingIncomeRatio": 0.1659661017,
    "totalOtherIncomeExpensesNet": -18200000,
    "incomeBeforeTax": 104200000,
    "incomeBeforeTaxRatio": 0.1412881356,
    "incomeTaxExpense": 39600000,
    "netIncome": 64600000,
    "netIncomeRatio": 0.0875932203,
    "eps": 0.31,
    "epsdiluted": 0.31,
    "weightedAverageShsOut": 206400000,
    "weightedAverageShsOutDil": 209250000,
    "link": "https://www.sec.gov/Archives/edgar/data/1060391/000095014406004568/0000950144-06-004568-index.htm",
    "finalLink": "https://www.sec.gov/Archives/edgar/data/1060391/000095014406004568/g01370e10vq.htm"
  },
  {
    "date": "2005-12-31",
    "symbol": "RSG",
    "reportedCurrency": "USD",
    "cik": "0001060391",
    "fillingDate": "2006-02-24",
    "acceptedDate": "2006-02-24 16:13:42",
    "calendarYear": "2005",
    "period": "Q4",
    "revenue": 738100000,
    "costOfRevenue": 471000000,
    "grossProfit": 267100000,
    "grossProfitRatio": 0.3618750847,
    "researchAndDevelopmentExpenses": 0,
    "generalAndAdministrativeExpenses": 87600000,
    "sellingAndMarketingExpenses": 0,
    "sellingGeneralAndAdministrativeExpenses": 87600000,
    "otherExpenses": 64100000,
    "operatingExpenses": 151700000,
    "costAndExpenses": 622700000,
    "interestIncome": 0,
    "interestExpense": 0,
    "depreciationAndAmortization": 72300000,
    "ebitda": 190200000,
    "ebitdaratio": 0.2576886601,
    "operatingIncome": 115400000,
    "operatingIncomeRatio": 0.1563473784,
    "totalOtherIncomeExpensesNet": -18600000,
    "incomeBeforeTax": 96800000,
    "incomeBeforeTaxRatio": 0.131147541,
    "incomeTaxExpense": 36800000,
    "netIncome": 60000000,
    "netIncomeRatio": 0.0812897981,
    "eps": 0.29,
    "epsdiluted": 0.29,
    "weightedAverageShsOut": 206400000,
    "weightedAverageShsOutDil": 206400000,
    "link": "https://www.sec.gov/Archives/edgar/data/1060391/000095014406001501/0000950144-06-001501-index.htm",
    "finalLink": "https://www.sec.gov/Archives/edgar/data/1060391/000095014406001501/g99735e10vk.htm"
  },
  {
    "date": "2005-09-30",
    "symbol": "RSG",
    "reportedCurrency": "USD",
    "cik": "0001060391",
    "fillingDate": "2005-11-08",
    "acceptedDate": "2005-11-08 17:30:27",
    "calendarYear": "2005",
    "period": "Q3",
    "revenue": 730000000,
    "costOfRevenue": 462900000,
    "grossProfit": 267100000,
    "grossProfitRatio": 0.365890411,
    "researchAndDevelopmentExpenses": 0,
    "generalAndAdministrativeExpenses": 71800000,
    "sellingAndMarketingExpenses": 0,
    "sellingGeneralAndAdministrativeExpenses": 71800000,
    "otherExpenses": 75900000,
    "operatingExpenses": 147700000,
    "costAndExpenses": 610600000,
    "interestIncome": 0,
    "interestExpense": 0,
    "depreciationAndAmortization": 72800000,
    "ebitda": 192200000,
    "ebitdaratio": 0.2632876712,
    "operatingIncome": 119400000,
    "operatingIncomeRatio": 0.1635616438,
    "totalOtherIncomeExpensesNet": -16500000,
    "incomeBeforeTax": 102900000,
    "incomeBeforeTaxRatio": 0.1409589041,
    "incomeTaxExpense": 39100000,
    "netIncome": 63800000,
    "netIncomeRatio": 0.0873972603,
    "eps": 0.31,
    "epsdiluted": 0.3,
    "weightedAverageShsOut": 210000000,
    "weightedAverageShsOutDil": 213900000,
    "link": "https://www.sec.gov/Archives/edgar/data/1060391/000095014405011378/0000950144-05-011378-index.htm",
    "finalLink": "https://www.sec.gov/Archives/edgar/data/1060391/000095014405011378/g98164e10vq.htm"
  },
  {
    "date": "2005-06-30",
    "symbol": "RSG",
    "reportedCurrency": "USD",
    "cik": "0001060391",
    "fillingDate": "2005-08-04",
    "acceptedDate": "2005-08-04 16:31:36",
    "calendarYear": "2005",
    "period": "Q2",
    "revenue": 718600000,
    "costOfRevenue": 451300000,
    "grossProfit": 267300000,
    "grossProfitRatio": 0.3719732814,
    "researchAndDevelopmentExpenses": 0,
    "generalAndAdministrativeExpenses": 73700000,
    "sellingAndMarketingExpenses": 0,
    "sellingGeneralAndAdministrativeExpenses": 73700000,
    "otherExpenses": 70700000,
    "operatingExpenses": 144400000,
    "costAndExpenses": 595700000,
    "interestIncome": 0,
    "interestExpense": 0,
    "depreciationAndAmortization": 71500000,
    "ebitda": 194400000,
    "ebitdaratio": 0.2705260228,
    "operatingIncome": 122900000,
    "operatingIncomeRatio": 0.1710269969,
    "totalOtherIncomeExpensesNet": -19000000,
    "incomeBeforeTax": 103900000,
    "incomeBeforeTaxRatio": 0.1445866964,
    "incomeTaxExpense": 39500000,
    "netIncome": 64400000,
    "netIncomeRatio": 0.089618703,
    "eps": 0.3,
    "epsdiluted": 0.29,
    "weightedAverageShsOut": 213750000,
    "weightedAverageShsOutDil": 218100000,
    "link": "https://www.sec.gov/Archives/edgar/data/1060391/000095014405008219/0000950144-05-008219-index.htm",
    "finalLink": "https://www.sec.gov/Archives/edgar/data/1060391/000095014405008219/g96675e10vq.htm"
  },
  {
    "date": "2005-03-31",
    "symbol": "RSG",
    "reportedCurrency": "USD",
    "cik": "0001060391",
    "fillingDate": "2005-06-24",
    "acceptedDate": "2005-06-24 15:58:24",
    "calendarYear": "2005",
    "period": "Q1",
    "revenue": 677200000,
    "costOfRevenue": 418700000,
    "grossProfit": 258500000,
    "grossProfitRatio": 0.3817188423,
    "researchAndDevelopmentExpenses": 0,
    "generalAndAdministrativeExpenses": 74400000,
    "sellingAndMarketingExpenses": 0,
    "sellingGeneralAndAdministrativeExpenses": 74400000,
    "otherExpenses": 64600000,
    "operatingExpenses": 139000000,
    "costAndExpenses": 557700000,
    "interestIncome": 0,
    "interestExpense": 0,
    "depreciationAndAmortization": 62200000,
    "ebitda": 181700000,
    "ebitdaratio": 0.2683106911,
    "operatingIncome": 119500000,
    "operatingIncomeRatio": 0.1764619019,
    "totalOtherIncomeExpensesNet": -13900000,
    "incomeBeforeTax": 105600000,
    "incomeBeforeTaxRatio": 0.1559362079,
    "incomeTaxExpense": 40100000,
    "netIncome": 65500000,
    "netIncomeRatio": 0.0967217956,
    "eps": 0.29,
    "epsdiluted": 0.29,
    "weightedAverageShsOut": 222300000,
    "weightedAverageShsOutDil": 226500000,
    "link": "https://www.sec.gov/Archives/edgar/data/1060391/000095014405006757/0000950144-05-006757-index.htm",
    "finalLink": "https://www.sec.gov/Archives/edgar/data/1060391/000095014405006757/g95988e10vqza.htm"
  },
  {
    "date": "2004-12-31",
    "symbol": "RSG",
    "reportedCurrency": "USD",
    "cik": "0001060391",
    "fillingDate": "2005-02-25",
    "acceptedDate": "2005-02-25 16:36:18",
    "calendarYear": "2004",
    "period": "Q4",
    "revenue": 687700000,
    "costOfRevenue": 437700000,
    "grossProfit": 250000000,
    "grossProfitRatio": 0.3635306093,
    "researchAndDevelopmentExpenses": 0,
    "generalAndAdministrativeExpenses": 83900000,
    "sellingAndMarketingExpenses": 0,
    "sellingGeneralAndAdministrativeExpenses": 83900000,
    "otherExpenses": 56500000,
    "operatingExpenses": 140400000,
    "costAndExpenses": 578100000,
    "interestIncome": 0,
    "interestExpense": 0,
    "depreciationAndAmortization": 65700000,
    "ebitda": 81900000,
    "ebitdaratio": 0.1190926276,
    "operatingIncome": 109600000,
    "operatingIncomeRatio": 0.1593718191,
    "totalOtherIncomeExpensesNet": -16700000,
    "incomeBeforeTax": 92900000,
    "incomeBeforeTaxRatio": 0.1350879744,
    "incomeTaxExpense": 35300000,
    "netIncome": 57600000,
    "netIncomeRatio": 0.0837574524,
    "eps": 0.26,
    "epsdiluted": 0.26,
    "weightedAverageShsOut": 222300000,
    "weightedAverageShsOutDil": 222300000,
    "link": "https://www.sec.gov/Archives/edgar/data/1060391/000095014405001868/0000950144-05-001868-index.htm",
    "finalLink": "https://www.sec.gov/Archives/edgar/data/1060391/000095014405001868/g93417e10vk.htm"
  },
  {
    "date": "2004-09-30",
    "symbol": "RSG",
    "reportedCurrency": "USD",
    "cik": "0001060391",
    "fillingDate": "2004-11-04",
    "acceptedDate": "2004-11-04 16:23:02",
    "calendarYear": "2004",
    "period": "Q3",
    "revenue": 699900000,
    "costOfRevenue": 442000000,
    "grossProfit": 257900000,
    "grossProfitRatio": 0.3684812116,
    "researchAndDevelopmentExpenses": 0,
    "generalAndAdministrativeExpenses": 68700000,
    "sellingAndMarketingExpenses": 0,
    "sellingGeneralAndAdministrativeExpenses": 68700000,
    "otherExpenses": 72700000,
    "operatingExpenses": 141400000,
    "costAndExpenses": 583400000,
    "interestIncome": 0,
    "interestExpense": 0,
    "depreciationAndAmortization": 69300000,
    "ebitda": 185800000,
    "ebitdaratio": 0.2654664952,
    "operatingIncome": 116500000,
    "operatingIncomeRatio": 0.1664523503,
    "totalOtherIncomeExpensesNet": -15700000,
    "incomeBeforeTax": 100800000,
    "incomeBeforeTaxRatio": 0.1440205744,
    "incomeTaxExpense": 38300000,
    "netIncome": 62500000,
    "netIncomeRatio": 0.0892984712,
    "eps": 0.27,
    "epsdiluted": 0.27,
    "weightedAverageShsOut": 226950000,
    "weightedAverageShsOutDil": 230700000,
    "link": "https://www.sec.gov/Archives/edgar/data/1060391/000095014404010472/0000950144-04-010472-index.htm",
    "finalLink": "https://www.sec.gov/Archives/edgar/data/1060391/000095014404010472/g91644e10vq.htm"
  },
  {
    "date": "2004-06-30",
    "symbol": "RSG",
    "reportedCurrency": "USD",
    "cik": "0001060391",
    "fillingDate": "2004-08-09",
    "acceptedDate": "2004-08-09 16:18:22",
    "calendarYear": "2004",
    "period": "Q2",
    "revenue": 683200000,
    "costOfRevenue": 431200000,
    "grossProfit": 252000000,
    "grossProfitRatio": 0.368852459,
    "researchAndDevelopmentExpenses": 0,
    "generalAndAdministrativeExpenses": 66900000,
    "sellingAndMarketingExpenses": 0,
    "sellingGeneralAndAdministrativeExpenses": 66900000,
    "otherExpenses": 68900000,
    "operatingExpenses": 135800000,
    "costAndExpenses": 567000000,
    "interestIncome": 0,
    "interestExpense": 0,
    "depreciationAndAmortization": 65700000,
    "ebitda": 181900000,
    "ebitdaratio": 0.2662470726,
    "operatingIncome": 116200000,
    "operatingIncomeRatio": 0.1700819672,
    "totalOtherIncomeExpensesNet": -18000000,
    "incomeBeforeTax": 98200000,
    "incomeBeforeTaxRatio": 0.143735363,
    "incomeTaxExpense": 37300000,
    "netIncome": 60900000,
    "netIncomeRatio": 0.0891393443,
    "eps": 0.27,
    "epsdiluted": 0.26,
    "weightedAverageShsOut": 229650000,
    "weightedAverageShsOutDil": 233550000,
    "link": "https://www.sec.gov/Archives/edgar/data/1060391/000095014404007971/0000950144-04-007971-index.htm",
    "finalLink": "https://www.sec.gov/Archives/edgar/data/1060391/000095014404007971/g90377e10vq.htm"
  },
  {
    "date": "2004-03-31",
    "symbol": "RSG",
    "reportedCurrency": "USD",
    "cik": "0001060391",
    "fillingDate": "2004-05-06",
    "acceptedDate": "2004-05-06 16:07:00",
    "calendarYear": "2004",
    "period": "Q1",
    "revenue": 637300000,
    "costOfRevenue": 403500000,
    "grossProfit": 233800000,
    "grossProfitRatio": 0.3668601914,
    "researchAndDevelopmentExpenses": 0,
    "generalAndAdministrativeExpenses": 62500000,
    "sellingAndMarketingExpenses": 0,
    "sellingGeneralAndAdministrativeExpenses": 62500000,
    "otherExpenses": 61300000,
    "operatingExpenses": 123800000,
    "costAndExpenses": 527300000,
    "interestIncome": 0,
    "interestExpense": 0,
    "depreciationAndAmortization": 58700000,
    "ebitda": 168700000,
    "ebitdaratio": 0.2647104974,
    "operatingIncome": 110000000,
    "operatingIncomeRatio": 0.1726031696,
    "totalOtherIncomeExpensesNet": -18200000,
    "incomeBeforeTax": 91800000,
    "incomeBeforeTaxRatio": 0.1440451906,
    "incomeTaxExpense": 34900000,
    "netIncome": 56900000,
    "netIncomeRatio": 0.0892829123,
    "eps": 0.24,
    "epsdiluted": 0.24,
    "weightedAverageShsOut": 234000000,
    "weightedAverageShsOutDil": 237600000,
    "link": "https://www.sec.gov/Archives/edgar/data/1060391/000095014404004964/0000950144-04-004964-index.htm",
    "finalLink": "https://www.sec.gov/Archives/edgar/data/1060391/000095014404004964/g88969e10vq.htm"
  },
  {
    "date": "2003-12-31",
    "symbol": "RSG",
    "reportedCurrency": "USD",
    "cik": "0001060391",
    "fillingDate": "2004-03-12",
    "acceptedDate": "2004-03-11 17:51:28",
    "calendarYear": "2003",
    "period": "Q4",
    "revenue": 637900000,
    "costOfRevenue": 404700000,
    "grossProfit": 233200000,
    "grossProfitRatio": 0.3655745415,
    "researchAndDevelopmentExpenses": 0,
    "generalAndAdministrativeExpenses": 65500000,
    "sellingAndMarketingExpenses": 0,
    "sellingGeneralAndAdministrativeExpenses": 65500000,
    "otherExpenses": 61200000,
    "operatingExpenses": 126700000,
    "costAndExpenses": 531400000,
    "interestIncome": 0,
    "interestExpense": 0,
    "depreciationAndAmortization": 61200000,
    "ebitda": 167700000,
    "ebitdaratio": 0.2628938705,
    "operatingIncome": 106500000,
    "operatingIncomeRatio": 0.166954068,
    "totalOtherIncomeExpensesNet": -16600000,
    "incomeBeforeTax": 89900000,
    "incomeBeforeTaxRatio": 0.1409311804,
    "incomeTaxExpense": 34200000,
    "netIncome": 55700000,
    "netIncomeRatio": 0.0873177614,
    "eps": 0.24,
    "epsdiluted": 0.24,
    "weightedAverageShsOut": 234000000,
    "weightedAverageShsOutDil": 234000000,
    "link": "https://www.sec.gov/Archives/edgar/data/1060391/000095014404002337/0000950144-04-002337-index.htm",
    "finalLink": "https://www.sec.gov/Archives/edgar/data/1060391/000095014404002337/g87671e10vk.htm"
  },
  {
    "date": "2003-09-30",
    "symbol": "RSG",
    "reportedCurrency": "USD",
    "cik": "0001060391",
    "fillingDate": "2003-11-13",
    "acceptedDate": "2003-11-13 16:56:07",
    "calendarYear": "2003",
    "period": "Q3",
    "revenue": 648000000,
    "costOfRevenue": 433700000,
    "grossProfit": 214300000,
    "grossProfitRatio": 0.3307098765,
    "researchAndDevelopmentExpenses": 0,
    "generalAndAdministrativeExpenses": 65300000,
    "sellingAndMarketingExpenses": 0,
    "sellingGeneralAndAdministrativeExpenses": 65300000,
    "otherExpenses": 61700000,
    "operatingExpenses": 127000000,
    "costAndExpenses": 560700000,
    "interestIncome": 0,
    "interestExpense": 0,
    "depreciationAndAmortization": 61700000,
    "ebitda": 149000000,
    "ebitdaratio": 0.2299382716,
    "operatingIncome": 87300000,
    "operatingIncomeRatio": 0.1347222222,
    "totalOtherIncomeExpensesNet": -15300000,
    "incomeBeforeTax": 72000000,
    "incomeBeforeTaxRatio": 0.1111111111,
    "incomeTaxExpense": 27300000,
    "netIncome": 44700000,
    "netIncomeRatio": 0.0689814815,
    "eps": 0.19,
    "epsdiluted": 0.19,
    "weightedAverageShsOut": 243300000,
    "weightedAverageShsOutDil": 243300000,
    "link": "https://www.sec.gov/Archives/edgar/data/1060391/000095014403012816/0000950144-03-012816-index.htm",
    "finalLink": "https://www.sec.gov/Archives/edgar/data/1060391/000095014403012816/g85863e10vq.htm"
  },
  {
    "date": "2003-06-30",
    "symbol": "RSG",
    "reportedCurrency": "USD",
    "cik": "0001060391",
    "fillingDate": "2003-08-08",
    "acceptedDate": "2003-08-08 16:39:56",
    "calendarYear": "2003",
    "period": "Q2",
    "revenue": 637300000,
    "costOfRevenue": 399300000,
    "grossProfit": 238000000,
    "grossProfitRatio": 0.3734504943,
    "researchAndDevelopmentExpenses": 0,
    "generalAndAdministrativeExpenses": 62000000,
    "sellingAndMarketingExpenses": 0,
    "sellingGeneralAndAdministrativeExpenses": 62000000,
    "otherExpenses": 62500000,
    "operatingExpenses": 124500000,
    "costAndExpenses": 523800000,
    "interestIncome": 0,
    "interestExpense": 0,
    "depreciationAndAmortization": 59400000,
    "ebitda": 172900000,
    "ebitdaratio": 0.2713008003,
    "operatingIncome": 113500000,
    "operatingIncomeRatio": 0.1780950887,
    "totalOtherIncomeExpensesNet": -16000000,
    "incomeBeforeTax": 97500000,
    "incomeBeforeTaxRatio": 0.1529891731,
    "incomeTaxExpense": 37100000,
    "netIncome": 60400000,
    "netIncomeRatio": 0.0947748313,
    "eps": 0.25,
    "epsdiluted": 0.25,
    "weightedAverageShsOut": 243750000,
    "weightedAverageShsOutDil": 243750000,
    "link": "https://www.sec.gov/Archives/edgar/data/1060391/000095014403009583/0000950144-03-009583-index.htm",
    "finalLink": "https://www.sec.gov/Archives/edgar/data/1060391/000095014403009583/g84244e10vq.htm"
  },
  {
    "date": "2003-03-31",
    "symbol": "RSG",
    "reportedCurrency": "USD",
    "cik": "0001060391",
    "fillingDate": "2003-05-14",
    "acceptedDate": "2003-05-14 16:58:49",
    "calendarYear": "2003",
    "period": "Q1",
    "revenue": 594600000,
    "costOfRevenue": 367700000,
    "grossProfit": 226900000,
    "grossProfitRatio": 0.3816010764,
    "researchAndDevelopmentExpenses": 0,
    "generalAndAdministrativeExpenses": 61600000,
    "sellingAndMarketingExpenses": 0,
    "sellingGeneralAndAdministrativeExpenses": 61600000,
    "otherExpenses": 59900000,
    "operatingExpenses": 121500000,
    "costAndExpenses": 489200000,
    "interestIncome": 0,
    "interestExpense": 0,
    "depreciationAndAmortization": 56800000,
    "ebitda": 162200000,
    "ebitdaratio": 0.2727884292,
    "operatingIncome": 105400000,
    "operatingIncomeRatio": 0.1772620249,
    "totalOtherIncomeExpensesNet": -17400000,
    "incomeBeforeTax": 88000000,
    "incomeBeforeTaxRatio": 0.1479986546,
    "incomeTaxExpense": 33400000,
    "netIncome": 16800000,
    "netIncomeRatio": 0.0282542886,
    "eps": 0.0733,
    "epsdiluted": 0.0667,
    "weightedAverageShsOut": 243150000,
    "weightedAverageShsOutDil": 244950000,
    "link": "https://www.sec.gov/Archives/edgar/data/1060391/000095014403006744/0000950144-03-006744-index.htm",
    "finalLink": "https://www.sec.gov/Archives/edgar/data/1060391/000095014403006744/g82717e10vq.htm"
  },
  {
    "date": "2002-12-31",
    "symbol": "RSG",
    "reportedCurrency": "USD",
    "cik": "0001060391",
    "fillingDate": "2003-03-27",
    "acceptedDate": "2003-03-27 16:27:48",
    "calendarYear": "2002",
    "period": "Q4",
    "revenue": 605300000,
    "costOfRevenue": 381800000,
    "grossProfit": 223500000,
    "grossProfitRatio": 0.3692383942,
    "researchAndDevelopmentExpenses": 0,
    "generalAndAdministrativeExpenses": 58600000,
    "sellingAndMarketingExpenses": 0,
    "sellingGeneralAndAdministrativeExpenses": 58600000,
    "otherExpenses": 46800000,
    "operatingExpenses": 105400000,
    "costAndExpenses": 487200000,
    "interestIncome": 0,
    "interestExpense": 0,
    "depreciationAndAmortization": 52400000,
    "ebitda": 170500000,
    "ebitdaratio": 0.2816785065,
    "operatingIncome": 118100000,
    "operatingIncomeRatio": 0.1951098629,
    "totalOtherIncomeExpensesNet": -18900000,
    "incomeBeforeTax": 99200000,
    "incomeBeforeTaxRatio": 0.1638856765,
    "incomeTaxExpense": 37700000,
    "netIncome": 61500000,
    "netIncomeRatio": 0.1016025112,
    "eps": 0.25,
    "epsdiluted": 0.25,
    "weightedAverageShsOut": 244950000,
    "weightedAverageShsOutDil": 244950000,
    "link": "https://www.sec.gov/Archives/edgar/data/1060391/000095014403003923/0000950144-03-003923-index.htm",
    "finalLink": "https://www.sec.gov/Archives/edgar/data/1060391/000095014403003923/g81519e10vk.txt"
  },
  {
    "date": "2002-09-30",
    "symbol": "RSG",
    "reportedCurrency": "USD",
    "cik": "0001060391",
    "fillingDate": "2002-11-14",
    "acceptedDate": "2002-11-13 20:10:09",
    "calendarYear": "2002",
    "period": "Q3",
    "revenue": 609700000,
    "costOfRevenue": 377600000,
    "grossProfit": 232100000,
    "grossProfitRatio": 0.3806790225,
    "researchAndDevelopmentExpenses": 0,
    "generalAndAdministrativeExpenses": 60500000,
    "sellingAndMarketingExpenses": 0,
    "sellingGeneralAndAdministrativeExpenses": 60500000,
    "otherExpenses": 53400000,
    "operatingExpenses": 113900000,
    "costAndExpenses": 491500000,
    "interestIncome": 0,
    "interestExpense": 0,
    "depreciationAndAmortization": 53400000,
    "ebitda": 171600000,
    "ebitdaratio": 0.2814498934,
    "operatingIncome": 118200000,
    "operatingIncomeRatio": 0.1938658357,
    "totalOtherIncomeExpensesNet": -17800000,
    "incomeBeforeTax": 100400000,
    "incomeBeforeTaxRatio": 0.1646711497,
    "incomeTaxExpense": 38200000,
    "netIncome": 62200000,
    "netIncomeRatio": 0.1020173856,
    "eps": 0.25,
    "epsdiluted": 0.25,
    "weightedAverageShsOut": 247200000,
    "weightedAverageShsOutDil": 247200000,
    "link": "https://www.sec.gov/Archives/edgar/data/1060391/000095014402011705/0000950144-02-011705-index.htm",
    "finalLink": "https://www.sec.gov/Archives/edgar/data/1060391/000095014402011705/g79298e10vq.htm"
  },
  {
    "date": "2002-06-30",
    "symbol": "RSG",
    "reportedCurrency": "USD",
    "cik": "0001060391",
    "fillingDate": "2002-08-09",
    "acceptedDate": "2002-08-09 17:24:59",
    "calendarYear": "2002",
    "period": "Q2",
    "revenue": 598200000,
    "costOfRevenue": 371500000,
    "grossProfit": 226700000,
    "grossProfitRatio": 0.3789702441,
    "researchAndDevelopmentExpenses": 0,
    "generalAndAdministrativeExpenses": 61000000,
    "sellingAndMarketingExpenses": 0,
    "sellingGeneralAndAdministrativeExpenses": 61000000,
    "otherExpenses": 49400000,
    "operatingExpenses": 110400000,
    "costAndExpenses": 481900000,
    "interestIncome": 0,
    "interestExpense": 0,
    "depreciationAndAmortization": 49400000,
    "ebitda": 165700000,
    "ebitdaratio": 0.2769976596,
    "operatingIncome": 116300000,
    "operatingIncomeRatio": 0.1944165831,
    "totalOtherIncomeExpensesNet": -17900000,
    "incomeBeforeTax": 98400000,
    "incomeBeforeTaxRatio": 0.1644934804,
    "incomeTaxExpense": 37400000,
    "netIncome": 61000000,
    "netIncomeRatio": 0.1019725844,
    "eps": 0.24,
    "epsdiluted": 0.24,
    "weightedAverageShsOut": 251250000,
    "weightedAverageShsOutDil": 251250000,
    "link": "https://www.sec.gov/Archives/edgar/data/1060391/000095014402008151/0000950144-02-008151-index.htm",
    "finalLink": "https://www.sec.gov/Archives/edgar/data/1060391/000095014402008151/g77690e10vq.txt"
  },
  {
    "date": "2002-03-31",
    "symbol": "RSG",
    "reportedCurrency": "USD",
    "cik": "0001060391",
    "fillingDate": "2002-05-13",
    "acceptedDate": "2002-05-13 16:51:42",
    "calendarYear": "2002",
    "period": "Q1",
    "revenue": 551900000,
    "costOfRevenue": 342000000,
    "grossProfit": 209900000,
    "grossProfitRatio": 0.3803225222,
    "researchAndDevelopmentExpenses": 0,
    "generalAndAdministrativeExpenses": 58600000,
    "sellingAndMarketingExpenses": 0,
    "sellingGeneralAndAdministrativeExpenses": 58600000,
    "otherExpenses": 44400000,
    "operatingExpenses": 103000000,
    "costAndExpenses": 445000000,
    "interestIncome": 0,
    "interestExpense": 0,
    "depreciationAndAmortization": 44400000,
    "ebitda": 151300000,
    "ebitdaratio": 0.2741438666,
    "operatingIncome": 106900000,
    "operatingIncomeRatio": 0.1936945099,
    "totalOtherIncomeExpensesNet": -18400000,
    "incomeBeforeTax": 88500000,
    "incomeBeforeTaxRatio": 0.1603551368,
    "incomeTaxExpense": 33600000,
    "netIncome": 54900000,
    "netIncomeRatio": 0.0994745425,
    "eps": 0.21,
    "epsdiluted": 0.21,
    "weightedAverageShsOut": 253523238,
    "weightedAverageShsOutDil": 253523238,
    "link": "https://www.sec.gov/Archives/edgar/data/1060391/000095014402005221/0000950144-02-005221-index.htm",
    "finalLink": "https://www.sec.gov/Archives/edgar/data/1060391/000095014402005221/g76122e10-q.txt"
  },
  {
    "date": "2001-12-31",
    "symbol": "RSG",
    "reportedCurrency": "USD",
    "cik": "0001060391",
    "fillingDate": "2002-03-28",
    "acceptedDate": "2002-03-28 00:00:00",
    "calendarYear": "2001",
    "period": "Q4",
    "revenue": 563500000,
    "costOfRevenue": 380100000,
    "grossProfit": 183400000,
    "grossProfitRatio": 0.3254658385,
    "researchAndDevelopmentExpenses": 0,
    "generalAndAdministrativeExpenses": 66800000,
    "sellingAndMarketingExpenses": 0,
    "sellingGeneralAndAdministrativeExpenses": 66800000,
    "otherExpenses": 54600000,
    "operatingExpenses": 121400000,
    "costAndExpenses": 501500000,
    "interestIncome": 0,
    "interestExpense": 0,
    "depreciationAndAmortization": -6900000,
    "ebitda": 216700000,
    "ebitdaratio": 0.3845607808,
    "operatingIncome": 62000000,
    "operatingIncomeRatio": 0.1100266193,
    "totalOtherIncomeExpensesNet": -117900000,
    "incomeBeforeTax": -55900000,
    "incomeBeforeTaxRatio": -0.0992014197,
    "incomeTaxExpense": -17000000,
    "netIncome": -38900000,
    "netIncomeRatio": -0.0690328305,
    "eps": -0.15,
    "epsdiluted": -0.15,
    "weightedAverageShsOut": 253650000,
    "weightedAverageShsOutDil": 253650000,
    "link": "https://www.sec.gov/Archives/edgar/data/1060391/000095014402002988/0000950144-02-002988-index.htm",
    "finalLink": "https://www.sec.gov/Archives/edgar/data/1060391/000095014402002988/g74827e10-k.txt"
  },
  {
    "date": "2001-09-30",
    "symbol": "RSG",
    "reportedCurrency": "USD",
    "cik": "0001060391",
    "fillingDate": "2001-11-09",
    "acceptedDate": "2001-11-09 00:00:00",
    "calendarYear": "2001",
    "period": "Q3",
    "revenue": 582600000,
    "costOfRevenue": 358200000,
    "grossProfit": 224400000,
    "grossProfitRatio": 0.3851699279,
    "researchAndDevelopmentExpenses": 0,
    "generalAndAdministrativeExpenses": 57400000,
    "sellingAndMarketingExpenses": 0,
    "sellingGeneralAndAdministrativeExpenses": 57400000,
    "otherExpenses": 56600000,
    "operatingExpenses": 114000000,
    "costAndExpenses": 472200000,
    "interestIncome": 0,
    "interestExpense": 0,
    "depreciationAndAmortization": 56600000,
    "ebitda": 167000000,
    "ebitdaratio": 0.2866460693,
    "operatingIncome": 110400000,
    "operatingIncomeRatio": 0.1894953656,
    "totalOtherIncomeExpensesNet": -18900000,
    "incomeBeforeTax": 91500000,
    "incomeBeforeTaxRatio": 0.1570545829,
    "incomeTaxExpense": 34800000,
    "netIncome": 56700000,
    "netIncomeRatio": 0.0973223481,
    "eps": 0.22,
    "epsdiluted": 0.22,
    "weightedAverageShsOut": 256650000,
    "weightedAverageShsOutDil": 256650000,
    "link": "https://www.sec.gov/Archives/edgar/data/1060391/000095014401508659/0000950144-01-508659-index.htm",
    "finalLink": "https://www.sec.gov/Archives/edgar/data/1060391/000095014401508659/g72531e10-q.txt"
  },
  {
    "date": "2001-06-30",
    "symbol": "RSG",
    "reportedCurrency": "USD",
    "cik": "0001060391",
    "fillingDate": "2001-08-13",
    "acceptedDate": "2001-08-13 00:00:00",
    "calendarYear": "2001",
    "period": "Q2",
    "revenue": 576000000,
    "costOfRevenue": 354500000,
    "grossProfit": 221500000,
    "grossProfitRatio": 0.3845486111,
    "researchAndDevelopmentExpenses": 0,
    "generalAndAdministrativeExpenses": 55800000,
    "sellingAndMarketingExpenses": 0,
    "sellingGeneralAndAdministrativeExpenses": 55800000,
    "otherExpenses": 53900000,
    "operatingExpenses": 109700000,
    "costAndExpenses": 464200000,
    "interestIncome": 0,
    "interestExpense": 0,
    "depreciationAndAmortization": 53900000,
    "ebitda": 165700000,
    "ebitdaratio": 0.2876736111,
    "operatingIncome": 111800000,
    "operatingIncomeRatio": 0.1940972222,
    "totalOtherIncomeExpensesNet": -18100000,
    "incomeBeforeTax": 93700000,
    "incomeBeforeTaxRatio": 0.1626736111,
    "incomeTaxExpense": 35600000,
    "netIncome": 58100000,
    "netIncomeRatio": 0.1008680556,
    "eps": 0.23,
    "epsdiluted": 0.23,
    "weightedAverageShsOut": 257100000,
    "weightedAverageShsOutDil": 257100000,
    "link": "https://www.sec.gov/Archives/edgar/data/1060391/000095014401505677/0000950144-01-505677-index.htm",
    "finalLink": "https://www.sec.gov/Archives/edgar/data/1060391/000095014401505677/g71181e10-q.txt"
  },
  {
    "date": "2001-03-31",
    "symbol": "RSG",
    "reportedCurrency": "USD",
    "cik": "0001060391",
    "fillingDate": "2001-05-10",
    "acceptedDate": "2001-05-10 00:00:00",
    "calendarYear": "2001",
    "period": "Q1",
    "revenue": 535400000,
    "costOfRevenue": 340700000,
    "grossProfit": 194700000,
    "grossProfitRatio": 0.3636533433,
    "researchAndDevelopmentExpenses": 0,
    "generalAndAdministrativeExpenses": 56500000,
    "sellingAndMarketingExpenses": 0,
    "sellingGeneralAndAdministrativeExpenses": 56500000,
    "otherExpenses": 39300000,
    "operatingExpenses": 95800000,
    "costAndExpenses": 436500000,
    "interestIncome": 0,
    "interestExpense": 0,
    "depreciationAndAmortization": 50300000,
    "ebitda": 149200000,
    "ebitdaratio": 0.2786701532,
    "operatingIncome": 98900000,
    "operatingIncomeRatio": 0.1847217034,
    "totalOtherIncomeExpensesNet": -18900000,
    "incomeBeforeTax": 80000000,
    "incomeBeforeTaxRatio": 0.1494209936,
    "incomeTaxExpense": 30400000,
    "netIncome": 49600000,
    "netIncomeRatio": 0.0926410161,
    "eps": 0.19,
    "epsdiluted": 0.19,
    "weightedAverageShsOut": 257700000,
    "weightedAverageShsOutDil": 257700000,
    "link": "https://www.sec.gov/Archives/edgar/data/1060391/000095014401501768/0000950144-01-501768-index.htm",
    "finalLink": "https://www.sec.gov/Archives/edgar/data/1060391/000095014401501768/g69150qe10-q.txt"
  },
  {
    "date": "2000-12-31",
    "symbol": "RSG",
    "reportedCurrency": "USD",
    "cik": "0001060391",
    "fillingDate": "2001-02-22",
    "acceptedDate": "2001-02-22 00:00:00",
    "calendarYear": "2000",
    "period": "Q4",
    "revenue": 529100000,
    "costOfRevenue": 319700000,
    "grossProfit": 209400000,
    "grossProfitRatio": 0.3957663958,
    "researchAndDevelopmentExpenses": 0,
    "generalAndAdministrativeExpenses": 55900000,
    "sellingAndMarketingExpenses": 0,
    "sellingGeneralAndAdministrativeExpenses": 55900000,
    "otherExpenses": 51300000,
    "operatingExpenses": 107200000,
    "costAndExpenses": 426900000,
    "interestIncome": 0,
    "interestExpense": 0,
    "depreciationAndAmortization": 51300000,
    "ebitda": 153500000,
    "ebitdaratio": 0.2901152901,
    "operatingIncome": 102200000,
    "operatingIncomeRatio": 0.1931581932,
    "totalOtherIncomeExpensesNet": -13300000,
    "incomeBeforeTax": 88900000,
    "incomeBeforeTaxRatio": 0.168021168,
    "incomeTaxExpense": 32400000,
    "netIncome": 56500000,
    "netIncomeRatio": 0.1067851068,
    "eps": 0.22,
    "epsdiluted": 0.22,
    "weightedAverageShsOut": 257700000,
    "weightedAverageShsOutDil": 257700000,
    "link": "https://www.sec.gov/Archives/edgar/data/1060391/000095014401003018/0000950144-01-003018-index.htm",
    "finalLink": "https://www.sec.gov/Archives/edgar/data/1060391/000095014401003018/g67177e10-k405.txt"
  },
  {
    "date": "2000-09-30",
    "symbol": "RSG",
    "reportedCurrency": "USD",
    "cik": "0001060391",
    "fillingDate": "2000-11-14",
    "acceptedDate": "2000-11-14 00:00:00",
    "calendarYear": "2000",
    "period": "Q3",
    "revenue": 539100000,
    "costOfRevenue": 324900000,
    "grossProfit": 214200000,
    "grossProfitRatio": 0.3973288815,
    "researchAndDevelopmentExpenses": 0,
    "generalAndAdministrativeExpenses": 49400000,
    "sellingAndMarketingExpenses": 0,
    "sellingGeneralAndAdministrativeExpenses": 49400000,
    "otherExpenses": 50600000,
    "operatingExpenses": 100000000,
    "costAndExpenses": 424900000,
    "interestIncome": 0,
    "interestExpense": 0,
    "depreciationAndAmortization": 50600000,
    "ebitda": 164800000,
    "ebitdaratio": 0.3056946763,
    "operatingIncome": 114200000,
    "operatingIncomeRatio": 0.211834539,
    "totalOtherIncomeExpensesNet": -24700000,
    "incomeBeforeTax": 89500000,
    "incomeBeforeTaxRatio": 0.1660174365,
    "incomeTaxExpense": 34500000,
    "netIncome": 55000000,
    "netIncomeRatio": 0.1020218883,
    "eps": 0.21,
    "epsdiluted": 0.21,
    "weightedAverageShsOut": 263550000,
    "weightedAverageShsOutDil": 263550000,
    "link": "https://www.sec.gov/Archives/edgar/data/1060391/000095014400013606/0000950144-00-013606-index.htm",
    "finalLink": "https://www.sec.gov/Archives/edgar/data/1060391/000095014400013606/g65406e10-q.txt"
  },
  {
    "date": "2000-06-30",
    "symbol": "RSG",
    "reportedCurrency": "USD",
    "cik": "0001060391",
    "fillingDate": "2000-08-10",
    "acceptedDate": "2000-08-10 00:00:00",
    "calendarYear": "2000",
    "period": "Q2",
    "revenue": 533500000,
    "costOfRevenue": 320500000,
    "grossProfit": 213000000,
    "grossProfitRatio": 0.3992502343,
    "researchAndDevelopmentExpenses": 0,
    "generalAndAdministrativeExpenses": 47900000,
    "sellingAndMarketingExpenses": 0,
    "sellingGeneralAndAdministrativeExpenses": 47900000,
    "otherExpenses": 49200000,
    "operatingExpenses": 97100000,
    "costAndExpenses": 417600000,
    "interestIncome": 0,
    "interestExpense": 0,
    "depreciationAndAmortization": 49200000,
    "ebitda": 165100000,
    "ebitdaratio": 0.3094657919,
    "operatingIncome": 115900000,
    "operatingIncomeRatio": 0.2172446111,
    "totalOtherIncomeExpensesNet": -19700000,
    "incomeBeforeTax": 96200000,
    "incomeBeforeTaxRatio": 0.1803186504,
    "incomeTaxExpense": 37000000,
    "netIncome": 59200000,
    "netIncomeRatio": 0.1109653233,
    "eps": 0.23,
    "epsdiluted": 0.23,
    "weightedAverageShsOut": 263850000,
    "weightedAverageShsOutDil": 263850000,
    "link": "https://www.sec.gov/Archives/edgar/data/1060391/000095014400009713/0000950144-00-009713-index.htm",
    "finalLink": "https://www.sec.gov/Archives/edgar/data/1060391/000095014400009713/e10-q.txt"
  },
  {
    "date": "2000-03-31",
    "symbol": "RSG",
    "reportedCurrency": "USD",
    "cik": "0001060391",
    "fillingDate": "2000-05-11",
    "acceptedDate": "2000-05-11 00:00:00",
    "calendarYear": "2000",
    "period": "Q1",
    "revenue": 501500000,
    "costOfRevenue": 306100000,
    "grossProfit": 195400000,
    "grossProfitRatio": 0.3896311067,
    "researchAndDevelopmentExpenses": 0,
    "generalAndAdministrativeExpenses": 47400000,
    "sellingAndMarketingExpenses": 0,
    "sellingGeneralAndAdministrativeExpenses": 47400000,
    "otherExpenses": 46300000,
    "operatingExpenses": 93700000,
    "costAndExpenses": 399800000,
    "interestIncome": 0,
    "interestExpense": 0,
    "depreciationAndAmortization": 46300000,
    "ebitda": 148000000,
    "ebitdaratio": 0.295114656,
    "operatingIncome": 101700000,
    "operatingIncomeRatio": 0.2027916251,
    "totalOtherIncomeExpensesNet": -20100000,
    "incomeBeforeTax": 81600000,
    "incomeBeforeTaxRatio": 0.1627118644,
    "incomeTaxExpense": 31400000,
    "netIncome": 50200000,
    "netIncomeRatio": 0.1000997009,
    "eps": 0.19,
    "epsdiluted": 0.19,
    "weightedAverageShsOut": 263250000,
    "weightedAverageShsOutDil": 263250000,
    "link": "https://www.sec.gov/Archives/edgar/data/1060391/000095014400006332/0000950144-00-006332-index.html",
    "finalLink": "https://www.sec.gov/Archives/edgar/data/1060391/000095014400006332/"
  },
  {
    "date": "1999-12-31",
    "symbol": "RSG",
    "reportedCurrency": "USD",
    "cik": "0001060391",
    "fillingDate": "2000-03-13",
    "acceptedDate": "2000-03-13 00:00:00",
    "calendarYear": "1999",
    "period": "Q4",
    "revenue": 488800000,
    "costOfRevenue": 290400000,
    "grossProfit": 198400000,
    "grossProfitRatio": 0.4058919804,
    "researchAndDevelopmentExpenses": 0,
    "generalAndAdministrativeExpenses": 47900000,
    "sellingAndMarketingExpenses": 0,
    "sellingGeneralAndAdministrativeExpenses": 47900000,
    "otherExpenses": 45400000,
    "operatingExpenses": 93300000,
    "costAndExpenses": 383700000,
    "interestIncome": 0,
    "interestExpense": 0,
    "depreciationAndAmortization": 45400000,
    "ebitda": 150500000,
    "ebitdaratio": 0.3078968903,
    "operatingIncome": 105100000,
    "operatingIncomeRatio": 0.2150163666,
    "totalOtherIncomeExpensesNet": -23100000,
    "incomeBeforeTax": 82000000,
    "incomeBeforeTaxRatio": 0.1677577741,
    "incomeTaxExpense": 31600000,
    "netIncome": 50400000,
    "netIncomeRatio": 0.1031096563,
    "eps": 0.19,
    "epsdiluted": 0.19,
    "weightedAverageShsOut": 263250000,
    "weightedAverageShsOutDil": 263250000,
    "link": "https://www.sec.gov/Archives/edgar/data/1060391/000095014400003134/0000950144-00-003134-index.html",
    "finalLink": "https://www.sec.gov/Archives/edgar/data/1060391/000095014400003134/"
  },
  {
    "date": "1999-09-30",
    "symbol": "RSG",
    "reportedCurrency": "USD",
    "cik": "0001060391",
    "fillingDate": "1999-11-15",
    "acceptedDate": "1999-11-15 00:00:00",
    "calendarYear": "1999",
    "period": "Q3",
    "revenue": 490600000,
    "costOfRevenue": 295900000,
    "grossProfit": 194700000,
    "grossProfitRatio": 0.3968609865,
    "researchAndDevelopmentExpenses": 0,
    "generalAndAdministrativeExpenses": 46400000,
    "sellingAndMarketingExpenses": 0,
    "sellingGeneralAndAdministrativeExpenses": 46400000,
    "otherExpenses": 44800000,
    "operatingExpenses": 91200000,
    "costAndExpenses": 387100000,
    "interestIncome": 0,
    "interestExpense": 0,
    "depreciationAndAmortization": 44800000,
    "ebitda": 148300000,
    "ebitdaratio": 0.3022829189,
    "operatingIncome": 103500000,
    "operatingIncomeRatio": 0.2109661639,
    "totalOtherIncomeExpensesNet": -18200000,
    "incomeBeforeTax": 85300000,
    "incomeBeforeTaxRatio": 0.1738687322,
    "incomeTaxExpense": 32800000,
    "netIncome": 52500000,
    "netIncomeRatio": 0.1070118223,
    "eps": 0.2,
    "epsdiluted": 0.2,
    "weightedAverageShsOut": 262368816,
    "weightedAverageShsOutDil": 262368816,
    "link": "https://www.sec.gov/Archives/edgar/data/1060391/000095014499012994/0000950144-99-012994-index.html",
    "finalLink": "https://www.sec.gov/Archives/edgar/data/1060391/000095014499012994/"
  },
  {
    "date": "1999-06-30",
    "symbol": "RSG",
    "reportedCurrency": "USD",
    "cik": "0001060391",
    "fillingDate": "1999-08-16",
    "acceptedDate": "1999-08-16 00:00:00",
    "calendarYear": "1999",
    "period": "Q2",
    "revenue": 455600000,
    "costOfRevenue": 270100000,
    "grossProfit": 185500000,
    "grossProfitRatio": 0.4071553995,
    "researchAndDevelopmentExpenses": 0,
    "generalAndAdministrativeExpenses": 43300000,
    "sellingAndMarketingExpenses": 0,
    "sellingGeneralAndAdministrativeExpenses": 43300000,
    "otherExpenses": 39600000,
    "operatingExpenses": 82900000,
    "costAndExpenses": 353000000,
    "interestIncome": 0,
    "interestExpense": 0,
    "depreciationAndAmortization": 39600000,
    "ebitda": 142200000,
    "ebitdaratio": 0.3121158911,
    "operatingIncome": 102600000,
    "operatingIncomeRatio": 0.2251975417,
    "totalOtherIncomeExpensesNet": -14000000,
    "incomeBeforeTax": 88600000,
    "incomeBeforeTaxRatio": 0.1944688323,
    "incomeTaxExpense": 34100000,
    "netIncome": 54500000,
    "netIncomeRatio": 0.1196224759,
    "eps": 0.21,
    "epsdiluted": 0.21,
    "weightedAverageShsOut": 263577888,
    "weightedAverageShsOutDil": 263577888,
    "link": "https://www.sec.gov/Archives/edgar/data/1060391/000095014499010414/0000950144-99-010414-index.html",
    "finalLink": "https://www.sec.gov/Archives/edgar/data/1060391/000095014499010414/"
  },
  {
    "date": "1999-03-31",
    "symbol": "RSG",
    "reportedCurrency": "USD",
    "cik": "0001060391",
    "fillingDate": "1999-05-06",
    "acceptedDate": "1999-05-06 00:00:00",
    "calendarYear": "1999",
    "period": "Q1",
    "revenue": 403500000,
    "costOfRevenue": 244700000,
    "grossProfit": 158800000,
    "grossProfitRatio": 0.3935563817,
    "researchAndDevelopmentExpenses": 0,
    "generalAndAdministrativeExpenses": 46000000,
    "sellingAndMarketingExpenses": 0,
    "sellingGeneralAndAdministrativeExpenses": 46000000,
    "otherExpenses": 33400000,
    "operatingExpenses": 79400000,
    "costAndExpenses": 324100000,
    "interestIncome": 0,
    "interestExpense": 0,
    "depreciationAndAmortization": 33400000,
    "ebitda": 112800000,
    "ebitdaratio": 0.2795539033,
    "operatingIncome": 79400000,
    "operatingIncomeRatio": 0.1967781908,
    "totalOtherIncomeExpensesNet": -8800000,
    "incomeBeforeTax": 70600000,
    "incomeBeforeTaxRatio": 0.1749690211,
    "incomeTaxExpense": 27200000,
    "netIncome": 43400000,
    "netIncomeRatio": 0.10755886,
    "eps": 0.17,
    "epsdiluted": 0.17,
    "weightedAverageShsOut": 260269865,
    "weightedAverageShsOutDil": 260269865,
    "link": "https://www.sec.gov/Archives/edgar/data/1060391/000095014499005379/0000950144-99-005379-index.html",
    "finalLink": "https://www.sec.gov/Archives/edgar/data/1060391/"
  },
  {
    "date": "1998-12-31",
    "symbol": "RSG",
    "reportedCurrency": "USD",
    "cik": "0001060391",
    "fillingDate": "1999-01-29",
    "acceptedDate": "1999-01-29 00:00:00",
    "calendarYear": "1998",
    "period": "Q4",
    "revenue": 377400000,
    "costOfRevenue": 231000000,
    "grossProfit": 146400000,
    "grossProfitRatio": 0.3879173291,
    "researchAndDevelopmentExpenses": 0,
    "generalAndAdministrativeExpenses": 37200000,
    "sellingAndMarketingExpenses": 0,
    "sellingGeneralAndAdministrativeExpenses": 37200000,
    "otherExpenses": 29800000,
    "operatingExpenses": 67000000,
    "costAndExpenses": 298000000,
    "interestIncome": 0,
    "interestExpense": 0,
    "depreciationAndAmortization": 29800000,
    "ebitda": 109200000,
    "ebitdaratio": 0.2893481717,
    "operatingIncome": 79400000,
    "operatingIncomeRatio": 0.2103868574,
    "totalOtherIncomeExpensesNet": -5000000,
    "incomeBeforeTax": 74400000,
    "incomeBeforeTaxRatio": 0.1971383148,
    "incomeTaxExpense": 26800000,
    "netIncome": 47600000,
    "netIncomeRatio": 0.1261261261,
    "eps": 0.18,
    "epsdiluted": 0.18,
    "weightedAverageShsOut": 260269865,
    "weightedAverageShsOutDil": 260269865,
    "link": "https://www.sec.gov/Archives/edgar/data/1060391/000095014499000670/0000950144-99-000670-index.html",
    "finalLink": "https://www.sec.gov/Archives/edgar/data/1060391/"
  },
  {
    "date": "1998-09-30",
    "symbol": "RSG",
    "reportedCurrency": "USD",
    "cik": "0001060391",
    "fillingDate": "1998-11-13",
    "acceptedDate": "1998-11-13 00:00:00",
    "calendarYear": "1998",
    "period": "Q3",
    "revenue": 355000000,
    "costOfRevenue": 220100000,
    "grossProfit": 134900000,
    "grossProfitRatio": 0.38,
    "researchAndDevelopmentExpenses": 0,
    "generalAndAdministrativeExpenses": 32900000,
    "sellingAndMarketingExpenses": 0,
    "sellingGeneralAndAdministrativeExpenses": 32900000,
    "otherExpenses": 26700000,
    "operatingExpenses": 59600000,
    "costAndExpenses": 279700000,
    "interestIncome": 0,
    "interestExpense": 0,
    "depreciationAndAmortization": 26800000,
    "ebitda": 102100000,
    "ebitdaratio": 0.2876056338,
    "operatingIncome": 75300000,
    "operatingIncomeRatio": 0.2121126761,
    "totalOtherIncomeExpensesNet": -3100000,
    "incomeBeforeTax": 72200000,
    "incomeBeforeTaxRatio": 0.2033802817,
    "incomeTaxExpense": 26000000,
    "netIncome": 46200000,
    "netIncomeRatio": 0.1301408451,
    "eps": 0.17,
    "epsdiluted": 0.17,
    "weightedAverageShsOut": 266405259,
    "weightedAverageShsOutDil": 266405259,
    "link": "https://www.sec.gov/Archives/edgar/data/1060391/000095014498012640/0000950144-98-012640-index.html",
    "finalLink": "https://www.sec.gov/Archives/edgar/data/1060391/"
  },
  {
    "date": "1998-06-30",
    "symbol": "RSG",
    "reportedCurrency": "USD",
    "cik": "0001060391",
    "fillingDate": "1998-08-13",
    "acceptedDate": "1998-08-13 00:00:00",
    "calendarYear": "1998",
    "period": "Q2",
    "revenue": 335900000,
    "costOfRevenue": 206800000,
    "grossProfit": 129100000,
    "grossProfitRatio": 0.3843405776,
    "researchAndDevelopmentExpenses": 0,
    "generalAndAdministrativeExpenses": 0,
    "sellingAndMarketingExpenses": 0,
    "sellingGeneralAndAdministrativeExpenses": 33500000,
    "otherExpenses": 24900000,
    "operatingExpenses": 58400000,
    "costAndExpenses": 265200000,
    "interestIncome": 0,
    "interestExpense": 0,
    "depreciationAndAmortization": 24900000,
    "ebitda": 95600000,
    "ebitdaratio": 0.2846085144,
    "operatingIncome": 70700000,
    "operatingIncomeRatio": 0.2104793093,
    "totalOtherIncomeExpensesNet": -31500000,
    "incomeBeforeTax": 39200000,
    "incomeBeforeTaxRatio": 0.1167013992,
    "incomeTaxExpense": 14100000,
    "netIncome": 25100000,
    "netIncomeRatio": 0.0747246204,
    "eps": 0.17,
    "epsdiluted": 0.17,
    "weightedAverageShsOut": 262988006,
    "weightedAverageShsOutDil": 262988006,
    "link": "https://www.sec.gov/Archives/edgar/data/1060391/000095014498009679/0000950144-98-009679-index.html",
    "finalLink": "https://www.sec.gov/Archives/edgar/data/1060391/"
  }
]