[
  {
    "date": "2024-12-31",
    "symbol": "RSG",
    "reportedCurrency": "USD",
    "cik": "0001060391",
    "fillingDate": "2025-02-14",
    "acceptedDate": "2025-02-13 21:51:14",
    "calendarYear": "2024",
    "period": "FY",
    "revenue": 16032000000,
    "costOfRevenue": 11134000000,
    "grossProfit": 4898000000,
    "grossProfitRatio": 0.3055139721,
    "researchAndDevelopmentExpenses": 0,
    "generalAndAdministrativeExpenses": 0,
    "sellingAndMarketingExpenses": 0,
    "sellingGeneralAndAdministrativeExpenses": 1674000000,
    "otherExpenses": 0,
    "operatingExpenses": 1674000000,
    "costAndExpenses": 12808000000,
    "interestIncome": 9000000,
    "interestExpense": 550000000,
    "depreciationAndAmortization": 1784000000,
    "ebitda": 4766000000,
    "ebitdaratio": 0.2972804391,
    "operatingIncome": 3224000000,
    "operatingIncomeRatio": 0.2010978044,
    "totalOtherIncomeExpensesNet": -792000000,
    "incomeBeforeTax": 2432000000,
    "incomeBeforeTaxRatio": 0.1516966068,
    "incomeTaxExpense": 388000000,
    "netIncome": 2043000000,
    "netIncomeRatio": 0.1274326347,
    "eps": 6.5,
    "epsdiluted": 6.49,
    "weightedAverageShsOut": 314400000,
    "weightedAverageShsOutDil": 314800000,
    "link": "https://www.sec.gov/Archives/edgar/data/1060391/000106039125000091/0001060391-25-000091-index.htm",
    "finalLink": "https://www.sec.gov/Archives/edgar/data/1060391/000106039125000091/rsg-20241231.htm"
  },
  {
    "date": "2023-12-31",
    "symbol": "RSG",
    "reportedCurrency": "USD",
    "cik": "0001060391",
    "fillingDate": "2024-02-29",
    "acceptedDate": "2024-02-28 21:48:49",
    "calendarYear": "2023",
    "period": "FY",
    "revenue": 14964500000,
    "costOfRevenue": 10541500000,
    "grossProfit": 4423000000,
    "grossProfitRatio": 0.2955661733,
    "researchAndDevelopmentExpenses": 0,
    "generalAndAdministrativeExpenses": 0,
    "sellingAndMarketingExpenses": 0,
    "sellingGeneralAndAdministrativeExpenses": 1522000000,
    "otherExpenses": 57700000,
    "operatingExpenses": 1579700000,
    "costAndExpenses": 12121200000,
    "interestIncome": 6500000,
    "interestExpense": 529700000,
    "depreciationAndAmortization": 1599300000,
    "ebitda": 4320500000,
    "ebitdaratio": 0.2887166294,
    "operatingIncome": 2843300000,
    "operatingIncomeRatio": 0.1900030071,
    "totalOtherIncomeExpensesNet": -651800000,
    "incomeBeforeTax": 2191500000,
    "incomeBeforeTaxRatio": 0.1464465903,
    "incomeTaxExpense": 460100000,
    "netIncome": 1731000000,
    "netIncomeRatio": 0.1156737612,
    "eps": 5.47,
    "epsdiluted": 5.47,
    "weightedAverageShsOut": 316453382,
    "weightedAverageShsOutDil": 316665000,
    "link": "https://www.sec.gov/Archives/edgar/data/1060391/000106039124000142/0001060391-24-000142-index.htm",
    "finalLink": "https://www.sec.gov/Archives/edgar/data/1060391/000106039124000142/rsg-20231231.htm"
  },
  {
    "date": "2022-12-31",
    "symbol": "RSG",
    "reportedCurrency": "USD",
    "cik": "0001060391",
    "fillingDate": "2023-02-23",
    "acceptedDate": "2023-02-22 20:23:31",
    "calendarYear": "2022",
    "period": "FY",
    "revenue": 13511300000,
    "costOfRevenue": 9646200000,
    "grossProfit": 3865100000,
    "grossProfitRatio": 0.2860642573,
    "researchAndDevelopmentExpenses": 0,
    "generalAndAdministrativeExpenses": 0,
    "sellingAndMarketingExpenses": 0,
    "sellingGeneralAndAdministrativeExpenses": 1454300000,
    "otherExpenses": -1600000,
    "operatingExpenses": 1452700000,
    "costAndExpenses": 11098900000,
    "interestIncome": 3300000,
    "interestExpense": 386800000,
    "depreciationAndAmortization": 1441200000,
    "ebitda": 3659500000,
    "ebitdaratio": 0.2708473648,
    "operatingIncome": 2412400000,
    "operatingIncomeRatio": 0.178546846,
    "totalOtherIncomeExpensesNet": -580900000,
    "incomeBeforeTax": 1831500000,
    "incomeBeforeTaxRatio": 0.1355532036,
    "incomeTaxExpense": 343900000,
    "netIncome": 1487600000,
    "netIncomeRatio": 0.1101004345,
    "eps": 4.7,
    "epsdiluted": 4.69,
    "weightedAverageShsOut": 316530000,
    "weightedAverageShsOutDil": 317080000,
    "link": "https://www.sec.gov/Archives/edgar/data/1060391/000106039123000008/0001060391-23-000008-index.htm",
    "finalLink": "https://www.sec.gov/Archives/edgar/data/1060391/000106039123000008/rsg-20221231.htm"
  },
  {
    "date": "2021-12-31",
    "symbol": "RSG",
    "reportedCurrency": "USD",
    "cik": "0001060391",
    "fillingDate": "2022-02-11",
    "acceptedDate": "2022-02-10 21:43:39",
    "calendarYear": "2021",
    "period": "FY",
    "revenue": 11295000000,
    "costOfRevenue": 8005900000,
    "grossProfit": 3289100000,
    "grossProfitRatio": 0.2911996459,
    "researchAndDevelopmentExpenses": 0,
    "generalAndAdministrativeExpenses": 0,
    "sellingAndMarketingExpenses": 0,
    "sellingGeneralAndAdministrativeExpenses": 1195800000,
    "otherExpenses": 0,
    "operatingExpenses": 1195800000,
    "costAndExpenses": 9201700000,
    "interestIncome": 2500000,
    "interestExpense": 303600000,
    "depreciationAndAmortization": 1268200000,
    "ebitda": 3146900000,
    "ebitdaratio": 0.2786100044,
    "operatingIncome": 2093300000,
    "operatingIncomeRatio": 0.1853297919,
    "totalOtherIncomeExpensesNet": -518200000,
    "incomeBeforeTax": 1575100000,
    "incomeBeforeTaxRatio": 0.1394510846,
    "incomeTaxExpense": 282800000,
    "netIncome": 1290400000,
    "netIncomeRatio": 0.1142452413,
    "eps": 4.05,
    "epsdiluted": 4.04,
    "weightedAverageShsOut": 318811000,
    "weightedAverageShsOutDil": 319425000,
    "link": "https://www.sec.gov/Archives/edgar/data/1060391/000106039122000007/0001060391-22-000007-index.htm",
    "finalLink": "https://www.sec.gov/Archives/edgar/data/1060391/000106039122000007/rsg-20211231.htm"
  },
  {
    "date": "2020-12-31",
    "symbol": "RSG",
    "reportedCurrency": "USD",
    "cik": "0001060391",
    "fillingDate": "2021-02-23",
    "acceptedDate": "2021-02-22 21:53:26",
    "calendarYear": "2020",
    "period": "FY",
    "revenue": 10153600000,
    "costOfRevenue": 6100500000,
    "grossProfit": 4053100000,
    "grossProfitRatio": 0.3991786165,
    "researchAndDevelopmentExpenses": 0,
    "generalAndAdministrativeExpenses": 0,
    "sellingAndMarketingExpenses": 0,
    "sellingGeneralAndAdministrativeExpenses": 1025200000,
    "otherExpenses": 1318800000,
    "operatingExpenses": 2344000000,
    "costAndExpenses": 8444500000,
    "interestIncome": 5200000,
    "interestExpense": 351600000,
    "depreciationAndAmortization": 1158800000,
    "ebitda": 2653100000,
    "ebitdaratio": 0.261296486,
    "operatingIncome": 1709100000,
    "operatingIncomeRatio": 0.1683245351,
    "totalOtherIncomeExpensesNet": -566400000,
    "incomeBeforeTax": 1142700000,
    "incomeBeforeTaxRatio": 0.1125413646,
    "incomeTaxExpense": 173100000,
    "netIncome": 967200000,
    "netIncomeRatio": 0.0952568547,
    "eps": 3.03,
    "epsdiluted": 3.02,
    "weightedAverageShsOut": 319282000,
    "weightedAverageShsOutDil": 319836000,
    "link": "https://www.sec.gov/Archives/edgar/data/1060391/000106039121000014/0001060391-21-000014-index.htm",
    "finalLink": "https://www.sec.gov/Archives/edgar/data/1060391/000106039121000014/rsg-20201231.htm"
  },
  {
    "date": "2019-12-31",
    "symbol": "RSG",
    "reportedCurrency": "USD",
    "cik": "0001060391",
    "fillingDate": "2020-02-14",
    "acceptedDate": "2020-02-13 22:00:11",
    "calendarYear": "2019",
    "period": "FY",
    "revenue": 10299400000,
    "costOfRevenue": 7389200000,
    "grossProfit": 2910200000,
    "grossProfitRatio": 0.2825601491,
    "researchAndDevelopmentExpenses": 0,
    "generalAndAdministrativeExpenses": 0,
    "sellingAndMarketingExpenses": 0,
    "sellingGeneralAndAdministrativeExpenses": 1076000000,
    "otherExpenses": 0,
    "operatingExpenses": 1076000000,
    "costAndExpenses": 8465200000,
    "interestIncome": 6400000,
    "interestExpense": 390600000,
    "depreciationAndAmortization": 1122400000,
    "ebitda": 2808800000,
    "ebitdaratio": 0.2727149154,
    "operatingIncome": 1834200000,
    "operatingIncomeRatio": 0.178088044,
    "totalOtherIncomeExpensesNet": -538400000,
    "incomeBeforeTax": 1295800000,
    "incomeBeforeTaxRatio": 0.1258131542,
    "incomeTaxExpense": 222000000,
    "netIncome": 1073300000,
    "netIncomeRatio": 0.104209954,
    "eps": 3.34,
    "epsdiluted": 3.33,
    "weightedAverageShsOut": 321100000,
    "weightedAverageShsOutDil": 322000000,
    "link": "https://www.sec.gov/Archives/edgar/data/1060391/000106039120000016/0001060391-20-000016-index.htm",
    "finalLink": "https://www.sec.gov/Archives/edgar/data/1060391/000106039120000016/rsg-20191231.htm"
  },
  {
    "date": "2018-12-31",
    "symbol": "RSG",
    "reportedCurrency": "USD",
    "cik": "0001060391",
    "fillingDate": "2019-02-08",
    "acceptedDate": "2019-02-07 21:08:41",
    "calendarYear": "2018",
    "period": "FY",
    "revenue": 10039800000,
    "costOfRevenue": 7228400000,
    "grossProfit": 2811400000,
    "grossProfitRatio": 0.2800254985,
    "researchAndDevelopmentExpenses": 0,
    "generalAndAdministrativeExpenses": 0,
    "sellingAndMarketingExpenses": 0,
    "sellingGeneralAndAdministrativeExpenses": 1047500000,
    "otherExpenses": 0,
    "operatingExpenses": 1047500000,
    "costAndExpenses": 8275900000,
    "interestIncome": 1600000,
    "interestExpense": 385400000,
    "depreciationAndAmortization": 1114100000,
    "ebitda": 2820400000,
    "ebitdaratio": 0.2809219307,
    "operatingIncome": 1763900000,
    "operatingIncomeRatio": 0.1756907508,
    "totalOtherIncomeExpensesNet": -443000000,
    "incomeBeforeTax": 1320900000,
    "incomeBeforeTaxRatio": 0.1315663659,
    "incomeTaxExpense": 283300000,
    "netIncome": 1036900000,
    "netIncomeRatio": 0.1032789498,
    "eps": 3.17,
    "epsdiluted": 3.16,
    "weightedAverageShsOut": 326900000,
    "weightedAverageShsOutDil": 328400000,
    "link": "https://www.sec.gov/Archives/edgar/data/1060391/000106039119000008/0001060391-19-000008-index.htm",
    "finalLink": "https://www.sec.gov/Archives/edgar/data/1060391/000106039119000008/rsg-2018x1231x10xk.htm"
  },
  {
    "date": "2017-12-31",
    "symbol": "RSG",
    "reportedCurrency": "USD",
    "cik": "0001060391",
    "fillingDate": "2018-02-09",
    "acceptedDate": "2018-02-08 21:50:43",
    "calendarYear": "2017",
    "period": "FY",
    "revenue": 10044300000,
    "costOfRevenue": 7327400000,
    "grossProfit": 2716900000,
    "grossProfitRatio": 0.2704917217,
    "researchAndDevelopmentExpenses": 0,
    "generalAndAdministrativeExpenses": 0,
    "sellingAndMarketingExpenses": 0,
    "sellingGeneralAndAdministrativeExpenses": 1057400000,
    "otherExpenses": 1199999,
    "operatingExpenses": 1058599999,
    "costAndExpenses": 8386000000,
    "interestIncome": 1000000,
    "interestExpense": 364000000,
    "depreciationAndAmortization": 1116100000,
    "ebitda": 2762200000,
    "ebitdaratio": 0.2750017423,
    "operatingIncome": 1658300000,
    "operatingIncomeRatio": 0.1650986131,
    "totalOtherIncomeExpensesNet": -376200000,
    "incomeBeforeTax": 1282100000,
    "incomeBeforeTaxRatio": 0.1276445347,
    "incomeTaxExpense": 3100000,
    "netIncome": 1278400000,
    "netIncomeRatio": 0.1272761666,
    "eps": 3.79,
    "epsdiluted": 3.77,
    "weightedAverageShsOut": 337100000,
    "weightedAverageShsOutDil": 339000000,
    "link": "https://www.sec.gov/Archives/edgar/data/1060391/000106039118000005/0001060391-18-000005-index.htm",
    "finalLink": "https://www.sec.gov/Archives/edgar/data/1060391/000106039118000005/rsg-2017x1231x10xk.htm"
  },
  {
    "date": "2016-12-31",
    "symbol": "RSG",
    "reportedCurrency": "USD",
    "cik": "0001060391",
    "fillingDate": "2017-02-17",
    "acceptedDate": "2017-02-16 19:15:45",
    "calendarYear": "2016",
    "period": "FY",
    "revenue": 9387700000,
    "costOfRevenue": 6800100000,
    "grossProfit": 2587600000,
    "grossProfitRatio": 0.27563727,
    "researchAndDevelopmentExpenses": 0,
    "generalAndAdministrativeExpenses": 0,
    "sellingAndMarketingExpenses": 0,
    "sellingGeneralAndAdministrativeExpenses": 969800000,
    "otherExpenses": 1116400000,
    "operatingExpenses": 2086200000,
    "costAndExpenses": 7775500000,
    "interestIncome": 900000,
    "interestExpense": 387400000,
    "depreciationAndAmortization": 1070200000,
    "ebitda": 2423500000,
    "ebitdaratio": 0.2581569501,
    "operatingIncome": 1612200000,
    "operatingIncomeRatio": 0.1717353558,
    "totalOtherIncomeExpensesNet": -646300000,
    "incomeBeforeTax": 965900000,
    "incomeBeforeTaxRatio": 0.1028899517,
    "incomeTaxExpense": 352700000,
    "netIncome": 612600000,
    "netIncomeRatio": 0.0652556004,
    "eps": 1.79,
    "epsdiluted": 1.78,
    "weightedAverageShsOut": 343000000,
    "weightedAverageShsOutDil": 344400000,
    "link": "https://www.sec.gov/Archives/edgar/data/1060391/000106039117000012/0001060391-17-000012-index.htm",
    "finalLink": "https://www.sec.gov/Archives/edgar/data/1060391/000106039117000012/rsg-2016x1231x10xk.htm"
  },
  {
    "date": "2015-12-31",
    "symbol": "RSG",
    "reportedCurrency": "USD",
    "cik": "0001060391",
    "fillingDate": "2016-02-12",
    "acceptedDate": "2016-02-11 19:33:57",
    "calendarYear": "2015",
    "period": "FY",
    "revenue": 9115000000,
    "costOfRevenue": 6540100000,
    "grossProfit": 2574900000,
    "grossProfitRatio": 0.2824904004,
    "researchAndDevelopmentExpenses": 0,
    "generalAndAdministrativeExpenses": 0,
    "sellingAndMarketingExpenses": 0,
    "sellingGeneralAndAdministrativeExpenses": 983100000,
    "otherExpenses": 4500000,
    "operatingExpenses": 987600000,
    "costAndExpenses": 7527700000,
    "interestIncome": 800000,
    "interestExpense": 369900000,
    "depreciationAndAmortization": 1050000000,
    "ebitda": 2615800000,
    "ebitdaratio": 0.2869775096,
    "operatingIncome": 1587300000,
    "operatingIncomeRatio": 0.174141525,
    "totalOtherIncomeExpensesNet": -391400000,
    "incomeBeforeTax": 1195900000,
    "incomeBeforeTaxRatio": 0.1312013165,
    "incomeTaxExpense": 445500000,
    "netIncome": 749900000,
    "netIncomeRatio": 0.0822709819,
    "eps": 2.14,
    "epsdiluted": 2.13,
    "weightedAverageShsOut": 350000000,
    "weightedAverageShsOutDil": 351400000,
    "link": "https://www.sec.gov/Archives/edgar/data/1060391/000106039116000060/0001060391-16-000060-index.htm",
    "finalLink": "https://www.sec.gov/Archives/edgar/data/1060391/000106039116000060/rsg-2015x1231x10xk.htm"
  },
  {
    "date": "2014-12-31",
    "symbol": "RSG",
    "reportedCurrency": "USD",
    "cik": "0001060391",
    "fillingDate": "2015-02-23",
    "acceptedDate": "2015-02-23 17:27:05",
    "calendarYear": "2014",
    "period": "FY",
    "revenue": 8788300000,
    "costOfRevenue": 6626600000,
    "grossProfit": 2161700000,
    "grossProfitRatio": 0.2459747619,
    "researchAndDevelopmentExpenses": 0,
    "generalAndAdministrativeExpenses": 0,
    "sellingAndMarketingExpenses": 0,
    "sellingGeneralAndAdministrativeExpenses": 918900000,
    "otherExpenses": 1500000,
    "operatingExpenses": 920400000,
    "costAndExpenses": 7547000000,
    "interestIncome": 600000,
    "interestExpense": 333100000,
    "depreciationAndAmortization": 997800000,
    "ebitda": 2216200000,
    "ebitdaratio": 0.2521761888,
    "operatingIncome": 1241300000,
    "operatingIncomeRatio": 0.1412446093,
    "totalOtherIncomeExpensesNet": -356000000,
    "incomeBeforeTax": 885300000,
    "incomeBeforeTaxRatio": 0.1007362061,
    "incomeTaxExpense": 337400000,
    "netIncome": 547600000,
    "netIncomeRatio": 0.0623101169,
    "eps": 1.54,
    "epsdiluted": 1.53,
    "weightedAverageShsOut": 356700000,
    "weightedAverageShsOutDil": 358100000,
    "link": "https://www.sec.gov/Archives/edgar/data/1060391/000106039115000010/0001060391-15-000010-index.htm",
    "finalLink": "https://www.sec.gov/Archives/edgar/data/1060391/000106039115000010/rsg-2014x1231x10xk.htm"
  },
  {
    "date": "2013-12-31",
    "symbol": "RSG",
    "reportedCurrency": "USD",
    "cik": "0001060391",
    "fillingDate": "2014-02-13",
    "acceptedDate": "2014-02-12 18:22:42",
    "calendarYear": "2013",
    "period": "FY",
    "revenue": 8417000000,
    "costOfRevenue": 6205400000,
    "grossProfit": 2211600000,
    "grossProfitRatio": 0.2627539503,
    "researchAndDevelopmentExpenses": 0,
    "generalAndAdministrativeExpenses": 0,
    "sellingAndMarketingExpenses": 0,
    "sellingGeneralAndAdministrativeExpenses": 853800000,
    "otherExpenses": 1118400000,
    "operatingExpenses": 1972200000,
    "costAndExpenses": 7216900000,
    "interestIncome": 700000,
    "interestExpense": 345500000,
    "depreciationAndAmortization": 967800000,
    "ebitda": 2164500000,
    "ebitdaratio": 0.2571581324,
    "operatingIncome": 1200100000,
    "operatingIncomeRatio": 0.1425804919,
    "totalOtherIncomeExpensesNet": -348900000,
    "incomeBeforeTax": 851200000,
    "incomeBeforeTaxRatio": 0.1011286682,
    "incomeTaxExpense": 262100000,
    "netIncome": 588900000,
    "netIncomeRatio": 0.0699655459,
    "eps": 1.63,
    "epsdiluted": 1.62,
    "weightedAverageShsOut": 362100000,
    "weightedAverageShsOutDil": 363400000,
    "link": "https://www.sec.gov/Archives/edgar/data/1060391/000106039114000011/0001060391-14-000011-index.htm",
    "finalLink": "https://www.sec.gov/Archives/edgar/data/1060391/000106039114000011/rsg-2013x1231x10xk.htm"
  },
  {
    "date": "2012-12-31",
    "symbol": "RSG",
    "reportedCurrency": "USD",
    "cik": "0001060391",
    "fillingDate": "2013-02-15",
    "acceptedDate": "2013-02-15 15:24:35",
    "calendarYear": "2012",
    "period": "FY",
    "revenue": 8115000000,
    "costOfRevenue": 5950900000,
    "grossProfit": 2164100000,
    "grossProfitRatio": 0.2666789895,
    "researchAndDevelopmentExpenses": 0,
    "generalAndAdministrativeExpenses": 0,
    "sellingAndMarketingExpenses": 0,
    "sellingGeneralAndAdministrativeExpenses": 820900000,
    "otherExpenses": 35800000,
    "operatingExpenses": 856700000,
    "costAndExpenses": 6807600000,
    "interestIncome": 1000000,
    "interestExpense": 373000000,
    "depreciationAndAmortization": 942400000,
    "ebitda": 2139300000,
    "ebitdaratio": 0.2636229205,
    "operatingIncome": 1307400000,
    "operatingIncomeRatio": 0.1611090573,
    "totalOtherIncomeExpensesNet": -483500000,
    "incomeBeforeTax": 823900000,
    "incomeBeforeTaxRatio": 0.1015280345,
    "incomeTaxExpense": 251800000,
    "netIncome": 571800000,
    "netIncomeRatio": 0.0704621072,
    "eps": 1.56,
    "epsdiluted": 1.55,
    "weightedAverageShsOut": 366900000,
    "weightedAverageShsOutDil": 368000000,
    "link": "https://www.sec.gov/Archives/edgar/data/1060391/000106039113000011/0001060391-13-000011-index.htm",
    "finalLink": "https://www.sec.gov/Archives/edgar/data/1060391/000106039113000011/rsg2012x1231x10xk.htm"
  },
  {
    "date": "2011-12-31",
    "symbol": "RSG",
    "reportedCurrency": "USD",
    "cik": "0001060391",
    "fillingDate": "2012-02-17",
    "acceptedDate": "2012-02-17 13:58:44",
    "calendarYear": "2011",
    "period": "FY",
    "revenue": 8200700000,
    "costOfRevenue": 5804400000,
    "grossProfit": 2396300000,
    "grossProfitRatio": 0.2922067628,
    "researchAndDevelopmentExpenses": 0,
    "generalAndAdministrativeExpenses": 0,
    "sellingAndMarketingExpenses": 0,
    "sellingGeneralAndAdministrativeExpenses": 825400000,
    "otherExpenses": 0,
    "operatingExpenses": 825400000,
    "costAndExpenses": 6629800000,
    "interestIncome": 300000,
    "interestExpense": 428800000,
    "depreciationAndAmortization": 938400000,
    "ebitda": 2273500000,
    "ebitdaratio": 0.2772324314,
    "operatingIncome": 1570900000,
    "operatingIncomeRatio": 0.1915568183,
    "totalOtherIncomeExpensesNet": -664600000,
    "incomeBeforeTax": 906300000,
    "incomeBeforeTaxRatio": 0.110514956,
    "incomeTaxExpense": 317400000,
    "netIncome": 589200000,
    "netIncomeRatio": 0.0718475252,
    "eps": 1.57,
    "epsdiluted": 1.56,
    "weightedAverageShsOut": 376000000,
    "weightedAverageShsOutDil": 377600000,
    "link": "https://www.sec.gov/Archives/edgar/data/1060391/000119312512067094/0001193125-12-067094-index.htm",
    "finalLink": "https://www.sec.gov/Archives/edgar/data/1060391/000119312512067094/d266251d10k.htm"
  },
  {
    "date": "2010-12-31",
    "symbol": "RSG",
    "reportedCurrency": "USD",
    "cik": "0001060391",
    "fillingDate": "2011-02-18",
    "acceptedDate": "2011-02-18 16:11:53",
    "calendarYear": "2010",
    "period": "FY",
    "revenue": 8109200000,
    "costOfRevenue": 5696000000,
    "grossProfit": 2413200000,
    "grossProfitRatio": 0.2975879248,
    "researchAndDevelopmentExpenses": 0,
    "generalAndAdministrativeExpenses": 0,
    "sellingAndMarketingExpenses": 0,
    "sellingGeneralAndAdministrativeExpenses": 858000000,
    "otherExpenses": 0,
    "operatingExpenses": 858000000,
    "costAndExpenses": 6554000000,
    "interestIncome": 700000,
    "interestExpense": 496900000,
    "depreciationAndAmortization": 933200000,
    "ebitda": 2307100000,
    "ebitdaratio": 0.2845040201,
    "operatingIncome": 1555200000,
    "operatingIncomeRatio": 0.1917821733,
    "totalOtherIncomeExpensesNet": -678200000,
    "incomeBeforeTax": 877000000,
    "incomeBeforeTaxRatio": 0.1081487693,
    "incomeTaxExpense": 369500000,
    "netIncome": 506500000,
    "netIncomeRatio": 0.0624599221,
    "eps": 1.32,
    "epsdiluted": 1.32,
    "weightedAverageShsOut": 383000000,
    "weightedAverageShsOutDil": 385100000,
    "link": "https://www.sec.gov/Archives/edgar/data/1060391/000095012311015710/0000950123-11-015710-index.htm",
    "finalLink": "https://www.sec.gov/Archives/edgar/data/1060391/000095012311015710/p18372e10vk.htm"
  },
  {
    "date": "2009-12-31",
    "symbol": "RSG",
    "reportedCurrency": "USD",
    "cik": "0001060391",
    "fillingDate": "2010-02-24",
    "acceptedDate": "2010-02-24 16:17:26",
    "calendarYear": "2009",
    "period": "FY",
    "revenue": 8194000000,
    "costOfRevenue": 5819900000,
    "grossProfit": 2374100000,
    "grossProfitRatio": 0.2897363925,
    "researchAndDevelopmentExpenses": 0,
    "generalAndAdministrativeExpenses": 0,
    "sellingAndMarketingExpenses": 0,
    "sellingGeneralAndAdministrativeExpenses": 880400000,
    "otherExpenses": 0,
    "operatingExpenses": 880400000,
    "costAndExpenses": 6700300000,
    "interestIncome": 10700000,
    "interestExpense": 580100000,
    "depreciationAndAmortization": 983000000,
    "ebitda": 2428100000,
    "ebitdaratio": 0.2963265804,
    "operatingIncome": 1493700000,
    "operatingIncomeRatio": 0.1822919209,
    "totalOtherIncomeExpensesNet": -628700000,
    "incomeBeforeTax": 865000000,
    "incomeBeforeTaxRatio": 0.1055650476,
    "incomeTaxExpense": 368500000,
    "netIncome": 495000000,
    "netIncomeRatio": 0.0604100561,
    "eps": 1.3,
    "epsdiluted": 1.3,
    "weightedAverageShsOut": 379700000,
    "weightedAverageShsOutDil": 381000000,
    "link": "https://www.sec.gov/Archives/edgar/data/1060391/000095012310016361/0000950123-10-016361-index.htm",
    "finalLink": "https://www.sec.gov/Archives/edgar/data/1060391/000095012310016361/p16448e10vk.htm"
  },
  {
    "date": "2008-12-31",
    "symbol": "RSG",
    "reportedCurrency": "USD",
    "cik": "0001060391",
    "fillingDate": "2009-03-02",
    "acceptedDate": "2009-03-02 16:01:39",
    "calendarYear": "2008",
    "period": "FY",
    "revenue": 3685100000,
    "costOfRevenue": 2800600000,
    "grossProfit": 884500000,
    "grossProfitRatio": 0.2400206236,
    "researchAndDevelopmentExpenses": 0,
    "generalAndAdministrativeExpenses": 0,
    "sellingAndMarketingExpenses": 0,
    "sellingGeneralAndAdministrativeExpenses": 434700000,
    "otherExpenses": 0,
    "operatingExpenses": 434700000,
    "costAndExpenses": 3235300000,
    "interestIncome": 13400000,
    "interestExpense": 135700000,
    "depreciationAndAmortization": 378000000,
    "ebitda": 673000000,
    "ebitdaratio": 0.1826273371,
    "operatingIncome": 449800000,
    "operatingIncomeRatio": 0.1220591029,
    "totalOtherIncomeExpensesNet": -290500000,
    "incomeBeforeTax": 159300000,
    "incomeBeforeTaxRatio": 0.0432281349,
    "incomeTaxExpense": 85400000,
    "netIncome": 73800000,
    "netIncomeRatio": 0.0200265936,
    "eps": 0.38,
    "epsdiluted": 0.37,
    "weightedAverageShsOut": 196700000,
    "weightedAverageShsOutDil": 198400000,
    "link": "https://www.sec.gov/Archives/edgar/data/1060391/000095015309000172/0000950153-09-000172-index.htm",
    "finalLink": "https://www.sec.gov/Archives/edgar/data/1060391/000095015309000172/p14076e10vk.htm"
  },
  {
    "date": "2007-12-31",
    "symbol": "RSG",
    "reportedCurrency": "USD",
    "cik": "0001060391",
    "fillingDate": "2008-02-21",
    "acceptedDate": "2008-02-21 17:23:22",
    "calendarYear": "2007",
    "period": "FY",
    "revenue": 3176200000,
    "costOfRevenue": 2318300000,
    "grossProfit": 857900000,
    "grossProfitRatio": 0.2701026384,
    "researchAndDevelopmentExpenses": 0,
    "generalAndAdministrativeExpenses": 0,
    "sellingAndMarketingExpenses": 0,
    "sellingGeneralAndAdministrativeExpenses": 320300000,
    "otherExpenses": 0,
    "operatingExpenses": 320300000,
    "costAndExpenses": 2638600000,
    "interestIncome": 13900000,
    "interestExpense": 95900000,
    "depreciationAndAmortization": 322600000,
    "ebitda": 886600000,
    "ebitdaratio": 0.2791385933,
    "operatingIncome": 537600000,
    "operatingIncomeRatio": 0.1692588628,
    "totalOtherIncomeExpensesNet": -69500000,
    "incomeBeforeTax": 468100000,
    "incomeBeforeTaxRatio": 0.1473773692,
    "incomeTaxExpense": 177900000,
    "netIncome": 290200000,
    "netIncomeRatio": 0.0913670424,
    "eps": 1.53,
    "epsdiluted": 1.51,
    "weightedAverageShsOut": 190100000,
    "weightedAverageShsOutDil": 192000000,
    "link": "https://www.sec.gov/Archives/edgar/data/1060391/000095014408001276/0000950144-08-001276-index.htm",
    "finalLink": "https://www.sec.gov/Archives/edgar/data/1060391/000095014408001276/g11818e10vk.htm"
  },
  {
    "date": "2006-12-31",
    "symbol": "RSG",
    "reportedCurrency": "USD",
    "cik": "0001060391",
    "fillingDate": "2007-02-23",
    "acceptedDate": "2007-02-23 16:21:18",
    "calendarYear": "2006",
    "period": "FY",
    "revenue": 3070600000,
    "costOfRevenue": 2235700000,
    "grossProfit": 834900000,
    "grossProfitRatio": 0.2719012571,
    "researchAndDevelopmentExpenses": 0,
    "generalAndAdministrativeExpenses": 0,
    "sellingAndMarketingExpenses": 0,
    "sellingGeneralAndAdministrativeExpenses": 315000000,
    "otherExpenses": 0,
    "operatingExpenses": 315000000,
    "costAndExpenses": 2550700000,
    "interestIncome": 16900000,
    "interestExpense": 96900000,
    "depreciationAndAmortization": 311700000,
    "ebitda": 852300000,
    "ebitdaratio": 0.277567902,
    "operatingIncome": 519900000,
    "operatingIncomeRatio": 0.1693154432,
    "totalOtherIncomeExpensesNet": -76200000,
    "incomeBeforeTax": 443700000,
    "incomeBeforeTaxRatio": 0.1444994464,
    "incomeTaxExpense": 164100000,
    "netIncome": 279600000,
    "netIncomeRatio": 0.0910571224,
    "eps": 1.41,
    "epsdiluted": 1.39,
    "weightedAverageShsOut": 198200000,
    "weightedAverageShsOutDil": 200600000,
    "link": "https://www.sec.gov/Archives/edgar/data/1060391/000095014407001564/0000950144-07-001564-index.htm",
    "finalLink": "https://www.sec.gov/Archives/edgar/data/1060391/000095014407001564/g05604e10vk.htm"
  },
  {
    "date": "2005-12-31",
    "symbol": "RSG",
    "reportedCurrency": "USD",
    "cik": "0001060391",
    "fillingDate": "2006-02-24",
    "acceptedDate": "2006-02-24 16:13:42",
    "calendarYear": "2005",
    "period": "FY",
    "revenue": 2863900000,
    "costOfRevenue": 2099699999,
    "grossProfit": 764200000,
    "grossProfitRatio": 0.2668389259,
    "researchAndDevelopmentExpenses": 0,
    "generalAndAdministrativeExpenses": 0,
    "sellingAndMarketingExpenses": 0,
    "sellingGeneralAndAdministrativeExpenses": 289500000,
    "otherExpenses": 0,
    "operatingExpenses": 289500000,
    "costAndExpenses": 2389200000,
    "interestIncome": 12500000,
    "interestExpense": 82100000,
    "depreciationAndAmortization": 293300000,
    "ebitda": 784600000,
    "ebitdaratio": 0.2739620797,
    "operatingIncome": 474700000,
    "operatingIncomeRatio": 0.1657529942,
    "totalOtherIncomeExpensesNet": -65500000,
    "incomeBeforeTax": 409200000,
    "incomeBeforeTaxRatio": 0.1428820839,
    "incomeTaxExpense": 155500000,
    "netIncome": 253700000,
    "netIncomeRatio": 0.0885854953,
    "eps": 1.23,
    "epsdiluted": 1.2,
    "weightedAverageShsOut": 207000000,
    "weightedAverageShsOutDil": 210800000,
    "link": "https://www.sec.gov/Archives/edgar/data/1060391/000095014406001501/0000950144-06-001501-index.htm",
    "finalLink": "https://www.sec.gov/Archives/edgar/data/1060391/000095014406001501/g99735e10vk.htm"
  },
  {
    "date": "2004-12-31",
    "symbol": "RSG",
    "reportedCurrency": "USD",
    "cik": "0001060391",
    "fillingDate": "2005-02-25",
    "acceptedDate": "2005-02-25 16:36:18",
    "calendarYear": "2004",
    "period": "FY",
    "revenue": 2708100000,
    "costOfRevenue": 1987500000,
    "grossProfit": 720600000,
    "grossProfitRatio": 0.266090617,
    "researchAndDevelopmentExpenses": 0,
    "generalAndAdministrativeExpenses": 0,
    "sellingAndMarketingExpenses": 0,
    "sellingGeneralAndAdministrativeExpenses": 268300000,
    "otherExpenses": 0,
    "operatingExpenses": 268300000,
    "costAndExpenses": 2255800000,
    "interestIncome": 14100000,
    "interestExpense": 83900000,
    "depreciationAndAmortization": 273100000,
    "ebitda": 740700000,
    "ebitdaratio": 0.2735127949,
    "operatingIncome": 452300000,
    "operatingIncomeRatio": 0.1670174661,
    "totalOtherIncomeExpensesNet": -68600000,
    "incomeBeforeTax": 383700000,
    "incomeBeforeTaxRatio": 0.141686053,
    "incomeTaxExpense": 145800000,
    "netIncome": 237900000,
    "netIncomeRatio": 0.0878475684,
    "eps": 1.1,
    "epsdiluted": 1.08,
    "weightedAverageShsOut": 217300000,
    "weightedAverageShsOutDil": 221100000,
    "link": "https://www.sec.gov/Archives/edgar/data/1060391/000095014405001868/0000950144-05-001868-index.htm",
    "finalLink": "https://www.sec.gov/Archives/edgar/data/1060391/000095014405001868/g93417e10vk.htm"
  },
  {
    "date": "2003-12-31",
    "symbol": "RSG",
    "reportedCurrency": "USD",
    "cik": "0001060391",
    "fillingDate": "2004-03-12",
    "acceptedDate": "2004-03-11 17:51:28",
    "calendarYear": "2003",
    "period": "FY",
    "revenue": 2517800000,
    "costOfRevenue": 1605400000,
    "grossProfit": 912400000,
    "grossProfitRatio": 0.3623798554,
    "researchAndDevelopmentExpenses": 0,
    "generalAndAdministrativeExpenses": 260600000,
    "sellingAndMarketingExpenses": 0,
    "sellingGeneralAndAdministrativeExpenses": 260600000,
    "otherExpenses": 239100000,
    "operatingExpenses": 499700000,
    "costAndExpenses": 2105100000,
    "interestIncome": 0,
    "interestExpense": 0,
    "depreciationAndAmortization": 239100000,
    "ebitda": 651800000,
    "ebitdaratio": 0.2588767972,
    "operatingIncome": 412700000,
    "operatingIncomeRatio": 0.1639129399,
    "totalOtherIncomeExpensesNet": -65300000,
    "incomeBeforeTax": 347400000,
    "incomeBeforeTaxRatio": 0.1379775995,
    "incomeTaxExpense": 132000000,
    "netIncome": 177600000,
    "netIncomeRatio": 0.0705377711,
    "eps": 0.79,
    "epsdiluted": 0.78,
    "weightedAverageShsOut": 224800000,
    "weightedAverageShsOutDil": 227600000,
    "link": "https://www.sec.gov/Archives/edgar/data/1060391/000095014404002337/0000950144-04-002337-index.htm",
    "finalLink": "https://www.sec.gov/Archives/edgar/data/1060391/000095014404002337/g87671e10vk.htm"
  },
  {
    "date": "2002-12-31",
    "symbol": "RSG",
    "reportedCurrency": "USD",
    "cik": "0001060391",
    "fillingDate": "2003-03-27",
    "acceptedDate": "2003-03-27 16:27:48",
    "calendarYear": "2002",
    "period": "FY",
    "revenue": 2365100000,
    "costOfRevenue": 1472900000,
    "grossProfit": 892200000,
    "grossProfitRatio": 0.3772356349,
    "researchAndDevelopmentExpenses": 0,
    "generalAndAdministrativeExpenses": 238700000,
    "sellingAndMarketingExpenses": 0,
    "sellingGeneralAndAdministrativeExpenses": 238700000,
    "otherExpenses": 194000000,
    "operatingExpenses": 432700000,
    "costAndExpenses": 1905600000,
    "interestIncome": 0,
    "interestExpense": 0,
    "depreciationAndAmortization": 199600000,
    "ebitda": 659100000,
    "ebitdaratio": 0.2786774344,
    "operatingIncome": 459500000,
    "operatingIncomeRatio": 0.1942835398,
    "totalOtherIncomeExpensesNet": -73000000,
    "incomeBeforeTax": 386500000,
    "incomeBeforeTaxRatio": 0.1634180373,
    "incomeTaxExpense": 146900000,
    "netIncome": 239600000,
    "netIncomeRatio": 0.1013064987,
    "eps": 0.96,
    "epsdiluted": 0.96,
    "weightedAverageShsOut": 250050000,
    "weightedAverageShsOutDil": 250050000,
    "link": "https://www.sec.gov/Archives/edgar/data/1060391/000095014403003923/0000950144-03-003923-index.htm",
    "finalLink": "https://www.sec.gov/Archives/edgar/data/1060391/000095014403003923/g81519e10vk.txt"
  },
  {
    "date": "2001-12-31",
    "symbol": "RSG",
    "reportedCurrency": "USD",
    "cik": "0001060391",
    "fillingDate": "2002-03-28",
    "acceptedDate": "2002-03-28 00:00:00",
    "calendarYear": "2001",
    "period": "FY",
    "revenue": 2257500000,
    "costOfRevenue": 1422500000,
    "grossProfit": 835000000,
    "grossProfitRatio": 0.3698781838,
    "researchAndDevelopmentExpenses": 0,
    "generalAndAdministrativeExpenses": 236500000,
    "sellingAndMarketingExpenses": 0,
    "sellingGeneralAndAdministrativeExpenses": 236500000,
    "otherExpenses": 215400000,
    "operatingExpenses": 451900000,
    "costAndExpenses": 1874400000,
    "interestIncome": 0,
    "interestExpense": 0,
    "depreciationAndAmortization": 153900000,
    "ebitda": 598500000,
    "ebitdaratio": 0.2651162791,
    "operatingIncome": 383100000,
    "operatingIncomeRatio": 0.1697009967,
    "totalOtherIncomeExpensesNet": -173800000,
    "incomeBeforeTax": 209300000,
    "incomeBeforeTaxRatio": 0.0927131783,
    "incomeTaxExpense": 83800000,
    "netIncome": 125500000,
    "netIncomeRatio": 0.0555924695,
    "eps": 0.49,
    "epsdiluted": 0.49,
    "weightedAverageShsOut": 256650000,
    "weightedAverageShsOutDil": 256650000,
    "link": "https://www.sec.gov/Archives/edgar/data/1060391/000095014402002988/0000950144-02-002988-index.htm",
    "finalLink": "https://www.sec.gov/Archives/edgar/data/1060391/000095014402002988/g74827e10-k.txt"
  },
  {
    "date": "2000-12-31",
    "symbol": "RSG",
    "reportedCurrency": "USD",
    "cik": "0001060391",
    "fillingDate": "2001-02-22",
    "acceptedDate": "2001-02-22 00:00:00",
    "calendarYear": "2000",
    "period": "FY",
    "revenue": 2103300000,
    "costOfRevenue": 1271300000,
    "grossProfit": 832000000,
    "grossProfitRatio": 0.395568868,
    "researchAndDevelopmentExpenses": 0,
    "generalAndAdministrativeExpenses": 200600000,
    "sellingAndMarketingExpenses": 0,
    "sellingGeneralAndAdministrativeExpenses": 200600000,
    "otherExpenses": 197400000,
    "operatingExpenses": 398000000,
    "costAndExpenses": 1669300000,
    "interestIncome": 0,
    "interestExpense": 0,
    "depreciationAndAmortization": 197400000,
    "ebitda": 631400000,
    "ebitdaratio": 0.3001949318,
    "operatingIncome": 434000000,
    "operatingIncomeRatio": 0.2063424143,
    "totalOtherIncomeExpensesNet": -77600000,
    "incomeBeforeTax": 356400000,
    "incomeBeforeTaxRatio": 0.1694480103,
    "incomeTaxExpense": 135400000,
    "netIncome": 221000000,
    "netIncomeRatio": 0.1050729806,
    "eps": 0.84,
    "epsdiluted": 0.84,
    "weightedAverageShsOut": 262500000,
    "weightedAverageShsOutDil": 262500000,
    "link": "https://www.sec.gov/Archives/edgar/data/1060391/000095014401003018/0000950144-01-003018-index.htm",
    "finalLink": "https://www.sec.gov/Archives/edgar/data/1060391/000095014401003018/g67177e10-k405.txt"
  },
  {
    "date": "1999-12-31",
    "symbol": "RSG",
    "reportedCurrency": "USD",
    "cik": "0001060391",
    "fillingDate": "2000-03-13",
    "acceptedDate": "2000-03-13 00:00:00",
    "calendarYear": "1999",
    "period": "FY",
    "revenue": 1838500000,
    "costOfRevenue": 1101100000,
    "grossProfit": 737400000,
    "grossProfitRatio": 0.4010878434,
    "researchAndDevelopmentExpenses": 0,
    "generalAndAdministrativeExpenses": 183600000,
    "sellingAndMarketingExpenses": 0,
    "sellingGeneralAndAdministrativeExpenses": 183600000,
    "otherExpenses": 163200000,
    "operatingExpenses": 346800000,
    "costAndExpenses": 1447900000,
    "interestIncome": 0,
    "interestExpense": 0,
    "depreciationAndAmortization": 163200000,
    "ebitda": 553800000,
    "ebitdaratio": 0.3012238238,
    "operatingIncome": 390600000,
    "operatingIncomeRatio": 0.2124558064,
    "totalOtherIncomeExpensesNet": -64100000,
    "incomeBeforeTax": 326500000,
    "incomeBeforeTaxRatio": 0.177590427,
    "incomeTaxExpense": 125700000,
    "netIncome": 200800000,
    "netIncomeRatio": 0.1092194724,
    "eps": 0.76,
    "epsdiluted": 0.76,
    "weightedAverageShsOut": 263550000,
    "weightedAverageShsOutDil": 263550000,
    "link": "https://www.sec.gov/Archives/edgar/data/1060391/000095014400003134/0000950144-00-003134-index.html",
    "finalLink": "https://www.sec.gov/Archives/edgar/data/1060391/000095014400003134/"
  },
  {
    "date": "1998-12-31",
    "symbol": "RSG",
    "reportedCurrency": "USD",
    "cik": "0001060391",
    "fillingDate": "1999-01-29",
    "acceptedDate": "1999-01-29 00:00:00",
    "calendarYear": "1998",
    "period": "FY",
    "revenue": 1369100000,
    "costOfRevenue": 842700000,
    "grossProfit": 526400000,
    "grossProfitRatio": 0.3844861588,
    "researchAndDevelopmentExpenses": 0,
    "generalAndAdministrativeExpenses": 135800000,
    "sellingAndMarketingExpenses": 0,
    "sellingGeneralAndAdministrativeExpenses": 135800000,
    "otherExpenses": 106300000,
    "operatingExpenses": 242100000,
    "costAndExpenses": 1084800000,
    "interestIncome": 0,
    "interestExpense": 0,
    "depreciationAndAmortization": 106300000,
    "ebitda": 390600000,
    "ebitdaratio": 0.2852969104,
    "operatingIncome": 284300000,
    "operatingIncomeRatio": 0.2076546636,
    "totalOtherIncomeExpensesNet": -44100000,
    "incomeBeforeTax": 240200000,
    "incomeBeforeTaxRatio": 0.1754437222,
    "incomeTaxExpense": 86500000,
    "netIncome": 153700000,
    "netIncomeRatio": 0.1122635308,
    "eps": 0.75,
    "epsdiluted": 0.75,
    "weightedAverageShsOut": 204026549,
    "weightedAverageShsOutDil": 204026549,
    "link": "https://www.sec.gov/Archives/edgar/data/1060391/000095014499000670/0000950144-99-000670-index.html",
    "finalLink": "https://www.sec.gov/Archives/edgar/data/1060391/"
  }
]