[
  {
    "date": "2025-06-30",
    "symbol": "RTX",
    "reportedCurrency": "USD",
    "cik": "0000101829",
    "fillingDate": "2025-07-22",
    "acceptedDate": "2025-07-22 06:58:52",
    "calendarYear": "2025",
    "period": "Q2",
    "revenue": 21581000000,
    "costOfRevenue": 17205000000,
    "grossProfit": 4376000000,
    "grossProfitRatio": 0.2027709559,
    "researchAndDevelopmentExpenses": 697000000,
    "generalAndAdministrativeExpenses": 0,
    "sellingAndMarketingExpenses": 0,
    "sellingGeneralAndAdministrativeExpenses": 1573000000,
    "otherExpenses": 0,
    "operatingExpenses": 2270000000,
    "costAndExpenses": 19475000000,
    "interestIncome": 28000000,
    "interestExpense": 480000000,
    "depreciationAndAmortization": 1076000000,
    "ebitda": 3596000000,
    "ebitdaratio": 0.1666280525,
    "operatingIncome": 2106000000,
    "operatingIncomeRatio": 0.0975858394,
    "totalOtherIncomeExpensesNet": -66000000,
    "incomeBeforeTax": 2040000000,
    "incomeBeforeTaxRatio": 0.0945275937,
    "incomeTaxExpense": 315000000,
    "netIncome": 1657000000,
    "netIncomeRatio": 0.0767805014,
    "eps": 1.24,
    "epsdiluted": 1.22,
    "weightedAverageShsOut": 1340600000,
    "weightedAverageShsOutDil": 1354000000,
    "link": "https://www.sec.gov/Archives/edgar/data/101829/000010182925000030/0000101829-25-000030-index.htm",
    "finalLink": "https://www.sec.gov/Archives/edgar/data/101829/000010182925000030/a2025-07x228xkerexhibit99.htm"
  },
  {
    "date": "2025-03-31",
    "symbol": "RTX",
    "reportedCurrency": "USD",
    "cik": "0000101829",
    "fillingDate": "2025-04-22",
    "acceptedDate": "2025-04-22 16:56:41",
    "calendarYear": "2025",
    "period": "Q1",
    "revenue": 20306000000,
    "costOfRevenue": 16190000000,
    "grossProfit": 4116000000,
    "grossProfitRatio": 0.2026987097,
    "researchAndDevelopmentExpenses": 637000000,
    "generalAndAdministrativeExpenses": 0,
    "sellingAndMarketingExpenses": 0,
    "sellingGeneralAndAdministrativeExpenses": 1448000000,
    "otherExpenses": 0,
    "operatingExpenses": 2085000000,
    "costAndExpenses": 18275000000,
    "interestIncome": 51000000,
    "interestExpense": 502000000,
    "depreciationAndAmortization": 1052000000,
    "ebitda": 3512000000,
    "ebitdaratio": 0.1729538068,
    "operatingIncome": 2031000000,
    "operatingIncomeRatio": 0.1000196986,
    "totalOtherIncomeExpensesNet": -73000000,
    "incomeBeforeTax": 1958000000,
    "incomeBeforeTaxRatio": 0.0964247021,
    "incomeTaxExpense": 333000000,
    "netIncome": 1535000000,
    "netIncomeRatio": 0.0755934207,
    "eps": 1.15,
    "epsdiluted": 1.14,
    "weightedAverageShsOut": 1337100000,
    "weightedAverageShsOutDil": 1351800000,
    "link": "https://www.sec.gov/Archives/edgar/data/101829/000010182925000015/0000101829-25-000015-index.htm",
    "finalLink": "https://www.sec.gov/Archives/edgar/data/101829/000010182925000015/rtx-20250331.htm"
  },
  {
    "date": "2024-12-31",
    "symbol": "RTX",
    "reportedCurrency": "USD",
    "cik": "0000101829",
    "fillingDate": "2025-02-03",
    "acceptedDate": "2025-02-03 17:21:23",
    "calendarYear": "2024",
    "period": "Q4",
    "revenue": 21623000000,
    "costOfRevenue": 17388000000,
    "grossProfit": 4235000000,
    "grossProfitRatio": 0.1958562642,
    "researchAndDevelopmentExpenses": 808000000,
    "generalAndAdministrativeExpenses": 0,
    "sellingAndMarketingExpenses": 0,
    "sellingGeneralAndAdministrativeExpenses": 1574000000,
    "otherExpenses": 0,
    "operatingExpenses": 2382000000,
    "costAndExpenses": 19770000000,
    "interestIncome": 27000000,
    "interestExpense": 514000000,
    "depreciationAndAmortization": 1139000000,
    "ebitda": 3661000000,
    "ebitdaratio": 0.1693104565,
    "operatingIncome": 1853000000,
    "operatingIncomeRatio": 0.0856957869,
    "totalOtherIncomeExpensesNet": 156000000,
    "incomeBeforeTax": 2009000000,
    "incomeBeforeTaxRatio": 0.092910327,
    "incomeTaxExpense": 449000000,
    "netIncome": 1482000000,
    "netIncomeRatio": 0.0685381307,
    "eps": 1.11,
    "epsdiluted": 1.1,
    "weightedAverageShsOut": 1334400000,
    "weightedAverageShsOutDil": 1348900000,
    "link": "https://www.sec.gov/Archives/edgar/data/101829/000010182925000005/0000101829-25-000005-index.htm",
    "finalLink": "https://www.sec.gov/Archives/edgar/data/101829/000010182925000005/rtx-20241231.htm"
  },
  {
    "date": "2024-09-30",
    "symbol": "RTX",
    "reportedCurrency": "USD",
    "cik": "0000101829",
    "fillingDate": "2024-10-22",
    "acceptedDate": "2024-10-22 17:17:27",
    "calendarYear": "2024",
    "period": "Q3",
    "revenue": 20089000000,
    "costOfRevenue": 16055000000,
    "grossProfit": 4034000000,
    "grossProfitRatio": 0.2008064115,
    "researchAndDevelopmentExpenses": 751000000,
    "generalAndAdministrativeExpenses": 0,
    "sellingAndMarketingExpenses": 0,
    "sellingGeneralAndAdministrativeExpenses": 1389000000,
    "otherExpenses": 0,
    "operatingExpenses": 2140000000,
    "costAndExpenses": 18195000000,
    "interestIncome": 45000000,
    "interestExpense": 548000000,
    "depreciationAndAmortization": 1094000000,
    "ebitda": 3548000000,
    "ebitdaratio": 0.1766140674,
    "operatingIncome": 1894000000,
    "operatingIncomeRatio": 0.094280452,
    "totalOtherIncomeExpensesNet": 12000000,
    "incomeBeforeTax": 1906000000,
    "incomeBeforeTaxRatio": 0.0948777938,
    "incomeTaxExpense": 371000000,
    "netIncome": 1472000000,
    "netIncomeRatio": 0.073273931,
    "eps": 1.1,
    "epsdiluted": 1.09,
    "weightedAverageShsOut": 1333200000,
    "weightedAverageShsOutDil": 1346200000,
    "link": "https://www.sec.gov/Archives/edgar/data/101829/000010182924000038/0000101829-24-000038-index.htm",
    "finalLink": "https://www.sec.gov/Archives/edgar/data/101829/000010182924000038/rtx-20240930.htm"
  },
  {
    "date": "2024-06-30",
    "symbol": "RTX",
    "reportedCurrency": "USD",
    "cik": "0000101829",
    "fillingDate": "2024-07-25",
    "acceptedDate": "2024-07-25 16:13:32",
    "calendarYear": "2024",
    "period": "Q2",
    "revenue": 19721000000,
    "costOfRevenue": 16141000000,
    "grossProfit": 3580000000,
    "grossProfitRatio": 0.1815323767,
    "researchAndDevelopmentExpenses": 706000000,
    "generalAndAdministrativeExpenses": 0,
    "sellingAndMarketingExpenses": 0,
    "sellingGeneralAndAdministrativeExpenses": 1449000000,
    "otherExpenses": 0,
    "operatingExpenses": 2155000000,
    "costAndExpenses": 18296000000,
    "interestIncome": 19000000,
    "interestExpense": 488000000,
    "depreciationAndAmortization": 1072000000,
    "ebitda": 1988000000,
    "ebitdaratio": 0.1008062471,
    "operatingIncome": 1425000000,
    "operatingIncomeRatio": 0.0722579991,
    "totalOtherIncomeExpensesNet": -997000000,
    "incomeBeforeTax": 428000000,
    "incomeBeforeTaxRatio": 0.0217027534,
    "incomeTaxExpense": 253000000,
    "netIncome": 111000000,
    "netIncomeRatio": 0.0056285178,
    "eps": 0.0833,
    "epsdiluted": 0.0827,
    "weightedAverageShsOut": 1331800000,
    "weightedAverageShsOutDil": 1342100000,
    "link": "https://www.sec.gov/Archives/edgar/data/101829/000010182924000027/0000101829-24-000027-index.htm",
    "finalLink": "https://www.sec.gov/Archives/edgar/data/101829/000010182924000027/rtx-20240630.htm"
  },
  {
    "date": "2024-03-31",
    "symbol": "RTX",
    "reportedCurrency": "USD",
    "cik": "0000101829",
    "fillingDate": "2024-04-23",
    "acceptedDate": "2024-04-23 16:14:10",
    "calendarYear": "2024",
    "period": "Q1",
    "revenue": 19305000000,
    "costOfRevenue": 15744000000,
    "grossProfit": 3561000000,
    "grossProfitRatio": 0.1844599845,
    "researchAndDevelopmentExpenses": 669000000,
    "generalAndAdministrativeExpenses": 0,
    "sellingAndMarketingExpenses": 0,
    "sellingGeneralAndAdministrativeExpenses": 1394000000,
    "otherExpenses": 0,
    "operatingExpenses": 2063000000,
    "costAndExpenses": 17807000000,
    "interestIncome": 11000000,
    "interestExpense": 420000000,
    "depreciationAndAmortization": 1059000000,
    "ebitda": 3330000000,
    "ebitdaratio": 0.1724941725,
    "operatingIncome": 1498000000,
    "operatingIncomeRatio": 0.0775964776,
    "totalOtherIncomeExpensesNet": 353000000,
    "incomeBeforeTax": 1851000000,
    "incomeBeforeTaxRatio": 0.0958818959,
    "incomeTaxExpense": 108000000,
    "netIncome": 1709000000,
    "netIncomeRatio": 0.0885262885,
    "eps": 1.29,
    "epsdiluted": 1.28,
    "weightedAverageShsOut": 1329400000,
    "weightedAverageShsOutDil": 1337300000,
    "link": "https://www.sec.gov/Archives/edgar/data/101829/000010182924000012/0000101829-24-000012-index.htm",
    "finalLink": "https://www.sec.gov/Archives/edgar/data/101829/000010182924000012/rtx-20240331.htm"
  },
  {
    "date": "2023-12-31",
    "symbol": "RTX",
    "reportedCurrency": "USD",
    "cik": "0000101829",
    "fillingDate": "2024-02-05",
    "acceptedDate": "2024-02-05 16:17:23",
    "calendarYear": "2023",
    "period": "Q4",
    "revenue": 19927000000,
    "costOfRevenue": 15918000000,
    "grossProfit": 4009000000,
    "grossProfitRatio": 0.2011843228,
    "researchAndDevelopmentExpenses": 757000000,
    "generalAndAdministrativeExpenses": 0,
    "sellingAndMarketingExpenses": 0,
    "sellingGeneralAndAdministrativeExpenses": 1445000000,
    "otherExpenses": 0,
    "operatingExpenses": 2202000000,
    "costAndExpenses": 18120000000,
    "interestIncome": 54000000,
    "interestExpense": 551000000,
    "depreciationAndAmortization": 733000000,
    "ebitda": 3019000000,
    "ebitdaratio": 0.1515029859,
    "operatingIncome": 1807000000,
    "operatingIncomeRatio": 0.0906809856,
    "totalOtherIncomeExpensesNet": -72000000,
    "incomeBeforeTax": 1735000000,
    "incomeBeforeTaxRatio": 0.0870677975,
    "incomeTaxExpense": 262000000,
    "netIncome": 1426000000,
    "netIncomeRatio": 0.0715611984,
    "eps": 1.05,
    "epsdiluted": 1.05,
    "weightedAverageShsOut": 1354900000,
    "weightedAverageShsOutDil": 1361700000,
    "link": "https://www.sec.gov/Archives/edgar/data/101829/000010182924000008/0000101829-24-000008-index.htm",
    "finalLink": "https://www.sec.gov/Archives/edgar/data/101829/000010182924000008/rtx-20231231.htm"
  },
  {
    "date": "2023-09-30",
    "symbol": "RTX",
    "reportedCurrency": "USD",
    "cik": "0000101829",
    "fillingDate": "2023-10-24",
    "acceptedDate": "2023-10-24 16:49:41",
    "calendarYear": "2023",
    "period": "Q3",
    "revenue": 13464000000,
    "costOfRevenue": 12750000000,
    "grossProfit": 714000000,
    "grossProfitRatio": 0.053030303,
    "researchAndDevelopmentExpenses": 712000000,
    "generalAndAdministrativeExpenses": 0,
    "sellingAndMarketingExpenses": 0,
    "sellingGeneralAndAdministrativeExpenses": 1401000000,
    "otherExpenses": 0,
    "operatingExpenses": 2113000000,
    "costAndExpenses": 14863000000,
    "interestIncome": 19000000,
    "interestExpense": 391000000,
    "depreciationAndAmortization": 1074000000,
    "ebitda": 143000000,
    "ebitdaratio": 0.010620915,
    "operatingIncome": -1399000000,
    "operatingIncomeRatio": -0.1039067142,
    "totalOtherIncomeExpensesNet": 77000000,
    "incomeBeforeTax": -1322000000,
    "incomeBeforeTaxRatio": -0.09818776,
    "incomeTaxExpense": -389000000,
    "netIncome": -984000000,
    "netIncomeRatio": -0.073083779,
    "eps": -0.68,
    "epsdiluted": -0.68,
    "weightedAverageShsOut": 1448100000,
    "weightedAverageShsOutDil": 1448100000,
    "link": "https://www.sec.gov/Archives/edgar/data/101829/000010182923000037/0000101829-23-000037-index.htm",
    "finalLink": "https://www.sec.gov/Archives/edgar/data/101829/000010182923000037/rtx-20230930.htm"
  },
  {
    "date": "2023-06-30",
    "symbol": "RTX",
    "reportedCurrency": "USD",
    "cik": "0000101829",
    "fillingDate": "2023-07-25",
    "acceptedDate": "2023-07-25 16:03:57",
    "calendarYear": "2023",
    "period": "Q2",
    "revenue": 18315000000,
    "costOfRevenue": 14518000000,
    "grossProfit": 3797000000,
    "grossProfitRatio": 0.2073164073,
    "researchAndDevelopmentExpenses": 729000000,
    "generalAndAdministrativeExpenses": 0,
    "sellingAndMarketingExpenses": 0,
    "sellingGeneralAndAdministrativeExpenses": 1635000000,
    "otherExpenses": 0,
    "operatingExpenses": 2364000000,
    "costAndExpenses": 16882000000,
    "interestIncome": 17000000,
    "interestExpense": 372000000,
    "depreciationAndAmortization": 1044000000,
    "ebitda": 2988000000,
    "ebitdaratio": 0.1631449631,
    "operatingIncome": 1433000000,
    "operatingIncomeRatio": 0.0782418782,
    "totalOtherIncomeExpensesNet": 139000000,
    "incomeBeforeTax": 1572000000,
    "incomeBeforeTaxRatio": 0.0858312858,
    "incomeTaxExpense": 213000000,
    "netIncome": 1327000000,
    "netIncomeRatio": 0.0724542725,
    "eps": 0.91,
    "epsdiluted": 0.9,
    "weightedAverageShsOut": 1457500000,
    "weightedAverageShsOutDil": 1468700000,
    "link": "https://www.sec.gov/Archives/edgar/data/101829/000010182923000032/0000101829-23-000032-index.htm",
    "finalLink": "https://www.sec.gov/Archives/edgar/data/101829/000010182923000032/rtx-20230630.htm"
  },
  {
    "date": "2023-03-31",
    "symbol": "RTX",
    "reportedCurrency": "USD",
    "cik": "0000101829",
    "fillingDate": "2023-04-25",
    "acceptedDate": "2023-04-25 16:37:10",
    "calendarYear": "2023",
    "period": "Q1",
    "revenue": 17214000000,
    "costOfRevenue": 13645000000,
    "grossProfit": 3569000000,
    "grossProfitRatio": 0.207331242,
    "researchAndDevelopmentExpenses": 607000000,
    "generalAndAdministrativeExpenses": 0,
    "sellingAndMarketingExpenses": 0,
    "sellingGeneralAndAdministrativeExpenses": 1363000000,
    "otherExpenses": 0,
    "operatingExpenses": 1970000000,
    "costAndExpenses": 15615000000,
    "interestIncome": 10000000,
    "interestExpense": 339000000,
    "depreciationAndAmortization": 1034000000,
    "ebitda": 3189000000,
    "ebitdaratio": 0.1852561868,
    "operatingIncome": 1599000000,
    "operatingIncomeRatio": 0.0928895085,
    "totalOtherIncomeExpensesNet": 217000000,
    "incomeBeforeTax": 1816000000,
    "incomeBeforeTaxRatio": 0.1054955269,
    "incomeTaxExpense": 335000000,
    "netIncome": 1426000000,
    "netIncomeRatio": 0.0828395492,
    "eps": 0.98,
    "epsdiluted": 0.97,
    "weightedAverageShsOut": 1462200000,
    "weightedAverageShsOutDil": 1474200000,
    "link": "https://www.sec.gov/Archives/edgar/data/101829/000010182923000015/0000101829-23-000015-index.htm",
    "finalLink": "https://www.sec.gov/Archives/edgar/data/101829/000010182923000015/rtx-20230331.htm"
  },
  {
    "date": "2022-12-31",
    "symbol": "RTX",
    "reportedCurrency": "USD",
    "cik": "0000101829",
    "fillingDate": "2023-02-07",
    "acceptedDate": "2023-02-06 17:32:52",
    "calendarYear": "2022",
    "period": "Q4",
    "revenue": 18093000000,
    "costOfRevenue": 14526000000,
    "grossProfit": 3567000000,
    "grossProfitRatio": 0.1971480683,
    "researchAndDevelopmentExpenses": 716000000,
    "generalAndAdministrativeExpenses": 0,
    "sellingAndMarketingExpenses": 0,
    "sellingGeneralAndAdministrativeExpenses": 1389000000,
    "otherExpenses": 0,
    "operatingExpenses": 2105000000,
    "costAndExpenses": 16631000000,
    "interestIncome": 16000000,
    "interestExpense": 332000000,
    "depreciationAndAmortization": 697000000,
    "ebitda": 2669000000,
    "ebitdaratio": 0.1475156138,
    "operatingIncome": 1462000000,
    "operatingIncomeRatio": 0.0808047311,
    "totalOtherIncomeExpensesNet": 178000000,
    "incomeBeforeTax": 1640000000,
    "incomeBeforeTaxRatio": 0.09064279,
    "incomeTaxExpense": 172000000,
    "netIncome": 1422000000,
    "netIncomeRatio": 0.0785939314,
    "eps": 0.97,
    "epsdiluted": 0.96,
    "weightedAverageShsOut": 1465500000,
    "weightedAverageShsOutDil": 1476300000,
    "link": "https://www.sec.gov/Archives/edgar/data/101829/000010182923000009/0000101829-23-000009-index.htm",
    "finalLink": "https://www.sec.gov/Archives/edgar/data/101829/000010182923000009/rtx-20221231.htm"
  },
  {
    "date": "2022-09-30",
    "symbol": "RTX",
    "reportedCurrency": "USD",
    "cik": "0000101829",
    "fillingDate": "2022-10-25",
    "acceptedDate": "2022-10-25 16:33:08",
    "calendarYear": "2022",
    "period": "Q3",
    "revenue": 16951000000,
    "costOfRevenue": 13464000000,
    "grossProfit": 3487000000,
    "grossProfitRatio": 0.2057105775,
    "researchAndDevelopmentExpenses": 662000000,
    "generalAndAdministrativeExpenses": 0,
    "sellingAndMarketingExpenses": 0,
    "sellingGeneralAndAdministrativeExpenses": 1391000000,
    "otherExpenses": 0,
    "operatingExpenses": 2053000000,
    "costAndExpenses": 15517000000,
    "interestIncome": 10000000,
    "interestExpense": 326000000,
    "depreciationAndAmortization": 1047000000,
    "ebitda": 3010000000,
    "ebitdaratio": 0.1775706448,
    "operatingIncome": 1434000000,
    "operatingIncomeRatio": 0.084596779,
    "totalOtherIncomeExpensesNet": 203000000,
    "incomeBeforeTax": 1637000000,
    "incomeBeforeTaxRatio": 0.0965724736,
    "incomeTaxExpense": 242000000,
    "netIncome": 1387000000,
    "netIncomeRatio": 0.0818240812,
    "eps": 0.94,
    "epsdiluted": 0.94,
    "weightedAverageShsOut": 1470100000,
    "weightedAverageShsOutDil": 1479300000,
    "link": "https://www.sec.gov/Archives/edgar/data/101829/000010182922000056/0000101829-22-000056-index.htm",
    "finalLink": "https://www.sec.gov/Archives/edgar/data/101829/000010182922000056/rtx-20220930.htm"
  },
  {
    "date": "2022-06-30",
    "symbol": "RTX",
    "reportedCurrency": "USD",
    "cik": "0000101829",
    "fillingDate": "2022-07-26",
    "acceptedDate": "2022-07-26 16:25:12",
    "calendarYear": "2022",
    "period": "Q2",
    "revenue": 16314000000,
    "costOfRevenue": 12856000000,
    "grossProfit": 3458000000,
    "grossProfitRatio": 0.2119651833,
    "researchAndDevelopmentExpenses": 698000000,
    "generalAndAdministrativeExpenses": 0,
    "sellingAndMarketingExpenses": 0,
    "sellingGeneralAndAdministrativeExpenses": 1424000000,
    "otherExpenses": 0,
    "operatingExpenses": 2122000000,
    "costAndExpenses": 14978000000,
    "interestIncome": 13000000,
    "interestExpense": 320000000,
    "depreciationAndAmortization": 999000000,
    "ebitda": 2817000000,
    "ebitdaratio": 0.1726737771,
    "operatingIncome": 1336000000,
    "operatingIncomeRatio": 0.0818928528,
    "totalOtherIncomeExpensesNet": 162000000,
    "incomeBeforeTax": 1498000000,
    "incomeBeforeTaxRatio": 0.0918229741,
    "incomeTaxExpense": 160000000,
    "netIncome": 1304000000,
    "netIncomeRatio": 0.0799313473,
    "eps": 0.88,
    "epsdiluted": 0.88,
    "weightedAverageShsOut": 1479200000,
    "weightedAverageShsOutDil": 1489600000,
    "link": "https://www.sec.gov/Archives/edgar/data/101829/000010182922000040/0000101829-22-000040-index.htm",
    "finalLink": "https://www.sec.gov/Archives/edgar/data/101829/000010182922000040/rtx-20220630.htm"
  },
  {
    "date": "2022-03-31",
    "symbol": "RTX",
    "reportedCurrency": "USD",
    "cik": "0000101829",
    "fillingDate": "2022-04-26",
    "acceptedDate": "2022-04-26 16:18:11",
    "calendarYear": "2022",
    "period": "Q1",
    "revenue": 15716000000,
    "costOfRevenue": 12560000000,
    "grossProfit": 3156000000,
    "grossProfitRatio": 0.2008144566,
    "researchAndDevelopmentExpenses": 635000000,
    "generalAndAdministrativeExpenses": 0,
    "sellingAndMarketingExpenses": 0,
    "sellingGeneralAndAdministrativeExpenses": 1435000000,
    "otherExpenses": 0,
    "operatingExpenses": 2070000000,
    "costAndExpenses": 14630000000,
    "interestIncome": 31000000,
    "interestExpense": 322000000,
    "depreciationAndAmortization": 1014000000,
    "ebitda": 2578000000,
    "ebitdaratio": 0.1640366505,
    "operatingIncome": 1086000000,
    "operatingIncomeRatio": 0.0691015526,
    "totalOtherIncomeExpensesNet": 156000000,
    "incomeBeforeTax": 1242000000,
    "incomeBeforeTaxRatio": 0.0790277424,
    "incomeTaxExpense": 116000000,
    "netIncome": 1084000000,
    "netIncomeRatio": 0.0689742937,
    "eps": 0.73,
    "epsdiluted": 0.72,
    "weightedAverageShsOut": 1486800000,
    "weightedAverageShsOutDil": 1497900000,
    "link": "https://www.sec.gov/Archives/edgar/data/101829/000010182922000018/0000101829-22-000018-index.htm",
    "finalLink": "https://www.sec.gov/Archives/edgar/data/101829/000010182922000018/rtx-20220331.htm"
  },
  {
    "date": "2021-12-31",
    "symbol": "RTX",
    "reportedCurrency": "USD",
    "cik": "0000101829",
    "fillingDate": "2022-02-11",
    "acceptedDate": "2022-02-11 16:18:55",
    "calendarYear": "2021",
    "period": "Q4",
    "revenue": 17042000000,
    "costOfRevenue": 13607000000,
    "grossProfit": 3435000000,
    "grossProfitRatio": 0.2015608497,
    "researchAndDevelopmentExpenses": 810000000,
    "generalAndAdministrativeExpenses": 0,
    "sellingAndMarketingExpenses": 0,
    "sellingGeneralAndAdministrativeExpenses": 1391000000,
    "otherExpenses": 0,
    "operatingExpenses": 2201000000,
    "costAndExpenses": 15808000000,
    "interestIncome": 12000000,
    "interestExpense": 288000000,
    "depreciationAndAmortization": 1144000000,
    "ebitda": 2331000000,
    "ebitdaratio": 0.1367797207,
    "operatingIncome": 1234000000,
    "operatingIncomeRatio": 0.0724093416,
    "totalOtherIncomeExpensesNet": -367000000,
    "incomeBeforeTax": 867000000,
    "incomeBeforeTaxRatio": 0.0508743105,
    "incomeTaxExpense": 96000000,
    "netIncome": 686000000,
    "netIncomeRatio": 0.0402534914,
    "eps": 0.46,
    "epsdiluted": 0.46,
    "weightedAverageShsOut": 1490500000,
    "weightedAverageShsOutDil": 1500200000,
    "link": "https://www.sec.gov/Archives/edgar/data/101829/000010182922000005/0000101829-22-000005-index.htm",
    "finalLink": "https://www.sec.gov/Archives/edgar/data/101829/000010182922000005/rtx-20211231.htm"
  },
  {
    "date": "2021-09-30",
    "symbol": "RTX",
    "reportedCurrency": "USD",
    "cik": "0000101829",
    "fillingDate": "2021-10-26",
    "acceptedDate": "2021-10-26 16:04:56",
    "calendarYear": "2021",
    "period": "Q3",
    "revenue": 16221000000,
    "costOfRevenue": 13085000000,
    "grossProfit": 3136000000,
    "grossProfitRatio": 0.1933296344,
    "researchAndDevelopmentExpenses": 676000000,
    "generalAndAdministrativeExpenses": 0,
    "sellingAndMarketingExpenses": 0,
    "sellingGeneralAndAdministrativeExpenses": 1214000000,
    "otherExpenses": 0,
    "operatingExpenses": 1890000000,
    "costAndExpenses": 14975000000,
    "interestIncome": 9000000,
    "interestExpense": 336000000,
    "depreciationAndAmortization": 1158000000,
    "ebitda": 2969000000,
    "ebitdaratio": 0.1830343382,
    "operatingIncome": 1246000000,
    "operatingIncomeRatio": 0.0768140065,
    "totalOtherIncomeExpensesNet": 230000000,
    "incomeBeforeTax": 1476000000,
    "incomeBeforeTaxRatio": 0.090993157,
    "incomeTaxExpense": 3000000,
    "netIncome": 1393000000,
    "netIncomeRatio": 0.0858763331,
    "eps": 0.93,
    "epsdiluted": 0.93,
    "weightedAverageShsOut": 1497900000,
    "weightedAverageShsOutDil": 1505900000,
    "link": "https://www.sec.gov/Archives/edgar/data/101829/000010182921000056/0000101829-21-000056-index.htm",
    "finalLink": "https://www.sec.gov/Archives/edgar/data/101829/000010182921000056/rtx-20210930.htm"
  },
  {
    "date": "2021-06-30",
    "symbol": "RTX",
    "reportedCurrency": "USD",
    "cik": "0000101829",
    "fillingDate": "2021-07-27",
    "acceptedDate": "2021-07-27 16:54:03",
    "calendarYear": "2021",
    "period": "Q2",
    "revenue": 15860000000,
    "costOfRevenue": 12654000000,
    "grossProfit": 3206000000,
    "grossProfitRatio": 0.2021437579,
    "researchAndDevelopmentExpenses": 657000000,
    "generalAndAdministrativeExpenses": 0,
    "sellingAndMarketingExpenses": 0,
    "sellingGeneralAndAdministrativeExpenses": 1313000000,
    "otherExpenses": 0,
    "operatingExpenses": 1970000000,
    "costAndExpenses": 14624000000,
    "interestIncome": 4000000,
    "interestExpense": 330000000,
    "depreciationAndAmortization": 1132000000,
    "ebitda": 2908000000,
    "ebitdaratio": 0.1833543506,
    "operatingIncome": 1236000000,
    "operatingIncomeRatio": 0.0779319042,
    "totalOtherIncomeExpensesNet": 194000000,
    "incomeBeforeTax": 1430000000,
    "incomeBeforeTaxRatio": 0.0901639344,
    "incomeTaxExpense": 342000000,
    "netIncome": 1032000000,
    "netIncomeRatio": 0.0650693569,
    "eps": 0.69,
    "epsdiluted": 0.68,
    "weightedAverageShsOut": 1506400000,
    "weightedAverageShsOutDil": 1513500000,
    "link": "https://www.sec.gov/Archives/edgar/data/101829/000010182921000051/0000101829-21-000051-index.htm",
    "finalLink": "https://www.sec.gov/Archives/edgar/data/101829/000010182921000051/rtx-20210630.htm"
  },
  {
    "date": "2021-03-31",
    "symbol": "RTX",
    "reportedCurrency": "USD",
    "cik": "0000101829",
    "fillingDate": "2021-04-27",
    "acceptedDate": "2021-04-27 16:05:56",
    "calendarYear": "2021",
    "period": "Q1",
    "revenue": 15237000000,
    "costOfRevenue": 12517000000,
    "grossProfit": 2720000000,
    "grossProfitRatio": 0.1785128306,
    "researchAndDevelopmentExpenses": 589000000,
    "generalAndAdministrativeExpenses": 0,
    "sellingAndMarketingExpenses": 0,
    "sellingGeneralAndAdministrativeExpenses": 1180000000,
    "otherExpenses": 0,
    "operatingExpenses": 1769000000,
    "costAndExpenses": 14286000000,
    "interestIncome": 11000000,
    "interestExpense": 342000000,
    "depreciationAndAmortization": 1123000000,
    "ebitda": 2638000000,
    "ebitdaratio": 0.1731311938,
    "operatingIncome": 951000000,
    "operatingIncomeRatio": 0.062413861,
    "totalOtherIncomeExpensesNet": 207000000,
    "incomeBeforeTax": 1158000000,
    "incomeBeforeTaxRatio": 0.0759992124,
    "incomeTaxExpense": 345000000,
    "netIncome": 753000000,
    "netIncomeRatio": 0.049419177,
    "eps": 0.5,
    "epsdiluted": 0.5,
    "weightedAverageShsOut": 1511100000,
    "weightedAverageShsOutDil": 1514100000,
    "link": "https://www.sec.gov/Archives/edgar/data/101829/000010182921000024/0000101829-21-000024-index.htm",
    "finalLink": "https://www.sec.gov/Archives/edgar/data/101829/000010182921000024/rtx-20210331.htm"
  },
  {
    "date": "2020-12-31",
    "symbol": "RTX",
    "reportedCurrency": "USD",
    "cik": "0000101829",
    "fillingDate": "2021-02-08",
    "acceptedDate": "2021-02-08 17:07:52",
    "calendarYear": "2020",
    "period": "Q4",
    "revenue": 16408000000,
    "costOfRevenue": 14199000000,
    "grossProfit": 2209000000,
    "grossProfitRatio": 0.134629449,
    "researchAndDevelopmentExpenses": 710000000,
    "generalAndAdministrativeExpenses": 0,
    "sellingAndMarketingExpenses": 0,
    "sellingGeneralAndAdministrativeExpenses": 1313000000,
    "otherExpenses": 0,
    "operatingExpenses": 2023000000,
    "costAndExpenses": 16222000000,
    "interestIncome": 18000000,
    "interestExpense": 367000000,
    "depreciationAndAmortization": 1153000000,
    "ebitda": 1557000000,
    "ebitdaratio": 0.0948927353,
    "operatingIncome": 186000000,
    "operatingIncomeRatio": 0.0113359337,
    "totalOtherIncomeExpensesNet": -149000000,
    "incomeBeforeTax": 37000000,
    "incomeBeforeTaxRatio": 0.0022549976,
    "incomeTaxExpense": -178000000,
    "netIncome": 135000000,
    "netIncomeRatio": 0.0082276938,
    "eps": 0.0893,
    "epsdiluted": 0.0891,
    "weightedAverageShsOut": 1512300000,
    "weightedAverageShsOutDil": 1515400000,
    "link": "https://www.sec.gov/Archives/edgar/data/101829/000010182921000008/0000101829-21-000008-index.htm",
    "finalLink": "https://www.sec.gov/Archives/edgar/data/101829/000010182921000008/rtx-20201231.htm"
  },
  {
    "date": "2020-09-30",
    "symbol": "RTX",
    "reportedCurrency": "USD",
    "cik": "0000101829",
    "fillingDate": "2020-10-27",
    "acceptedDate": "2020-10-27 16:43:53",
    "calendarYear": "2020",
    "period": "Q3",
    "revenue": 14784000000,
    "costOfRevenue": 12862000000,
    "grossProfit": 1922000000,
    "grossProfitRatio": 0.1300054113,
    "researchAndDevelopmentExpenses": 642000000,
    "generalAndAdministrativeExpenses": 0,
    "sellingAndMarketingExpenses": 0,
    "sellingGeneralAndAdministrativeExpenses": 1272000000,
    "otherExpenses": 0,
    "operatingExpenses": 1914000000,
    "costAndExpenses": 14776000000,
    "interestIncome": 6000000,
    "interestExpense": 356000000,
    "depreciationAndAmortization": 1164000000,
    "ebitda": 1857000000,
    "ebitdaratio": 0.1256087662,
    "operatingIncome": 8000000,
    "operatingIncomeRatio": 0.0005411255,
    "totalOtherIncomeExpensesNet": 329000000,
    "incomeBeforeTax": 337000000,
    "incomeBeforeTaxRatio": 0.0227949134,
    "incomeTaxExpense": 152000000,
    "netIncome": 264000000,
    "netIncomeRatio": 0.0178571429,
    "eps": 0.17,
    "epsdiluted": 0.17,
    "weightedAverageShsOut": 1511500000,
    "weightedAverageShsOutDil": 1514200000,
    "link": "https://www.sec.gov/Archives/edgar/data/101829/000010182920000071/0000101829-20-000071-index.htm",
    "finalLink": "https://www.sec.gov/Archives/edgar/data/101829/000010182920000071/utx-20200930.htm"
  },
  {
    "date": "2020-06-30",
    "symbol": "RTX",
    "reportedCurrency": "USD",
    "cik": "0000101829",
    "fillingDate": "2020-07-29",
    "acceptedDate": "2020-07-28 19:50:43",
    "calendarYear": "2020",
    "period": "Q2",
    "revenue": 14088000000,
    "costOfRevenue": 12031000000,
    "grossProfit": 2057000000,
    "grossProfitRatio": 0.1460107893,
    "researchAndDevelopmentExpenses": 695000000,
    "generalAndAdministrativeExpenses": 0,
    "sellingAndMarketingExpenses": 0,
    "sellingGeneralAndAdministrativeExpenses": 1497000000,
    "otherExpenses": 0,
    "operatingExpenses": 2192000000,
    "costAndExpenses": 14223000000,
    "interestIncome": 11000000,
    "interestExpense": 346000000,
    "depreciationAndAmortization": 859000000,
    "ebitda": -2653000000,
    "ebitdaratio": -0.1883162976,
    "operatingIncome": -135000000,
    "operatingIncomeRatio": -0.0095826235,
    "totalOtherIncomeExpensesNet": -3723000000,
    "incomeBeforeTax": -3858000000,
    "incomeBeforeTaxRatio": -0.2738500852,
    "incomeTaxExpense": -38000000,
    "netIncome": -3835000000,
    "netIncomeRatio": -0.2722174901,
    "eps": -2.55,
    "epsdiluted": -2.55,
    "weightedAverageShsOut": 1501300000,
    "weightedAverageShsOutDil": 1501300000,
    "link": "https://www.sec.gov/Archives/edgar/data/101829/000010182920000055/0000101829-20-000055-index.htm",
    "finalLink": "https://www.sec.gov/Archives/edgar/data/101829/000010182920000055/utx-20200630.htm"
  },
  {
    "date": "2020-03-31",
    "symbol": "RTX",
    "reportedCurrency": "USD",
    "cik": "0000101829",
    "fillingDate": "2020-05-07",
    "acceptedDate": "2020-05-07 16:54:21",
    "calendarYear": "2020",
    "period": "Q1",
    "revenue": 11389000000,
    "costOfRevenue": 8572000000,
    "grossProfit": 2817000000,
    "grossProfitRatio": 0.2473439284,
    "researchAndDevelopmentExpenses": 535000000,
    "generalAndAdministrativeExpenses": 0,
    "sellingAndMarketingExpenses": 0,
    "sellingGeneralAndAdministrativeExpenses": 948000000,
    "otherExpenses": 0,
    "operatingExpenses": 1483000000,
    "costAndExpenses": 10055000000,
    "interestIncome": 7000000,
    "interestExpense": 339000000,
    "depreciationAndAmortization": 728000000,
    "ebitda": 2198000000,
    "ebitdaratio": 0.1929932391,
    "operatingIncome": 1334000000,
    "operatingIncomeRatio": 0.1171305646,
    "totalOtherIncomeExpensesNet": -203000000,
    "incomeBeforeTax": 1131000000,
    "incomeBeforeTaxRatio": 0.0993063482,
    "incomeTaxExpense": 639000000,
    "netIncome": -83000000,
    "netIncomeRatio": -0.0072877338,
    "eps": -0.0967,
    "epsdiluted": -0.0959,
    "weightedAverageShsOut": 1501300000,
    "weightedAverageShsOutDil": 1501300000,
    "link": "https://www.sec.gov/Archives/edgar/data/101829/000010182920000034/0000101829-20-000034-index.htm",
    "finalLink": "https://www.sec.gov/Archives/edgar/data/101829/000010182920000034/utx-20200331.htm"
  },
  {
    "date": "2019-12-31",
    "symbol": "RTX",
    "reportedCurrency": "USD",
    "cik": "0000101829",
    "fillingDate": "2020-02-06",
    "acceptedDate": "2020-02-06 06:55:54",
    "calendarYear": "2019",
    "period": "Q4",
    "revenue": 11705000000,
    "costOfRevenue": 9116000000,
    "grossProfit": 2589000000,
    "grossProfitRatio": 0.2211875267,
    "researchAndDevelopmentExpenses": 668000000,
    "generalAndAdministrativeExpenses": 0,
    "sellingAndMarketingExpenses": 0,
    "sellingGeneralAndAdministrativeExpenses": 1039000000,
    "otherExpenses": 0,
    "operatingExpenses": 1707000000,
    "costAndExpenses": 10823000000,
    "interestIncome": 31000000,
    "interestExpense": 450000000,
    "depreciationAndAmortization": 686000000,
    "ebitda": 1809000000,
    "ebitdaratio": 0.1545493379,
    "operatingIncome": 882000000,
    "operatingIncomeRatio": 0.0753524135,
    "totalOtherIncomeExpensesNet": -195000000,
    "incomeBeforeTax": 687000000,
    "incomeBeforeTaxRatio": 0.0586928663,
    "incomeTaxExpense": -44000000,
    "netIncome": 1143000000,
    "netIncomeRatio": 0.0976505767,
    "eps": 1.34,
    "epsdiluted": 1.32,
    "weightedAverageShsOut": 856000000,
    "weightedAverageShsOutDil": 867000000,
    "link": "https://www.sec.gov/Archives/edgar/data/101829/000010182920000013/0000101829-20-000013-index.htm",
    "finalLink": "https://www.sec.gov/Archives/edgar/data/101829/000010182920000013/utx-20191231_d2.htm"
  },
  {
    "date": "2019-09-30",
    "symbol": "RTX",
    "reportedCurrency": "USD",
    "cik": "0000101829",
    "fillingDate": "2019-10-25",
    "acceptedDate": "2019-10-24 21:23:37",
    "calendarYear": "2019",
    "period": "Q3",
    "revenue": 11393000000,
    "costOfRevenue": 8509000000,
    "grossProfit": 2884000000,
    "grossProfitRatio": 0.2531378917,
    "researchAndDevelopmentExpenses": 592000000,
    "generalAndAdministrativeExpenses": 0,
    "sellingAndMarketingExpenses": 0,
    "sellingGeneralAndAdministrativeExpenses": 902000000,
    "otherExpenses": 0,
    "operatingExpenses": 1494000000,
    "costAndExpenses": 10003000000,
    "interestIncome": 22000000,
    "interestExpense": 424000000,
    "depreciationAndAmortization": 692000000,
    "ebitda": 2433000000,
    "ebitdaratio": 0.2135521812,
    "operatingIncome": 1390000000,
    "operatingIncomeRatio": 0.1220047398,
    "totalOtherIncomeExpensesNet": -73000000,
    "incomeBeforeTax": 1317000000,
    "incomeBeforeTaxRatio": 0.1155972966,
    "incomeTaxExpense": 306000000,
    "netIncome": 1148000000,
    "netIncomeRatio": 0.1007636268,
    "eps": 1.34,
    "epsdiluted": 1.33,
    "weightedAverageShsOut": 855000000,
    "weightedAverageShsOutDil": 864000000,
    "link": "https://www.sec.gov/Archives/edgar/data/101829/000010182919000047/0000101829-19-000047-index.htm",
    "finalLink": "https://www.sec.gov/Archives/edgar/data/101829/000010182919000047/a2019-09x3010xq.htm"
  },
  {
    "date": "2019-06-30",
    "symbol": "RTX",
    "reportedCurrency": "USD",
    "cik": "0000101829",
    "fillingDate": "2019-07-26",
    "acceptedDate": "2019-07-26 06:20:49",
    "calendarYear": "2019",
    "period": "Q2",
    "revenue": 11345000000,
    "costOfRevenue": 8554000000,
    "grossProfit": 2791000000,
    "grossProfitRatio": 0.2460114588,
    "researchAndDevelopmentExpenses": 605000000,
    "generalAndAdministrativeExpenses": 0,
    "sellingAndMarketingExpenses": 0,
    "sellingGeneralAndAdministrativeExpenses": 902000000,
    "otherExpenses": 0,
    "operatingExpenses": 1507000000,
    "costAndExpenses": 10061000000,
    "interestIncome": 68000000,
    "interestExpense": 420000000,
    "depreciationAndAmortization": 388000000,
    "ebitda": 2042000000,
    "ebitdaratio": 0.1799911855,
    "operatingIncome": 1284000000,
    "operatingIncomeRatio": 0.1131776113,
    "totalOtherIncomeExpensesNet": -50000000,
    "incomeBeforeTax": 1234000000,
    "incomeBeforeTaxRatio": 0.1087703834,
    "incomeTaxExpense": 6000000,
    "netIncome": 1900000000,
    "netIncomeRatio": 0.1674746584,
    "eps": 2.22,
    "epsdiluted": 2.2,
    "weightedAverageShsOut": 854000000,
    "weightedAverageShsOutDil": 864000000,
    "link": "https://www.sec.gov/Archives/edgar/data/101829/000010182919000038/0000101829-19-000038-index.htm",
    "finalLink": "https://www.sec.gov/Archives/edgar/data/101829/000010182919000038/a2019-06x3010xq.htm"
  },
  {
    "date": "2019-03-31",
    "symbol": "RTX",
    "reportedCurrency": "USD",
    "cik": "0000101829",
    "fillingDate": "2019-04-26",
    "acceptedDate": "2019-04-26 07:11:35",
    "calendarYear": "2019",
    "period": "Q1",
    "revenue": 18369000000,
    "costOfRevenue": 13651000000,
    "grossProfit": 4718000000,
    "grossProfitRatio": 0.2568457728,
    "researchAndDevelopmentExpenses": 728000000,
    "generalAndAdministrativeExpenses": 0,
    "sellingAndMarketingExpenses": 0,
    "sellingGeneralAndAdministrativeExpenses": 1932000000,
    "otherExpenses": 0,
    "operatingExpenses": 2660000000,
    "costAndExpenses": 16311000000,
    "interestIncome": 19000000,
    "interestExpense": 450000000,
    "depreciationAndAmortization": 942000000,
    "ebitda": 3214000000,
    "ebitdaratio": 0.1749686973,
    "operatingIncome": 2058000000,
    "operatingIncomeRatio": 0.1120365834,
    "totalOtherIncomeExpensesNet": -236000000,
    "incomeBeforeTax": 1822000000,
    "incomeBeforeTaxRatio": 0.0991888508,
    "incomeTaxExpense": 397000000,
    "netIncome": 1346000000,
    "netIncomeRatio": 0.0732756274,
    "eps": 1.58,
    "epsdiluted": 1.56,
    "weightedAverageShsOut": 853000000,
    "weightedAverageShsOutDil": 861000000,
    "link": "https://www.sec.gov/Archives/edgar/data/101829/000010182919000016/0000101829-19-000016-index.htm",
    "finalLink": "https://www.sec.gov/Archives/edgar/data/101829/000010182919000016/a2019-03x3110xq.htm"
  },
  {
    "date": "2018-12-31",
    "symbol": "RTX",
    "reportedCurrency": "USD",
    "cik": "0000101829",
    "fillingDate": "2019-02-07",
    "acceptedDate": "2019-02-07 06:40:09",
    "calendarYear": "2018",
    "period": "Q4",
    "revenue": 18054000000,
    "costOfRevenue": 13712000000,
    "grossProfit": 4342000000,
    "grossProfitRatio": 0.2405007201,
    "researchAndDevelopmentExpenses": 733000000,
    "generalAndAdministrativeExpenses": 0,
    "sellingAndMarketingExpenses": 0,
    "sellingGeneralAndAdministrativeExpenses": 1829000000,
    "otherExpenses": 0,
    "operatingExpenses": 2562000000,
    "costAndExpenses": 16274000000,
    "interestIncome": 71000000,
    "interestExpense": 388000000,
    "depreciationAndAmortization": 667000000,
    "ebitda": 2843000000,
    "ebitdaratio": 0.1574720284,
    "operatingIncome": 1780000000,
    "operatingIncomeRatio": 0.0985931096,
    "totalOtherIncomeExpensesNet": 8000000,
    "incomeBeforeTax": 1788000000,
    "incomeBeforeTaxRatio": 0.0990362247,
    "incomeTaxExpense": 990000000,
    "netIncome": 686000000,
    "netIncomeRatio": 0.0379971198,
    "eps": 0.83,
    "epsdiluted": 0.83,
    "weightedAverageShsOut": 823000000,
    "weightedAverageShsOutDil": 831000000,
    "link": "https://www.sec.gov/Archives/edgar/data/101829/000010182919000007/0000101829-19-000007-index.htm",
    "finalLink": "https://www.sec.gov/Archives/edgar/data/101829/000010182919000007/a2018-12x31form10xk.htm"
  },
  {
    "date": "2018-09-30",
    "symbol": "RTX",
    "reportedCurrency": "USD",
    "cik": "0000101829",
    "fillingDate": "2018-10-26",
    "acceptedDate": "2018-10-26 08:51:01",
    "calendarYear": "2018",
    "period": "Q3",
    "revenue": 16512000000,
    "costOfRevenue": 12510000000,
    "grossProfit": 4002000000,
    "grossProfitRatio": 0.242369186,
    "researchAndDevelopmentExpenses": 586000000,
    "generalAndAdministrativeExpenses": 0,
    "sellingAndMarketingExpenses": 0,
    "sellingGeneralAndAdministrativeExpenses": 1670000000,
    "otherExpenses": 0,
    "operatingExpenses": 2256000000,
    "costAndExpenses": 14766000000,
    "interestIncome": 65000000,
    "interestExpense": 323000000,
    "depreciationAndAmortization": 593000000,
    "ebitda": 2684000000,
    "ebitdaratio": 0.1625484496,
    "operatingIncome": 1746000000,
    "operatingIncomeRatio": 0.1057412791,
    "totalOtherIncomeExpensesNet": 22000000,
    "incomeBeforeTax": 1768000000,
    "incomeBeforeTaxRatio": 0.1070736434,
    "incomeTaxExpense": 419000000,
    "netIncome": 1238000000,
    "netIncomeRatio": 0.0749757752,
    "eps": 1.57,
    "epsdiluted": 1.54,
    "weightedAverageShsOut": 791000000,
    "weightedAverageShsOutDil": 802000000,
    "link": "https://www.sec.gov/Archives/edgar/data/101829/000010182918000043/0000101829-18-000043-index.htm",
    "finalLink": "https://www.sec.gov/Archives/edgar/data/101829/000010182918000043/a2018-09x3010xq.htm"
  },
  {
    "date": "2018-06-30",
    "symbol": "RTX",
    "reportedCurrency": "USD",
    "cik": "0000101829",
    "fillingDate": "2018-07-27",
    "acceptedDate": "2018-07-27 07:03:36",
    "calendarYear": "2018",
    "period": "Q2",
    "revenue": 16704000000,
    "costOfRevenue": 12375000000,
    "grossProfit": 4329000000,
    "grossProfitRatio": 0.2591594828,
    "researchAndDevelopmentExpenses": 589000000,
    "generalAndAdministrativeExpenses": 0,
    "sellingAndMarketingExpenses": 0,
    "sellingGeneralAndAdministrativeExpenses": 1724000000,
    "otherExpenses": 0,
    "operatingExpenses": 2313000000,
    "costAndExpenses": 14688000000,
    "interestIncome": 24000000,
    "interestExpense": 258000000,
    "depreciationAndAmortization": 592000000,
    "ebitda": 3684000000,
    "ebitdaratio": 0.220545977,
    "operatingIncome": 2016000000,
    "operatingIncomeRatio": 0.1206896552,
    "totalOtherIncomeExpensesNet": 818000000,
    "incomeBeforeTax": 2834000000,
    "incomeBeforeTaxRatio": 0.1696599617,
    "incomeTaxExpense": 695000000,
    "netIncome": 2048000000,
    "netIncomeRatio": 0.122605364,
    "eps": 2.59,
    "epsdiluted": 2.56,
    "weightedAverageShsOut": 791000000,
    "weightedAverageShsOutDil": 800000000,
    "link": "https://www.sec.gov/Archives/edgar/data/101829/000010182918000027/0000101829-18-000027-index.htm",
    "finalLink": "https://www.sec.gov/Archives/edgar/data/101829/000010182918000027/a2018-06x3010xq.htm"
  },
  {
    "date": "2018-03-31",
    "symbol": "RTX",
    "reportedCurrency": "USD",
    "cik": "0000101829",
    "fillingDate": "2018-04-27",
    "acceptedDate": "2018-04-27 06:45:48",
    "calendarYear": "2018",
    "period": "Q1",
    "revenue": 15215000000,
    "costOfRevenue": 11241000000,
    "grossProfit": 3974000000,
    "grossProfitRatio": 0.2611896155,
    "researchAndDevelopmentExpenses": 554000000,
    "generalAndAdministrativeExpenses": 0,
    "sellingAndMarketingExpenses": 0,
    "sellingGeneralAndAdministrativeExpenses": 1681000000,
    "otherExpenses": 0,
    "operatingExpenses": 2235000000,
    "costAndExpenses": 13476000000,
    "interestIncome": 27000000,
    "interestExpense": 256000000,
    "depreciationAndAmortization": 581000000,
    "ebitda": 2727000000,
    "ebitdaratio": 0.179231022,
    "operatingIncome": 1739000000,
    "operatingIncomeRatio": 0.1142951035,
    "totalOtherIncomeExpensesNet": 151000000,
    "incomeBeforeTax": 1890000000,
    "incomeBeforeTaxRatio": 0.1242195202,
    "incomeTaxExpense": 522000000,
    "netIncome": 1297000000,
    "netIncomeRatio": 0.0852448242,
    "eps": 1.64,
    "epsdiluted": 1.62,
    "weightedAverageShsOut": 790000000,
    "weightedAverageShsOutDil": 800000000,
    "link": "https://www.sec.gov/Archives/edgar/data/101829/000010182918000009/0000101829-18-000009-index.htm",
    "finalLink": "https://www.sec.gov/Archives/edgar/data/101829/000010182918000009/a2018-03x3110xq.htm"
  },
  {
    "date": "2017-12-31",
    "symbol": "RTX",
    "reportedCurrency": "USD",
    "cik": "0000101829",
    "fillingDate": "2018-02-09",
    "acceptedDate": "2018-02-08 19:27:18",
    "calendarYear": "2017",
    "period": "Q4",
    "revenue": 15655000000,
    "costOfRevenue": 11795000000,
    "grossProfit": 3860000000,
    "grossProfitRatio": 0.2465665921,
    "researchAndDevelopmentExpenses": 630000000,
    "generalAndAdministrativeExpenses": 0,
    "sellingAndMarketingExpenses": 0,
    "sellingGeneralAndAdministrativeExpenses": 1720000000,
    "otherExpenses": 0,
    "operatingExpenses": 2350000000,
    "costAndExpenses": 14145000000,
    "interestIncome": 25000000,
    "interestExpense": 272000000,
    "depreciationAndAmortization": 558000000,
    "ebitda": 2535000000,
    "ebitdaratio": 0.1619290961,
    "operatingIncome": 1510000000,
    "operatingIncomeRatio": 0.0964548068,
    "totalOtherIncomeExpensesNet": 195000000,
    "incomeBeforeTax": 1705000000,
    "incomeBeforeTaxRatio": 0.1089108911,
    "incomeTaxExpense": 1219000000,
    "netIncome": 397000000,
    "netIncomeRatio": 0.0253593101,
    "eps": 0.5,
    "epsdiluted": 0.5,
    "weightedAverageShsOut": 789000000,
    "weightedAverageShsOutDil": 798000000,
    "link": "https://www.sec.gov/Archives/edgar/data/101829/000010182918000005/0000101829-18-000005-index.htm",
    "finalLink": "https://www.sec.gov/Archives/edgar/data/101829/000010182918000005/a2017-12x31form10xk.htm"
  },
  {
    "date": "2017-09-30",
    "symbol": "RTX",
    "reportedCurrency": "USD",
    "cik": "0000101829",
    "fillingDate": "2017-10-27",
    "acceptedDate": "2017-10-27 06:57:13",
    "calendarYear": "2017",
    "period": "Q3",
    "revenue": 15038000000,
    "costOfRevenue": 11106000000,
    "grossProfit": 3932000000,
    "grossProfitRatio": 0.2614709403,
    "researchAndDevelopmentExpenses": 592000000,
    "generalAndAdministrativeExpenses": 0,
    "sellingAndMarketingExpenses": 0,
    "sellingGeneralAndAdministrativeExpenses": 1582000000,
    "otherExpenses": 0,
    "operatingExpenses": 2174000000,
    "costAndExpenses": 13280000000,
    "interestIncome": 35000000,
    "interestExpense": 258000000,
    "depreciationAndAmortization": 543000000,
    "ebitda": 2741000000,
    "ebitdaratio": 0.1822715787,
    "operatingIncome": 1758000000,
    "operatingIncomeRatio": 0.1169038436,
    "totalOtherIncomeExpensesNet": 182000000,
    "incomeBeforeTax": 1940000000,
    "incomeBeforeTaxRatio": 0.1290065168,
    "incomeTaxExpense": 506000000,
    "netIncome": 1330000000,
    "netIncomeRatio": 0.088442612,
    "eps": 1.69,
    "epsdiluted": 1.67,
    "weightedAverageShsOut": 788000000,
    "weightedAverageShsOutDil": 797000000,
    "link": "https://www.sec.gov/Archives/edgar/data/101829/000010182917000044/0000101829-17-000044-index.htm",
    "finalLink": "https://www.sec.gov/Archives/edgar/data/101829/000010182917000044/a2017-09x3010xq.htm"
  },
  {
    "date": "2017-06-30",
    "symbol": "RTX",
    "reportedCurrency": "USD",
    "cik": "0000101829",
    "fillingDate": "2017-07-28",
    "acceptedDate": "2017-07-28 06:58:29",
    "calendarYear": "2017",
    "period": "Q2",
    "revenue": 15285000000,
    "costOfRevenue": 11164000000,
    "grossProfit": 4121000000,
    "grossProfitRatio": 0.2696107295,
    "researchAndDevelopmentExpenses": 619000000,
    "generalAndAdministrativeExpenses": 0,
    "sellingAndMarketingExpenses": 0,
    "sellingGeneralAndAdministrativeExpenses": 1590000000,
    "otherExpenses": 0,
    "operatingExpenses": 2209000000,
    "costAndExpenses": 13373000000,
    "interestIncome": 25000000,
    "interestExpense": 251000000,
    "depreciationAndAmortization": 527000000,
    "ebitda": 2842000000,
    "ebitdaratio": 0.1859339221,
    "operatingIncome": 1912000000,
    "operatingIncomeRatio": 0.1250899575,
    "totalOtherIncomeExpensesNet": 152000000,
    "incomeBeforeTax": 2064000000,
    "incomeBeforeTaxRatio": 0.1350343474,
    "incomeTaxExpense": 532000000,
    "netIncome": 1439000000,
    "netIncomeRatio": 0.0941445862,
    "eps": 1.82,
    "epsdiluted": 1.8,
    "weightedAverageShsOut": 789000000,
    "weightedAverageShsOutDil": 798000000,
    "link": "https://www.sec.gov/Archives/edgar/data/101829/000010182917000034/0000101829-17-000034-index.htm",
    "finalLink": "https://www.sec.gov/Archives/edgar/data/101829/000010182917000034/a2017-06x3010xq.htm"
  },
  {
    "date": "2017-03-31",
    "symbol": "RTX",
    "reportedCurrency": "USD",
    "cik": "0000101829",
    "fillingDate": "2017-04-28",
    "acceptedDate": "2017-04-28 06:50:00",
    "calendarYear": "2017",
    "period": "Q1",
    "revenue": 13820000000,
    "costOfRevenue": 10056000000,
    "grossProfit": 3764000000,
    "grossProfitRatio": 0.2723589001,
    "researchAndDevelopmentExpenses": 577000000,
    "generalAndAdministrativeExpenses": 0,
    "sellingAndMarketingExpenses": 0,
    "sellingGeneralAndAdministrativeExpenses": 1451000000,
    "otherExpenses": 0,
    "operatingExpenses": 2028000000,
    "costAndExpenses": 12084000000,
    "interestIncome": 23000000,
    "interestExpense": 236000000,
    "depreciationAndAmortization": 512000000,
    "ebitda": 2802000000,
    "ebitdaratio": 0.2027496382,
    "operatingIncome": 1736000000,
    "operatingIncomeRatio": 0.1256150507,
    "totalOtherIncomeExpensesNet": 318000000,
    "incomeBeforeTax": 2054000000,
    "incomeBeforeTaxRatio": 0.1486251809,
    "incomeTaxExpense": 586000000,
    "netIncome": 1386000000,
    "netIncomeRatio": 0.1002894356,
    "eps": 1.75,
    "epsdiluted": 1.73,
    "weightedAverageShsOut": 794000000,
    "weightedAverageShsOutDil": 802000000,
    "link": "https://www.sec.gov/Archives/edgar/data/101829/000010182917000016/0000101829-17-000016-index.htm",
    "finalLink": "https://www.sec.gov/Archives/edgar/data/101829/000010182917000016/a2017-03x3110xq.htm"
  },
  {
    "date": "2016-12-31",
    "symbol": "RTX",
    "reportedCurrency": "USD",
    "cik": "0000101829",
    "fillingDate": "2017-02-09",
    "acceptedDate": "2017-02-09 06:31:46",
    "calendarYear": "2016",
    "period": "Q4",
    "revenue": 14691000000,
    "costOfRevenue": 10646000000,
    "grossProfit": 4045000000,
    "grossProfitRatio": 0.2753386427,
    "researchAndDevelopmentExpenses": 626000000,
    "generalAndAdministrativeExpenses": 0,
    "sellingAndMarketingExpenses": 0,
    "sellingGeneralAndAdministrativeExpenses": 1843000000,
    "otherExpenses": 0,
    "operatingExpenses": 2469000000,
    "costAndExpenses": 13115000000,
    "interestIncome": 54000000,
    "interestExpense": 420000000,
    "depreciationAndAmortization": 506000000,
    "ebitda": 2199000000,
    "ebitdaratio": 0.1496834797,
    "operatingIncome": 1576000000,
    "operatingIncomeRatio": 0.1072765639,
    "totalOtherIncomeExpensesNet": -303000000,
    "incomeBeforeTax": 1273000000,
    "incomeBeforeTaxRatio": 0.0866516915,
    "incomeTaxExpense": 149000000,
    "netIncome": 1011000000,
    "netIncomeRatio": 0.0688176435,
    "eps": 1.26,
    "epsdiluted": 1.25,
    "weightedAverageShsOut": 802000000,
    "weightedAverageShsOutDil": 810000000,
    "link": "https://www.sec.gov/Archives/edgar/data/101829/000010182917000007/0000101829-17-000007-index.htm",
    "finalLink": "https://www.sec.gov/Archives/edgar/data/101829/000010182917000007/a2016-12x31form10xk.htm"
  },
  {
    "date": "2016-09-30",
    "symbol": "RTX",
    "reportedCurrency": "USD",
    "cik": "0000101829",
    "fillingDate": "2016-10-27",
    "acceptedDate": "2016-10-27 06:56:52",
    "calendarYear": "2016",
    "period": "Q3",
    "revenue": 14386000000,
    "costOfRevenue": 10322000000,
    "grossProfit": 4064000000,
    "grossProfitRatio": 0.282496872,
    "researchAndDevelopmentExpenses": 582000000,
    "generalAndAdministrativeExpenses": 0,
    "sellingAndMarketingExpenses": 0,
    "sellingGeneralAndAdministrativeExpenses": 1387000000,
    "otherExpenses": 0,
    "operatingExpenses": 1969000000,
    "costAndExpenses": 12291000000,
    "interestIncome": 27000000,
    "interestExpense": 252000000,
    "depreciationAndAmortization": 496000000,
    "ebitda": 2774000000,
    "ebitdaratio": 0.192826359,
    "operatingIncome": 2095000000,
    "operatingIncomeRatio": 0.1456276936,
    "totalOtherIncomeExpensesNet": -69000000,
    "incomeBeforeTax": 2026000000,
    "incomeBeforeTaxRatio": 0.1408313638,
    "incomeTaxExpense": 492000000,
    "netIncome": 1484000000,
    "netIncomeRatio": 0.103155846,
    "eps": 1.8,
    "epsdiluted": 1.78,
    "weightedAverageShsOut": 822000000,
    "weightedAverageShsOutDil": 831000000,
    "link": "https://www.sec.gov/Archives/edgar/data/101829/000010182916000091/0000101829-16-000091-index.htm",
    "finalLink": "https://www.sec.gov/Archives/edgar/data/101829/000010182916000091/a2016-09x3010xq.htm"
  },
  {
    "date": "2016-06-30",
    "symbol": "RTX",
    "reportedCurrency": "USD",
    "cik": "0000101829",
    "fillingDate": "2016-07-29",
    "acceptedDate": "2016-07-29 06:54:33",
    "calendarYear": "2016",
    "period": "Q2",
    "revenue": 14874000000,
    "costOfRevenue": 10741000000,
    "grossProfit": 4133000000,
    "grossProfitRatio": 0.2778674197,
    "researchAndDevelopmentExpenses": 588000000,
    "generalAndAdministrativeExpenses": 1451000000,
    "sellingAndMarketingExpenses": 0,
    "sellingGeneralAndAdministrativeExpenses": 1451000000,
    "otherExpenses": -243000000,
    "operatingExpenses": 1796000000,
    "costAndExpenses": 12537000000,
    "interestIncome": 23000000,
    "interestExpense": 248000000,
    "depreciationAndAmortization": 494000000,
    "ebitda": 2854000000,
    "ebitdaratio": 0.1918784456,
    "operatingIncome": 2337000000,
    "operatingIncomeRatio": 0.1571198064,
    "totalOtherIncomeExpensesNet": -225000000,
    "incomeBeforeTax": 2112000000,
    "incomeBeforeTaxRatio": 0.141992739,
    "incomeTaxExpense": 593000000,
    "netIncome": 1373000000,
    "netIncomeRatio": 0.0923087266,
    "eps": 1.66,
    "epsdiluted": 1.65,
    "weightedAverageShsOut": 825000000,
    "weightedAverageShsOutDil": 833000000,
    "link": "https://www.sec.gov/Archives/edgar/data/101829/000010182916000080/0000101829-16-000080-index.htm",
    "finalLink": "https://www.sec.gov/Archives/edgar/data/101829/000010182916000080/a2016-06x3010xq.htm"
  },
  {
    "date": "2016-03-31",
    "symbol": "RTX",
    "reportedCurrency": "USD",
    "cik": "0000101829",
    "fillingDate": "2016-04-29",
    "acceptedDate": "2016-04-29 06:52:10",
    "calendarYear": "2016",
    "period": "Q1",
    "revenue": 13357000000,
    "costOfRevenue": 9654000000,
    "grossProfit": 3703000000,
    "grossProfitRatio": 0.2772329116,
    "researchAndDevelopmentExpenses": 541000000,
    "generalAndAdministrativeExpenses": 1363000000,
    "sellingAndMarketingExpenses": 0,
    "sellingGeneralAndAdministrativeExpenses": 1363000000,
    "otherExpenses": -146000000,
    "operatingExpenses": 1758000000,
    "costAndExpenses": 11412000000,
    "interestIncome": 18000000,
    "interestExpense": 241000000,
    "depreciationAndAmortization": 466000000,
    "ebitda": 2429000000,
    "ebitdaratio": 0.1818522123,
    "operatingIncome": 1945000000,
    "operatingIncomeRatio": 0.1456165307,
    "totalOtherIncomeExpensesNet": -223000000,
    "incomeBeforeTax": 1722000000,
    "incomeBeforeTaxRatio": 0.1289211649,
    "incomeTaxExpense": 461000000,
    "netIncome": 1191000000,
    "netIncomeRatio": 0.0891667291,
    "eps": 1.44,
    "epsdiluted": 1.43,
    "weightedAverageShsOut": 825000000,
    "weightedAverageShsOutDil": 831000000,
    "link": "https://www.sec.gov/Archives/edgar/data/101829/000010182916000062/0000101829-16-000062-index.htm",
    "finalLink": "https://www.sec.gov/Archives/edgar/data/101829/000010182916000062/a2016-03x3110xq.htm"
  },
  {
    "date": "2015-12-31",
    "symbol": "RTX",
    "reportedCurrency": "USD",
    "cik": "0000101829",
    "fillingDate": "2016-02-11",
    "acceptedDate": "2016-02-11 06:43:24",
    "calendarYear": "2015",
    "period": "Q4",
    "revenue": 14300000000,
    "costOfRevenue": 10653000000,
    "grossProfit": 3647000000,
    "grossProfitRatio": 0.255034965,
    "researchAndDevelopmentExpenses": 611000000,
    "generalAndAdministrativeExpenses": 1625000000,
    "sellingAndMarketingExpenses": 0,
    "sellingGeneralAndAdministrativeExpenses": 1625000000,
    "otherExpenses": 1019000000,
    "operatingExpenses": 3255000000,
    "costAndExpenses": 13908000000,
    "interestIncome": 32000000,
    "interestExpense": 238000000,
    "depreciationAndAmortization": 462000000,
    "ebitda": 886000000,
    "ebitdaratio": 0.061958042,
    "operatingIncome": 392000000,
    "operatingIncomeRatio": 0.0274125874,
    "totalOtherIncomeExpensesNet": -206000000,
    "incomeBeforeTax": 186000000,
    "incomeBeforeTaxRatio": 0.013006993,
    "incomeTaxExpense": 363000000,
    "netIncome": 3278000000,
    "netIncomeRatio": 0.2292307692,
    "eps": 3.86,
    "epsdiluted": 3.86,
    "weightedAverageShsOut": 850000000,
    "weightedAverageShsOutDil": 850000000,
    "link": "https://www.sec.gov/Archives/edgar/data/101829/000010182916000050/0000101829-16-000050-index.htm",
    "finalLink": "https://www.sec.gov/Archives/edgar/data/101829/000010182916000050/a2015-12x31form10xk.htm"
  },
  {
    "date": "2015-09-30",
    "symbol": "RTX",
    "reportedCurrency": "USD",
    "cik": "0000101829",
    "fillingDate": "2015-10-23",
    "acceptedDate": "2015-10-23 06:52:06",
    "calendarYear": "2015",
    "period": "Q3",
    "revenue": 13788000000,
    "costOfRevenue": 9800000000,
    "grossProfit": 3988000000,
    "grossProfitRatio": 0.2892370177,
    "researchAndDevelopmentExpenses": 546000000,
    "generalAndAdministrativeExpenses": 1359000000,
    "sellingAndMarketingExpenses": 0,
    "sellingGeneralAndAdministrativeExpenses": 1359000000,
    "otherExpenses": -219000000,
    "operatingExpenses": 1686000000,
    "costAndExpenses": 11486000000,
    "interestIncome": 39000000,
    "interestExpense": 223000000,
    "depreciationAndAmortization": 486000000,
    "ebitda": 2827000000,
    "ebitdaratio": 0.2050333623,
    "operatingIncome": 2302000000,
    "operatingIncomeRatio": 0.166956774,
    "totalOtherIncomeExpensesNet": -184000000,
    "incomeBeforeTax": 2118000000,
    "incomeBeforeTaxRatio": 0.1536118364,
    "incomeTaxExpense": 592000000,
    "netIncome": 1362000000,
    "netIncomeRatio": 0.0987815492,
    "eps": 1.55,
    "epsdiluted": 1.54,
    "weightedAverageShsOut": 876000000,
    "weightedAverageShsOutDil": 885000000,
    "link": "https://www.sec.gov/Archives/edgar/data/101829/000010182915000042/0000101829-15-000042-index.htm",
    "finalLink": "https://www.sec.gov/Archives/edgar/data/101829/000010182915000042/a2015-09x3010xq.htm"
  },
  {
    "date": "2015-06-30",
    "symbol": "RTX",
    "reportedCurrency": "USD",
    "cik": "0000101829",
    "fillingDate": "2015-07-24",
    "acceptedDate": "2015-07-24 07:14:50",
    "calendarYear": "2015",
    "period": "Q2",
    "revenue": 16333000000,
    "costOfRevenue": 11825000000,
    "grossProfit": 4508000000,
    "grossProfitRatio": 0.2760056328,
    "researchAndDevelopmentExpenses": 606000000,
    "generalAndAdministrativeExpenses": 1543000000,
    "sellingAndMarketingExpenses": 0,
    "sellingGeneralAndAdministrativeExpenses": 1543000000,
    "otherExpenses": -193000000,
    "operatingExpenses": 1956000000,
    "costAndExpenses": 12275000000,
    "interestIncome": 28000000,
    "interestExpense": 245000000,
    "depreciationAndAmortization": 479000000,
    "ebitda": 2900000000,
    "ebitdaratio": 0.177554644,
    "operatingIncome": 2552000000,
    "operatingIncomeRatio": 0.1562480867,
    "totalOtherIncomeExpensesNet": -354000000,
    "incomeBeforeTax": 2336000000,
    "incomeBeforeTaxRatio": 0.143023327,
    "incomeTaxExpense": 684000000,
    "netIncome": 1542000000,
    "netIncomeRatio": 0.09441009,
    "eps": 1.76,
    "epsdiluted": 1.73,
    "weightedAverageShsOut": 877000000,
    "weightedAverageShsOutDil": 889000000,
    "link": "https://www.sec.gov/Archives/edgar/data/101829/000010182915000035/0000101829-15-000035-index.htm",
    "finalLink": "https://www.sec.gov/Archives/edgar/data/101829/000010182915000035/a2015-06x3010xq.htm"
  },
  {
    "date": "2015-03-31",
    "symbol": "RTX",
    "reportedCurrency": "USD",
    "cik": "0000101829",
    "fillingDate": "2015-04-24",
    "acceptedDate": "2015-04-24 06:59:38",
    "calendarYear": "2015",
    "period": "Q1",
    "revenue": 14541000000,
    "costOfRevenue": 10523000000,
    "grossProfit": 4018000000,
    "grossProfitRatio": 0.2763221237,
    "researchAndDevelopmentExpenses": 602000000,
    "generalAndAdministrativeExpenses": 1563000000,
    "sellingAndMarketingExpenses": 0,
    "sellingGeneralAndAdministrativeExpenses": 1563000000,
    "otherExpenses": -421000000,
    "operatingExpenses": 1744000000,
    "costAndExpenses": 11138000000,
    "interestIncome": 22000000,
    "interestExpense": 239000000,
    "depreciationAndAmortization": 479000000,
    "ebitda": 2662000000,
    "ebitdaratio": 0.1830685647,
    "operatingIncome": 2274000000,
    "operatingIncomeRatio": 0.156385393,
    "totalOtherIncomeExpensesNet": -309000000,
    "incomeBeforeTax": 2056000000,
    "incomeBeforeTaxRatio": 0.1413933017,
    "incomeTaxExpense": 558000000,
    "netIncome": 1426000000,
    "netIncomeRatio": 0.0980675332,
    "eps": 1.6,
    "epsdiluted": 1.58,
    "weightedAverageShsOut": 890000000,
    "weightedAverageShsOutDil": 904000000,
    "link": "https://www.sec.gov/Archives/edgar/data/101829/000010182915000015/0000101829-15-000015-index.htm",
    "finalLink": "https://www.sec.gov/Archives/edgar/data/101829/000010182915000015/a2015-03x3110xq.htm"
  },
  {
    "date": "2014-12-31",
    "symbol": "RTX",
    "reportedCurrency": "USD",
    "cik": "0000101829",
    "fillingDate": "2015-02-05",
    "acceptedDate": "2015-02-05 06:57:05",
    "calendarYear": "2014",
    "period": "Q4",
    "revenue": 16996000000,
    "costOfRevenue": 12360000000,
    "grossProfit": 4636000000,
    "grossProfitRatio": 0.2727700635,
    "researchAndDevelopmentExpenses": 668000000,
    "generalAndAdministrativeExpenses": 1701000000,
    "sellingAndMarketingExpenses": 0,
    "sellingGeneralAndAdministrativeExpenses": 1701000000,
    "otherExpenses": -303000000,
    "operatingExpenses": 2066000000,
    "costAndExpenses": 14426000000,
    "interestIncome": 110000000,
    "interestExpense": 375000000,
    "depreciationAndAmortization": 489000000,
    "ebitda": 3169000000,
    "ebitdaratio": 0.1864556366,
    "operatingIncome": 2570000000,
    "operatingIncomeRatio": 0.1512120499,
    "totalOtherIncomeExpensesNet": -265000000,
    "incomeBeforeTax": 2305000000,
    "incomeBeforeTaxRatio": 0.1356201459,
    "incomeTaxExpense": 730000000,
    "netIncome": 1473000000,
    "netIncomeRatio": 0.0866674512,
    "eps": 1.65,
    "epsdiluted": 1.62,
    "weightedAverageShsOut": 895000000,
    "weightedAverageShsOutDil": 907000000,
    "link": "https://www.sec.gov/Archives/edgar/data/101829/000010182915000005/0000101829-15-000005-index.htm",
    "finalLink": "https://www.sec.gov/Archives/edgar/data/101829/000010182915000005/a2014-12x31form10xk.htm"
  },
  {
    "date": "2014-09-30",
    "symbol": "RTX",
    "reportedCurrency": "USD",
    "cik": "0000101829",
    "fillingDate": "2014-10-24",
    "acceptedDate": "2014-10-24 06:55:53",
    "calendarYear": "2014",
    "period": "Q3",
    "revenue": 14613000000,
    "costOfRevenue": 11466000000,
    "grossProfit": 4702000000,
    "grossProfitRatio": 0.3217682885,
    "researchAndDevelopmentExpenses": 677000000,
    "generalAndAdministrativeExpenses": 1580000000,
    "sellingAndMarketingExpenses": 0,
    "sellingGeneralAndAdministrativeExpenses": 1580000000,
    "otherExpenses": -301000000,
    "operatingExpenses": 1956000000,
    "costAndExpenses": 12001000000,
    "interestIncome": 50000000,
    "interestExpense": 235000000,
    "depreciationAndAmortization": 417000000,
    "ebitda": 3079000000,
    "ebitdaratio": 0.2107027989,
    "operatingIncome": 2746000000,
    "operatingIncomeRatio": 0.1879148703,
    "totalOtherIncomeExpensesNet": -319000000,
    "incomeBeforeTax": 2560000000,
    "incomeBeforeTaxRatio": 0.1751864778,
    "incomeTaxExpense": 608000000,
    "netIncome": 1854000000,
    "netIncomeRatio": 0.126873332,
    "eps": 2.06,
    "epsdiluted": 2.04,
    "weightedAverageShsOut": 898000000,
    "weightedAverageShsOutDil": 910000000,
    "link": "https://www.sec.gov/Archives/edgar/data/101829/000010182914000039/0000101829-14-000039-index.htm",
    "finalLink": "https://www.sec.gov/Archives/edgar/data/101829/000010182914000039/a2014-09x3010xq.htm"
  },
  {
    "date": "2014-06-30",
    "symbol": "RTX",
    "reportedCurrency": "USD",
    "cik": "0000101829",
    "fillingDate": "2014-07-25",
    "acceptedDate": "2014-07-25 06:51:03",
    "calendarYear": "2014",
    "period": "Q2",
    "revenue": 17191000000,
    "costOfRevenue": 12931000000,
    "grossProfit": 4260000000,
    "grossProfitRatio": 0.2478040835,
    "researchAndDevelopmentExpenses": 666000000,
    "generalAndAdministrativeExpenses": 1623000000,
    "sellingAndMarketingExpenses": 0,
    "sellingGeneralAndAdministrativeExpenses": 1623000000,
    "otherExpenses": -384000000,
    "operatingExpenses": 1905000000,
    "costAndExpenses": 14836000000,
    "interestIncome": 39000000,
    "interestExpense": 245000000,
    "depreciationAndAmortization": 468000000,
    "ebitda": 2862000000,
    "ebitdaratio": 0.1664824618,
    "operatingIncome": 2355000000,
    "operatingIncomeRatio": 0.1369902856,
    "totalOtherIncomeExpensesNet": -206000000,
    "incomeBeforeTax": 2149000000,
    "incomeBeforeTaxRatio": 0.1250072712,
    "incomeTaxExpense": 359000000,
    "netIncome": 1680000000,
    "netIncomeRatio": 0.0977255541,
    "eps": 1.87,
    "epsdiluted": 1.84,
    "weightedAverageShsOut": 900000000,
    "weightedAverageShsOutDil": 915000000,
    "link": "https://www.sec.gov/Archives/edgar/data/101829/000010182914000033/0000101829-14-000033-index.htm",
    "finalLink": "https://www.sec.gov/Archives/edgar/data/101829/000010182914000033/a2014-06x3010xq.htm"
  },
  {
    "date": "2014-03-31",
    "symbol": "RTX",
    "reportedCurrency": "USD",
    "cik": "0000101829",
    "fillingDate": "2014-04-25",
    "acceptedDate": "2014-04-25 06:57:26",
    "calendarYear": "2014",
    "period": "Q1",
    "revenue": 14745000000,
    "costOfRevenue": 10690000000,
    "grossProfit": 4055000000,
    "grossProfitRatio": 0.2750084774,
    "researchAndDevelopmentExpenses": 624000000,
    "generalAndAdministrativeExpenses": 1596000000,
    "sellingAndMarketingExpenses": 0,
    "sellingGeneralAndAdministrativeExpenses": 1596000000,
    "otherExpenses": -263000000,
    "operatingExpenses": 1957000000,
    "costAndExpenses": 12647000000,
    "interestIncome": 18000000,
    "interestExpense": 243000000,
    "depreciationAndAmortization": 467000000,
    "ebitda": 2583000000,
    "ebitdaratio": 0.1751780264,
    "operatingIncome": 2098000000,
    "operatingIncomeRatio": 0.1422855205,
    "totalOtherIncomeExpensesNet": -225000000,
    "incomeBeforeTax": 1873000000,
    "incomeBeforeTaxRatio": 0.1270261105,
    "incomeTaxExpense": 567000000,
    "netIncome": 1213000000,
    "netIncomeRatio": 0.0822651746,
    "eps": 1.35,
    "epsdiluted": 1.32,
    "weightedAverageShsOut": 901000000,
    "weightedAverageShsOutDil": 917000000,
    "link": "https://www.sec.gov/Archives/edgar/data/101829/000010182914000016/0000101829-14-000016-index.htm",
    "finalLink": "https://www.sec.gov/Archives/edgar/data/101829/000010182914000016/a2014-03x3110xq.htm"
  },
  {
    "date": "2013-12-31",
    "symbol": "RTX",
    "reportedCurrency": "USD",
    "cik": "0000101829",
    "fillingDate": "2014-02-06",
    "acceptedDate": "2014-02-06 07:02:20",
    "calendarYear": "2013",
    "period": "Q4",
    "revenue": 16759000000,
    "costOfRevenue": 12284000000,
    "grossProfit": 4475000000,
    "grossProfitRatio": 0.2670207053,
    "researchAndDevelopmentExpenses": 658000000,
    "generalAndAdministrativeExpenses": 1721000000,
    "sellingAndMarketingExpenses": 0,
    "sellingGeneralAndAdministrativeExpenses": 1721000000,
    "otherExpenses": -234000000,
    "operatingExpenses": 2145000000,
    "costAndExpenses": 14429000000,
    "interestIncome": 41000000,
    "interestExpense": 259000000,
    "depreciationAndAmortization": 486000000,
    "ebitda": 2857000000,
    "ebitdaratio": 0.1704755654,
    "operatingIncome": 2330000000,
    "operatingIncomeRatio": 0.139029775,
    "totalOtherIncomeExpensesNet": -218000000,
    "incomeBeforeTax": 2112000000,
    "incomeBeforeTaxRatio": 0.126021839,
    "incomeTaxExpense": 561000000,
    "netIncome": 1463000000,
    "netIncomeRatio": 0.0872963781,
    "eps": 1.62,
    "epsdiluted": 1.6,
    "weightedAverageShsOut": 901000000,
    "weightedAverageShsOutDil": 917000000,
    "link": "https://www.sec.gov/Archives/edgar/data/101829/000010182914000006/0000101829-14-000006-index.htm",
    "finalLink": "https://www.sec.gov/Archives/edgar/data/101829/000010182914000006/a2013-12x31form10xk.htm"
  },
  {
    "date": "2013-09-30",
    "symbol": "RTX",
    "reportedCurrency": "USD",
    "cik": "0000101829",
    "fillingDate": "2013-10-25",
    "acceptedDate": "2013-10-25 06:59:57",
    "calendarYear": "2013",
    "period": "Q3",
    "revenue": 15462000000,
    "costOfRevenue": 11020000000,
    "grossProfit": 4442000000,
    "grossProfitRatio": 0.2872849567,
    "researchAndDevelopmentExpenses": 630000000,
    "generalAndAdministrativeExpenses": 1633000000,
    "sellingAndMarketingExpenses": 0,
    "sellingGeneralAndAdministrativeExpenses": 1633000000,
    "otherExpenses": -187000000,
    "operatingExpenses": 2076000000,
    "costAndExpenses": 13096000000,
    "interestIncome": 22000000,
    "interestExpense": 248000000,
    "depreciationAndAmortization": 452000000,
    "ebitda": 2840000000,
    "ebitdaratio": 0.1836761092,
    "operatingIncome": 2366000000,
    "operatingIncomeRatio": 0.1530203079,
    "totalOtherIncomeExpensesNet": -226000000,
    "incomeBeforeTax": 2140000000,
    "incomeBeforeTaxRatio": 0.1384038287,
    "incomeTaxExpense": 614000000,
    "netIncome": 1432000000,
    "netIncomeRatio": 0.0926141508,
    "eps": 1.59,
    "epsdiluted": 1.56,
    "weightedAverageShsOut": 901000000,
    "weightedAverageShsOutDil": 916000000,
    "link": "https://www.sec.gov/Archives/edgar/data/101829/000010182913000045/0000101829-13-000045-index.htm",
    "finalLink": "https://www.sec.gov/Archives/edgar/data/101829/000010182913000045/a2013-09x3010xq.htm"
  },
  {
    "date": "2013-06-30",
    "symbol": "RTX",
    "reportedCurrency": "USD",
    "cik": "0000101829",
    "fillingDate": "2013-07-26",
    "acceptedDate": "2013-07-26 06:55:32",
    "calendarYear": "2013",
    "period": "Q2",
    "revenue": 16006000000,
    "costOfRevenue": 11552000000,
    "grossProfit": 4454000000,
    "grossProfitRatio": 0.2782706485,
    "researchAndDevelopmentExpenses": 631000000,
    "generalAndAdministrativeExpenses": 1737000000,
    "sellingAndMarketingExpenses": 0,
    "sellingGeneralAndAdministrativeExpenses": 1737000000,
    "otherExpenses": -421000000,
    "operatingExpenses": 1947000000,
    "costAndExpenses": 13499000000,
    "interestIncome": 55000000,
    "interestExpense": 272000000,
    "depreciationAndAmortization": 439000000,
    "ebitda": 3001000000,
    "ebitdaratio": 0.1874921904,
    "operatingIncome": 2507000000,
    "operatingIncomeRatio": 0.1566287642,
    "totalOtherIncomeExpensesNet": -217000000,
    "incomeBeforeTax": 2290000000,
    "incomeBeforeTaxRatio": 0.1430713482,
    "incomeTaxExpense": 645000000,
    "netIncome": 1560000000,
    "netIncomeRatio": 0.0974634512,
    "eps": 1.73,
    "epsdiluted": 1.71,
    "weightedAverageShsOut": 901000000,
    "weightedAverageShsOutDil": 914000000,
    "link": "https://www.sec.gov/Archives/edgar/data/101829/000010182913000029/0000101829-13-000029-index.htm",
    "finalLink": "https://www.sec.gov/Archives/edgar/data/101829/000010182913000029/a2013-06x3010xq.htm"
  },
  {
    "date": "2013-03-31",
    "symbol": "RTX",
    "reportedCurrency": "USD",
    "cik": "0000101829",
    "fillingDate": "2013-04-26",
    "acceptedDate": "2013-04-26 06:46:44",
    "calendarYear": "2013",
    "period": "Q1",
    "revenue": 14399000000,
    "costOfRevenue": 10465000000,
    "grossProfit": 3934000000,
    "grossProfitRatio": 0.2732134176,
    "researchAndDevelopmentExpenses": 610000000,
    "generalAndAdministrativeExpenses": 1627000000,
    "sellingAndMarketingExpenses": 0,
    "sellingGeneralAndAdministrativeExpenses": 1627000000,
    "otherExpenses": -309000000,
    "operatingExpenses": 1928000000,
    "costAndExpenses": 12393000000,
    "interestIncome": 19000000,
    "interestExpense": 255000000,
    "depreciationAndAmortization": 444000000,
    "ebitda": 2469000000,
    "ebitdaratio": 0.171470241,
    "operatingIncome": 2006000000,
    "operatingIncomeRatio": 0.1393152302,
    "totalOtherIncomeExpensesNet": -236000000,
    "incomeBeforeTax": 1770000000,
    "incomeBeforeTaxRatio": 0.1229252031,
    "incomeTaxExpense": 418000000,
    "netIncome": 1266000000,
    "netIncomeRatio": 0.0879227724,
    "eps": 1.41,
    "epsdiluted": 1.39,
    "weightedAverageShsOut": 901000000,
    "weightedAverageShsOutDil": 914000000,
    "link": "https://www.sec.gov/Archives/edgar/data/101829/000010182913000007/0000101829-13-000007-index.htm",
    "finalLink": "https://www.sec.gov/Archives/edgar/data/101829/000010182913000007/utx331201310q.htm"
  },
  {
    "date": "2012-12-31",
    "symbol": "RTX",
    "reportedCurrency": "USD",
    "cik": "0000101829",
    "fillingDate": "2013-02-07",
    "acceptedDate": "2013-02-07 07:05:44",
    "calendarYear": "2012",
    "period": "Q4",
    "revenue": 16443000000,
    "costOfRevenue": 12286000000,
    "grossProfit": 4157000000,
    "grossProfitRatio": 0.2528127471,
    "researchAndDevelopmentExpenses": 712000000,
    "generalAndAdministrativeExpenses": 1795000000,
    "sellingAndMarketingExpenses": 0,
    "sellingGeneralAndAdministrativeExpenses": 1795000000,
    "otherExpenses": -952000000,
    "operatingExpenses": 2406000000,
    "costAndExpenses": 14692000000,
    "interestIncome": 19000000,
    "interestExpense": 279000000,
    "depreciationAndAmortization": 477000000,
    "ebitda": 2247000000,
    "ebitdaratio": 0.1366538953,
    "operatingIncome": 1751000000,
    "operatingIncomeRatio": 0.1064890835,
    "totalOtherIncomeExpensesNet": -1111000000,
    "incomeBeforeTax": 1491000000,
    "incomeBeforeTaxRatio": 0.0906768838,
    "incomeTaxExpense": 454000000,
    "netIncome": 2057000000,
    "netIncomeRatio": 0.1250988262,
    "eps": 2.29,
    "epsdiluted": 2.26,
    "weightedAverageShsOut": 898253275,
    "weightedAverageShsOutDil": 910176991,
    "link": "https://www.sec.gov/Archives/edgar/data/101829/000119312513042195/0001193125-13-042195-index.htm",
    "finalLink": "https://www.sec.gov/Archives/edgar/data/101829/000119312513042195/d477572d10k.htm"
  },
  {
    "date": "2012-09-30",
    "symbol": "RTX",
    "reportedCurrency": "USD",
    "cik": "0000101829",
    "fillingDate": "2012-10-26",
    "acceptedDate": "2012-10-26 07:05:08",
    "calendarYear": "2012",
    "period": "Q3",
    "revenue": 15042000000,
    "costOfRevenue": 11003000000,
    "grossProfit": 4039000000,
    "grossProfitRatio": 0.2685148252,
    "researchAndDevelopmentExpenses": 590000000,
    "generalAndAdministrativeExpenses": 1619000000,
    "sellingAndMarketingExpenses": 0,
    "sellingGeneralAndAdministrativeExpenses": 1619000000,
    "otherExpenses": 0,
    "operatingExpenses": 2209000000,
    "costAndExpenses": 13212000000,
    "interestIncome": 44000000,
    "interestExpense": 260000000,
    "depreciationAndAmortization": 422000000,
    "ebitda": 2507000000,
    "ebitdaratio": 0.1666666667,
    "operatingIncome": 2041000000,
    "operatingIncomeRatio": 0.1356867438,
    "totalOtherIncomeExpensesNet": -216000000,
    "incomeBeforeTax": 1825000000,
    "incomeBeforeTaxRatio": 0.1213269512,
    "incomeTaxExpense": 484000000,
    "netIncome": 1415000000,
    "netIncomeRatio": 0.0940699375,
    "eps": 1.58,
    "epsdiluted": 1.56,
    "weightedAverageShsOut": 895569620,
    "weightedAverageShsOutDil": 907051282,
    "link": "https://www.sec.gov/Archives/edgar/data/101829/000119312512436499/0001193125-12-436499-index.htm",
    "finalLink": "https://www.sec.gov/Archives/edgar/data/101829/000119312512436499/d430100d10q.htm"
  },
  {
    "date": "2012-06-30",
    "symbol": "RTX",
    "reportedCurrency": "USD",
    "cik": "0000101829",
    "fillingDate": "2012-07-30",
    "acceptedDate": "2012-07-30 17:25:42",
    "calendarYear": "2012",
    "period": "Q2",
    "revenue": 13807000000,
    "costOfRevenue": 9934000000,
    "grossProfit": 3873000000,
    "grossProfitRatio": 0.2805098863,
    "researchAndDevelopmentExpenses": 525000000,
    "generalAndAdministrativeExpenses": 1509000000,
    "sellingAndMarketingExpenses": 0,
    "sellingGeneralAndAdministrativeExpenses": 1509000000,
    "otherExpenses": 0,
    "operatingExpenses": 2034000000,
    "costAndExpenses": 11968000000,
    "interestIncome": 22000000,
    "interestExpense": 190000000,
    "depreciationAndAmortization": 305000000,
    "ebitda": 2508000000,
    "ebitdaratio": 0.1816469907,
    "operatingIncome": 2179000000,
    "operatingIncomeRatio": 0.1578184979,
    "totalOtherIncomeExpensesNet": -168000000,
    "incomeBeforeTax": 2011000000,
    "incomeBeforeTaxRatio": 0.1456507569,
    "incomeTaxExpense": 453000000,
    "netIncome": 1328000000,
    "netIncomeRatio": 0.0961830955,
    "eps": 1.48,
    "epsdiluted": 1.47,
    "weightedAverageShsOut": 897297297,
    "weightedAverageShsOutDil": 903401361,
    "link": "https://www.sec.gov/Archives/edgar/data/101829/000119312512322870/0001193125-12-322870-index.htm",
    "finalLink": "https://www.sec.gov/Archives/edgar/data/101829/000119312512322870/d386585d10q.htm"
  },
  {
    "date": "2012-03-31",
    "symbol": "RTX",
    "reportedCurrency": "USD",
    "cik": "0000101829",
    "fillingDate": "2012-04-30",
    "acceptedDate": "2012-04-30 17:20:40",
    "calendarYear": "2012",
    "period": "Q1",
    "revenue": 12424000000,
    "costOfRevenue": 8941000000,
    "grossProfit": 3483000000,
    "grossProfitRatio": 0.2803444945,
    "researchAndDevelopmentExpenses": 547000000,
    "generalAndAdministrativeExpenses": 1535000000,
    "sellingAndMarketingExpenses": 0,
    "sellingGeneralAndAdministrativeExpenses": 1535000000,
    "otherExpenses": 0,
    "operatingExpenses": 2082000000,
    "costAndExpenses": 11023000000,
    "interestIncome": 35000000,
    "interestExpense": 164000000,
    "depreciationAndAmortization": 320000000,
    "ebitda": 2066000000,
    "ebitdaratio": 0.1662910496,
    "operatingIncome": 1702000000,
    "operatingIncomeRatio": 0.1369929169,
    "totalOtherIncomeExpensesNet": -129000000,
    "incomeBeforeTax": 1573000000,
    "incomeBeforeTaxRatio": 0.1266097875,
    "incomeTaxExpense": 315000000,
    "netIncome": 330000000,
    "netIncomeRatio": 0.0265614939,
    "eps": 0.37,
    "epsdiluted": 0.37,
    "weightedAverageShsOut": 891891892,
    "weightedAverageShsOutDil": 891891892,
    "link": "https://www.sec.gov/Archives/edgar/data/101829/000119312512196669/0001193125-12-196669-index.htm",
    "finalLink": "https://www.sec.gov/Archives/edgar/data/101829/000119312512196669/d341234d10q.htm"
  },
  {
    "date": "2011-12-31",
    "symbol": "RTX",
    "reportedCurrency": "USD",
    "cik": "0000101829",
    "fillingDate": "2012-02-09",
    "acceptedDate": "2012-02-09 06:30:08",
    "calendarYear": "2011",
    "period": "Q4",
    "revenue": 14966000000,
    "costOfRevenue": 10851000000,
    "grossProfit": 4115000000,
    "grossProfitRatio": 0.2749565682,
    "researchAndDevelopmentExpenses": 552000000,
    "generalAndAdministrativeExpenses": 1699000000,
    "sellingAndMarketingExpenses": 0,
    "sellingGeneralAndAdministrativeExpenses": 1699000000,
    "otherExpenses": -1134000000,
    "operatingExpenses": 2217000000,
    "costAndExpenses": 13068000000,
    "interestIncome": 110000000,
    "interestExpense": 176000000,
    "depreciationAndAmortization": 324000000,
    "ebitda": 2332000000,
    "ebitdaratio": 0.1558198583,
    "operatingIncome": 1898000000,
    "operatingIncomeRatio": 0.1268207938,
    "totalOtherIncomeExpensesNet": -66000000,
    "incomeBeforeTax": 1832000000,
    "incomeBeforeTaxRatio": 0.1224107978,
    "incomeTaxExpense": 410000000,
    "netIncome": 1325000000,
    "netIncomeRatio": 0.0885340104,
    "eps": 1.49,
    "epsdiluted": 1.47,
    "weightedAverageShsOut": 888000000,
    "weightedAverageShsOutDil": 899000000,
    "link": "https://www.sec.gov/Archives/edgar/data/101829/000119312512047752/0001193125-12-047752-index.htm",
    "finalLink": "https://www.sec.gov/Archives/edgar/data/101829/000119312512047752/d286821d10k.htm"
  },
  {
    "date": "2011-09-30",
    "symbol": "RTX",
    "reportedCurrency": "USD",
    "cik": "0000101829",
    "fillingDate": "2011-10-24",
    "acceptedDate": "2011-10-24 06:24:09",
    "calendarYear": "2011",
    "period": "Q3",
    "revenue": 14804000000,
    "costOfRevenue": 10756000000,
    "grossProfit": 4048000000,
    "grossProfitRatio": 0.2734396109,
    "researchAndDevelopmentExpenses": 495000000,
    "generalAndAdministrativeExpenses": 1578000000,
    "sellingAndMarketingExpenses": 0,
    "sellingGeneralAndAdministrativeExpenses": 1578000000,
    "otherExpenses": 0,
    "operatingExpenses": 2073000000,
    "costAndExpenses": 12829000000,
    "interestIncome": 28000000,
    "interestExpense": 166000000,
    "depreciationAndAmortization": 346000000,
    "ebitda": 2321000000,
    "ebitdaratio": 0.1567819508,
    "operatingIncome": 2202000000,
    "operatingIncomeRatio": 0.1487435828,
    "totalOtherIncomeExpensesNet": -138000000,
    "incomeBeforeTax": 2064000000,
    "incomeBeforeTaxRatio": 0.1394217779,
    "incomeTaxExpense": 643000000,
    "netIncome": 1324000000,
    "netIncomeRatio": 0.0894352878,
    "eps": 1.49,
    "epsdiluted": 1.47,
    "weightedAverageShsOut": 889000000,
    "weightedAverageShsOutDil": 902000000,
    "link": "https://www.sec.gov/Archives/edgar/data/101829/000119312511277919/0001193125-11-277919-index.htm",
    "finalLink": "https://www.sec.gov/Archives/edgar/data/101829/000119312511277919/d245197d10q.htm"
  },
  {
    "date": "2011-06-30",
    "symbol": "RTX",
    "reportedCurrency": "USD",
    "cik": "0000101829",
    "fillingDate": "2011-07-25",
    "acceptedDate": "2011-07-25 06:20:11",
    "calendarYear": "2011",
    "period": "Q2",
    "revenue": 15076000000,
    "costOfRevenue": 10905000000,
    "grossProfit": 4171000000,
    "grossProfitRatio": 0.2766648979,
    "researchAndDevelopmentExpenses": 526000000,
    "generalAndAdministrativeExpenses": 1644000000,
    "sellingAndMarketingExpenses": 0,
    "sellingGeneralAndAdministrativeExpenses": 1644000000,
    "otherExpenses": -219000000,
    "operatingExpenses": 1951000000,
    "costAndExpenses": 12856000000,
    "interestIncome": 0,
    "interestExpense": 141000000,
    "depreciationAndAmortization": 344000000,
    "ebitda": 2495000000,
    "ebitdaratio": 0.1654948262,
    "operatingIncome": 2220000000,
    "operatingIncomeRatio": 0.1472539135,
    "totalOtherIncomeExpensesNet": -141000000,
    "incomeBeforeTax": 2079000000,
    "incomeBeforeTaxRatio": 0.1379013001,
    "incomeTaxExpense": 649000000,
    "netIncome": 1318000000,
    "netIncomeRatio": 0.0874237198,
    "eps": 1.48,
    "epsdiluted": 1.45,
    "weightedAverageShsOut": 893000000,
    "weightedAverageShsOutDil": 910000000,
    "link": "https://www.sec.gov/Archives/edgar/data/101829/000119312511195231/0001193125-11-195231-index.htm",
    "finalLink": "https://www.sec.gov/Archives/edgar/data/101829/000119312511195231/d10q.htm"
  },
  {
    "date": "2011-03-31",
    "symbol": "RTX",
    "reportedCurrency": "USD",
    "cik": "0000101829",
    "fillingDate": "2011-04-25",
    "acceptedDate": "2011-04-25 06:09:01",
    "calendarYear": "2011",
    "period": "Q1",
    "revenue": 13344000000,
    "costOfRevenue": 9641000000,
    "grossProfit": 3703000000,
    "grossProfitRatio": 0.2775029976,
    "researchAndDevelopmentExpenses": 485000000,
    "generalAndAdministrativeExpenses": 1543000000,
    "sellingAndMarketingExpenses": 0,
    "sellingGeneralAndAdministrativeExpenses": 1543000000,
    "otherExpenses": -104000000,
    "operatingExpenses": 1924000000,
    "costAndExpenses": 11565000000,
    "interestIncome": 17000000,
    "interestExpense": 149000000,
    "depreciationAndAmortization": 333000000,
    "ebitda": 2021000000,
    "ebitdaratio": 0.1514538369,
    "operatingIncome": 1779000000,
    "operatingIncomeRatio": 0.1333183453,
    "totalOtherIncomeExpensesNet": -149000000,
    "incomeBeforeTax": 1630000000,
    "incomeBeforeTaxRatio": 0.1221522782,
    "incomeTaxExpense": 529000000,
    "netIncome": 1012000000,
    "netIncomeRatio": 0.0758393285,
    "eps": 1.13,
    "epsdiluted": 1.11,
    "weightedAverageShsOut": 899000000,
    "weightedAverageShsOutDil": 915000000,
    "link": "https://www.sec.gov/Archives/edgar/data/101829/000119312511106870/0001193125-11-106870-index.htm",
    "finalLink": "https://www.sec.gov/Archives/edgar/data/101829/000119312511106870/d10q.htm"
  },
  {
    "date": "2010-12-31",
    "symbol": "RTX",
    "reportedCurrency": "USD",
    "cik": "0000101829",
    "fillingDate": "2011-02-10",
    "acceptedDate": "2011-02-10 06:29:48",
    "calendarYear": "2010",
    "period": "Q4",
    "revenue": 14818000000,
    "costOfRevenue": 11000000000,
    "grossProfit": 3818000000,
    "grossProfitRatio": 0.2576596032,
    "researchAndDevelopmentExpenses": 457000000,
    "generalAndAdministrativeExpenses": 1631000000,
    "sellingAndMarketingExpenses": 0,
    "sellingGeneralAndAdministrativeExpenses": 1631000000,
    "otherExpenses": -44000000,
    "operatingExpenses": 2044000000,
    "costAndExpenses": 13044000000,
    "interestIncome": 102000000,
    "interestExpense": 190000000,
    "depreciationAndAmortization": 348000000,
    "ebitda": 2224000000,
    "ebitdaratio": 0.1500877311,
    "operatingIncome": 1774000000,
    "operatingIncomeRatio": 0.1197192604,
    "totalOtherIncomeExpensesNet": -88000000,
    "incomeBeforeTax": 1686000000,
    "incomeBeforeTaxRatio": 0.1137805372,
    "incomeTaxExpense": 433000000,
    "netIncome": 1199000000,
    "netIncomeRatio": 0.0809151033,
    "eps": 1.33,
    "epsdiluted": 1.33,
    "weightedAverageShsOut": 0,
    "weightedAverageShsOutDil": 899000000,
    "link": "https://www.sec.gov/Archives/edgar/data/101829/000119312511029695/0001193125-11-029695-index.htm",
    "finalLink": "https://www.sec.gov/Archives/edgar/data/101829/000119312511029695/d10k.htm"
  },
  {
    "date": "2010-09-30",
    "symbol": "RTX",
    "reportedCurrency": "USD",
    "cik": "0000101829",
    "fillingDate": "2010-10-25",
    "acceptedDate": "2010-10-25 06:32:15",
    "calendarYear": "2010",
    "period": "Q3",
    "revenue": 13527000000,
    "costOfRevenue": 9667000000,
    "grossProfit": 3860000000,
    "grossProfitRatio": 0.2853552155,
    "researchAndDevelopmentExpenses": 433000000,
    "generalAndAdministrativeExpenses": 1478000000,
    "sellingAndMarketingExpenses": 0,
    "sellingGeneralAndAdministrativeExpenses": 1478000000,
    "otherExpenses": 0,
    "operatingExpenses": 1911000000,
    "costAndExpenses": 11578000000,
    "interestIncome": 21000000,
    "interestExpense": 182000000,
    "depreciationAndAmortization": 342000000,
    "ebitda": 1949000000,
    "ebitdaratio": 0.144082206,
    "operatingIncome": 1949000000,
    "operatingIncomeRatio": 0.144082206,
    "totalOtherIncomeExpensesNet": -182000000,
    "incomeBeforeTax": 1767000000,
    "incomeBeforeTaxRatio": 0.1306276336,
    "incomeTaxExpense": 468000000,
    "netIncome": 1198000000,
    "netIncomeRatio": 0.0885636135,
    "eps": 1.32,
    "epsdiluted": 1.3,
    "weightedAverageShsOut": 906000000,
    "weightedAverageShsOutDil": 919000000,
    "link": "https://www.sec.gov/Archives/edgar/data/101829/000119312510235003/0001193125-10-235003-index.htm",
    "finalLink": "https://www.sec.gov/Archives/edgar/data/101829/000119312510235003/d10q.htm"
  },
  {
    "date": "2010-06-30",
    "symbol": "RTX",
    "reportedCurrency": "USD",
    "cik": "0000101829",
    "fillingDate": "2010-07-26",
    "acceptedDate": "2010-07-26 07:36:27",
    "calendarYear": "2010",
    "period": "Q2",
    "revenue": 13890000000,
    "costOfRevenue": 10015000000,
    "grossProfit": 3875000000,
    "grossProfitRatio": 0.2789776818,
    "researchAndDevelopmentExpenses": 459000000,
    "generalAndAdministrativeExpenses": 1491000000,
    "sellingAndMarketingExpenses": 0,
    "sellingGeneralAndAdministrativeExpenses": 1491000000,
    "otherExpenses": 0,
    "operatingExpenses": 1950000000,
    "costAndExpenses": 11965000000,
    "interestIncome": 0,
    "interestExpense": 192000000,
    "depreciationAndAmortization": 339000000,
    "ebitda": 2264000000,
    "ebitdaratio": 0.1629949604,
    "operatingIncome": 1925000000,
    "operatingIncomeRatio": 0.1385889129,
    "totalOtherIncomeExpensesNet": -192000000,
    "incomeBeforeTax": 1733000000,
    "incomeBeforeTaxRatio": 0.1247660187,
    "incomeTaxExpense": 521000000,
    "netIncome": 1110000000,
    "netIncomeRatio": 0.0799136069,
    "eps": 1.22,
    "epsdiluted": 1.2,
    "weightedAverageShsOut": 910000000,
    "weightedAverageShsOutDil": 925000000,
    "link": "https://www.sec.gov/Archives/edgar/data/101829/000119312510165467/0001193125-10-165467-index.htm",
    "finalLink": "https://www.sec.gov/Archives/edgar/data/101829/000119312510165467/d10q.htm"
  },
  {
    "date": "2010-03-31",
    "symbol": "RTX",
    "reportedCurrency": "USD",
    "cik": "0000101829",
    "fillingDate": "2010-04-26",
    "acceptedDate": "2010-04-26 06:47:20",
    "calendarYear": "2010",
    "period": "Q1",
    "revenue": 12091000000,
    "costOfRevenue": 8732000000,
    "grossProfit": 3359000000,
    "grossProfitRatio": 0.2778099413,
    "researchAndDevelopmentExpenses": 397000000,
    "generalAndAdministrativeExpenses": 1424000000,
    "sellingAndMarketingExpenses": 0,
    "sellingGeneralAndAdministrativeExpenses": 1424000000,
    "otherExpenses": 0,
    "operatingExpenses": 1821000000,
    "costAndExpenses": 10553000000,
    "interestIncome": 15000000,
    "interestExpense": 186000000,
    "depreciationAndAmortization": 327000000,
    "ebitda": 1538000000,
    "ebitdaratio": 0.1272020511,
    "operatingIncome": 1538000000,
    "operatingIncomeRatio": 0.1272020511,
    "totalOtherIncomeExpensesNet": -186000000,
    "incomeBeforeTax": 1352000000,
    "incomeBeforeTaxRatio": 0.1118187081,
    "incomeTaxExpense": 405000000,
    "netIncome": 866000000,
    "netIncomeRatio": 0.0716235216,
    "eps": 0.95,
    "epsdiluted": 0.93,
    "weightedAverageShsOut": 914000000,
    "weightedAverageShsOutDil": 929000000,
    "link": "https://www.sec.gov/Archives/edgar/data/101829/000119312510092555/0001193125-10-092555-index.htm",
    "finalLink": "https://www.sec.gov/Archives/edgar/data/101829/000119312510092555/d10q.htm"
  },
  {
    "date": "2009-12-31",
    "symbol": "RTX",
    "reportedCurrency": "USD",
    "cik": "0000101829",
    "fillingDate": "2010-02-11",
    "acceptedDate": "2010-02-11 06:08:52",
    "calendarYear": "2009",
    "period": "Q4",
    "revenue": 14100000000,
    "costOfRevenue": 10317000000,
    "grossProfit": 3783000000,
    "grossProfitRatio": 0.2682978723,
    "researchAndDevelopmentExpenses": 421000000,
    "generalAndAdministrativeExpenses": 1555000000,
    "sellingAndMarketingExpenses": 0,
    "sellingGeneralAndAdministrativeExpenses": 1555000000,
    "otherExpenses": 0,
    "operatingExpenses": 1976000000,
    "costAndExpenses": 12293000000,
    "interestIncome": 0,
    "interestExpense": 183000000,
    "depreciationAndAmortization": 333000000,
    "ebitda": 2140000000,
    "ebitdaratio": 0.1517730496,
    "operatingIncome": 1807000000,
    "operatingIncomeRatio": 0.1281560284,
    "totalOtherIncomeExpensesNet": -183000000,
    "incomeBeforeTax": 1624000000,
    "incomeBeforeTaxRatio": 0.115177305,
    "incomeTaxExpense": 455000000,
    "netIncome": 1073000000,
    "netIncomeRatio": 0.0760992908,
    "eps": 1.17,
    "epsdiluted": 1.17,
    "weightedAverageShsOut": 0,
    "weightedAverageShsOutDil": 914000000,
    "link": "https://www.sec.gov/Archives/edgar/data/101829/000119312510027861/0001193125-10-027861-index.htm",
    "finalLink": "https://www.sec.gov/Archives/edgar/data/101829/000119312510027861/d10k.htm"
  },
  {
    "date": "2009-09-30",
    "symbol": "RTX",
    "reportedCurrency": "USD",
    "cik": "0000101829",
    "fillingDate": "2009-10-23",
    "acceptedDate": "2009-10-23 06:07:33",
    "calendarYear": "2009",
    "period": "Q3",
    "revenue": 13375000000,
    "costOfRevenue": 9836000000,
    "grossProfit": 3539000000,
    "grossProfitRatio": 0.2645981308,
    "researchAndDevelopmentExpenses": 344000000,
    "generalAndAdministrativeExpenses": 1424000000,
    "sellingAndMarketingExpenses": 0,
    "sellingGeneralAndAdministrativeExpenses": 1424000000,
    "otherExpenses": 0,
    "operatingExpenses": 1768000000,
    "costAndExpenses": 11604000000,
    "interestIncome": 0,
    "interestExpense": 170000000,
    "depreciationAndAmortization": 316000000,
    "ebitda": 1771000000,
    "ebitdaratio": 0.132411215,
    "operatingIncome": 1771000000,
    "operatingIncomeRatio": 0.132411215,
    "totalOtherIncomeExpensesNet": -170000000,
    "incomeBeforeTax": 1601000000,
    "incomeBeforeTaxRatio": 0.1197009346,
    "incomeTaxExpense": 456000000,
    "netIncome": 1058000000,
    "netIncomeRatio": 0.0791028037,
    "eps": 1.15,
    "epsdiluted": 1.14,
    "weightedAverageShsOut": 917000000,
    "weightedAverageShsOutDil": 929000000,
    "link": "https://www.sec.gov/Archives/edgar/data/101829/000119312509212352/0001193125-09-212352-index.htm",
    "finalLink": "https://www.sec.gov/Archives/edgar/data/101829/000119312509212352/d10q.htm"
  },
  {
    "date": "2009-06-30",
    "symbol": "RTX",
    "reportedCurrency": "USD",
    "cik": "0000101829",
    "fillingDate": "2009-07-24",
    "acceptedDate": "2009-07-24 06:26:02",
    "calendarYear": "2009",
    "period": "Q2",
    "revenue": 13196000000,
    "costOfRevenue": 9601000000,
    "grossProfit": 3595000000,
    "grossProfitRatio": 0.2724310397,
    "researchAndDevelopmentExpenses": 384000000,
    "generalAndAdministrativeExpenses": 1574000000,
    "sellingAndMarketingExpenses": 0,
    "sellingGeneralAndAdministrativeExpenses": 1574000000,
    "otherExpenses": 0,
    "operatingExpenses": 1958000000,
    "costAndExpenses": 11559000000,
    "interestIncome": 0,
    "interestExpense": 177000000,
    "depreciationAndAmortization": 303000000,
    "ebitda": 1637000000,
    "ebitdaratio": 0.1240527433,
    "operatingIncome": 1637000000,
    "operatingIncomeRatio": 0.1240527433,
    "totalOtherIncomeExpensesNet": -177000000,
    "incomeBeforeTax": 1460000000,
    "incomeBeforeTaxRatio": 0.1106395878,
    "incomeTaxExpense": 394000000,
    "netIncome": 1066000000,
    "netIncomeRatio": 0.0807820552,
    "eps": 1.06,
    "epsdiluted": 1.05,
    "weightedAverageShsOut": 919000000,
    "weightedAverageShsOutDil": 929000000,
    "link": "https://www.sec.gov/Archives/edgar/data/101829/000119312509154417/0001193125-09-154417-index.htm",
    "finalLink": "https://www.sec.gov/Archives/edgar/data/101829/000119312509154417/d10q.htm"
  },
  {
    "date": "2009-03-31",
    "symbol": "RTX",
    "reportedCurrency": "USD",
    "cik": "0000101829",
    "fillingDate": "2009-04-24",
    "acceptedDate": "2009-04-24 06:24:27",
    "calendarYear": "2009",
    "period": "Q1",
    "revenue": 12249000000,
    "costOfRevenue": 9107000000,
    "grossProfit": 3142000000,
    "grossProfitRatio": 0.2565107356,
    "researchAndDevelopmentExpenses": 409000000,
    "generalAndAdministrativeExpenses": 1483000000,
    "sellingAndMarketingExpenses": 0,
    "sellingGeneralAndAdministrativeExpenses": 1483000000,
    "otherExpenses": 0,
    "operatingExpenses": 1892000000,
    "costAndExpenses": 10999000000,
    "interestIncome": 0,
    "interestExpense": 175000000,
    "depreciationAndAmortization": 306000000,
    "ebitda": 1250000000,
    "ebitdaratio": 0.1020491469,
    "operatingIncome": 1250000000,
    "operatingIncomeRatio": 0.1020491469,
    "totalOtherIncomeExpensesNet": -175000000,
    "incomeBeforeTax": 1075000000,
    "incomeBeforeTaxRatio": 0.0877622663,
    "incomeTaxExpense": 276000000,
    "netIncome": 722000000,
    "netIncomeRatio": 0.0589435872,
    "eps": 0.79,
    "epsdiluted": 0.78,
    "weightedAverageShsOut": 918000000,
    "weightedAverageShsOutDil": 926000000,
    "link": "https://www.sec.gov/Archives/edgar/data/101829/000119312509086247/0001193125-09-086247-index.htm",
    "finalLink": "https://www.sec.gov/Archives/edgar/data/101829/000119312509086247/d10q.htm"
  },
  {
    "date": "2008-12-31",
    "symbol": "RTX",
    "reportedCurrency": "USD",
    "cik": "0000101829",
    "fillingDate": "2009-02-11",
    "acceptedDate": "2009-02-11 00:00:00",
    "calendarYear": "2008",
    "period": "Q4",
    "revenue": 14499000000,
    "costOfRevenue": 10557000000,
    "grossProfit": 3942000000,
    "grossProfitRatio": 0.2718808194,
    "researchAndDevelopmentExpenses": 490000000,
    "generalAndAdministrativeExpenses": 1649000000,
    "sellingAndMarketingExpenses": 0,
    "sellingGeneralAndAdministrativeExpenses": 1649000000,
    "otherExpenses": 0,
    "operatingExpenses": 2139000000,
    "costAndExpenses": 12696000000,
    "interestIncome": 0,
    "interestExpense": 171000000,
    "depreciationAndAmortization": 350000000,
    "ebitda": 2153000000,
    "ebitdaratio": 0.1484929995,
    "operatingIncome": 1803000000,
    "operatingIncomeRatio": 0.1243534037,
    "totalOtherIncomeExpensesNet": -171000000,
    "incomeBeforeTax": 1632000000,
    "incomeBeforeTaxRatio": 0.1125594869,
    "incomeTaxExpense": 403000000,
    "netIncome": 1145000000,
    "netIncomeRatio": 0.0789709635,
    "eps": 1.25,
    "epsdiluted": 1.25,
    "weightedAverageShsOut": 0,
    "weightedAverageShsOutDil": 918000000,
    "link": "https://www.sec.gov/Archives/edgar/data/101829/000119312509024624/0001193125-09-024624-index.htm",
    "finalLink": "https://www.sec.gov/Archives/edgar/data/101829/000119312509024624/d10k.htm"
  },
  {
    "date": "2008-09-30",
    "symbol": "RTX",
    "reportedCurrency": "USD",
    "cik": "0000101829",
    "fillingDate": "2008-10-21",
    "acceptedDate": "2008-10-21 06:09:57",
    "calendarYear": "2008",
    "period": "Q3",
    "revenue": 14814000000,
    "costOfRevenue": 10664000000,
    "grossProfit": 4150000000,
    "grossProfitRatio": 0.2801404077,
    "researchAndDevelopmentExpenses": 436000000,
    "generalAndAdministrativeExpenses": 1665000000,
    "sellingAndMarketingExpenses": 0,
    "sellingGeneralAndAdministrativeExpenses": 1665000000,
    "otherExpenses": 0,
    "operatingExpenses": 2101000000,
    "costAndExpenses": 12765000000,
    "interestIncome": 0,
    "interestExpense": 177000000,
    "depreciationAndAmortization": 326000000,
    "ebitda": 2049000000,
    "ebitdaratio": 0.1383151073,
    "operatingIncome": 2049000000,
    "operatingIncomeRatio": 0.1383151073,
    "totalOtherIncomeExpensesNet": -177000000,
    "incomeBeforeTax": 1872000000,
    "incomeBeforeTaxRatio": 0.1263669502,
    "incomeTaxExpense": 502000000,
    "netIncome": 1269000000,
    "netIncomeRatio": 0.0856622114,
    "eps": 1.36,
    "epsdiluted": 1.33,
    "weightedAverageShsOut": 933000000,
    "weightedAverageShsOutDil": 951000000,
    "link": "https://www.sec.gov/Archives/edgar/data/101829/000119312508213211/0001193125-08-213211-index.htm",
    "finalLink": "https://www.sec.gov/Archives/edgar/data/101829/000119312508213211/d10q.htm"
  },
  {
    "date": "2008-06-30",
    "symbol": "RTX",
    "reportedCurrency": "USD",
    "cik": "0000101829",
    "fillingDate": "2008-07-22",
    "acceptedDate": "2008-07-22 08:44:44",
    "calendarYear": "2008",
    "period": "Q2",
    "revenue": 15667000000,
    "costOfRevenue": 11359000000,
    "grossProfit": 4308000000,
    "grossProfitRatio": 0.2749728729,
    "researchAndDevelopmentExpenses": 434000000,
    "generalAndAdministrativeExpenses": 1775000000,
    "sellingAndMarketingExpenses": 0,
    "sellingGeneralAndAdministrativeExpenses": 1775000000,
    "otherExpenses": 0,
    "operatingExpenses": 2209000000,
    "costAndExpenses": 13568000000,
    "interestIncome": 0,
    "interestExpense": 276000000,
    "depreciationAndAmortization": 326000000,
    "ebitda": 2099000000,
    "ebitdaratio": 0.1339758729,
    "operatingIncome": 2099000000,
    "operatingIncomeRatio": 0.1339758729,
    "totalOtherIncomeExpensesNet": -176000000,
    "incomeBeforeTax": 1923000000,
    "incomeBeforeTaxRatio": 0.1227420693,
    "incomeTaxExpense": 548000000,
    "netIncome": 1275000000,
    "netIncomeRatio": 0.0813812472,
    "eps": 1.35,
    "epsdiluted": 1.32,
    "weightedAverageShsOut": 944000000,
    "weightedAverageShsOutDil": 966000000,
    "link": "https://www.sec.gov/Archives/edgar/data/101829/000119312508154825/0001193125-08-154825-index.htm",
    "finalLink": "https://www.sec.gov/Archives/edgar/data/101829/000119312508154825/d10q.htm"
  },
  {
    "date": "2008-03-31",
    "symbol": "RTX",
    "reportedCurrency": "USD",
    "cik": "0000101829",
    "fillingDate": "2008-04-22",
    "acceptedDate": "2008-04-22 06:34:03",
    "calendarYear": "2008",
    "period": "Q1",
    "revenue": 13701000000,
    "costOfRevenue": 9981000000,
    "grossProfit": 3720000000,
    "grossProfitRatio": 0.2715130282,
    "researchAndDevelopmentExpenses": 411000000,
    "generalAndAdministrativeExpenses": 1635000000,
    "sellingAndMarketingExpenses": 0,
    "sellingGeneralAndAdministrativeExpenses": 1635000000,
    "otherExpenses": 0,
    "operatingExpenses": 2046000000,
    "costAndExpenses": 12027000000,
    "interestIncome": 0,
    "interestExpense": 244000000,
    "depreciationAndAmortization": 319000000,
    "ebitda": 1674000000,
    "ebitdaratio": 0.1221808627,
    "operatingIncome": 1674000000,
    "operatingIncomeRatio": 0.1221808627,
    "totalOtherIncomeExpensesNet": -165000000,
    "incomeBeforeTax": 1509000000,
    "incomeBeforeTaxRatio": 0.1101379461,
    "incomeTaxExpense": 430000000,
    "netIncome": 1000000000,
    "netIncomeRatio": 0.0729873732,
    "eps": 1.05,
    "epsdiluted": 1.03,
    "weightedAverageShsOut": 952000000,
    "weightedAverageShsOutDil": 975000000,
    "link": "https://www.sec.gov/Archives/edgar/data/101829/000119312508086193/0001193125-08-086193-index.htm",
    "finalLink": "https://www.sec.gov/Archives/edgar/data/101829/000119312508086193/d10q.htm"
  },
  {
    "date": "2007-12-31",
    "symbol": "RTX",
    "reportedCurrency": "USD",
    "cik": "0000101829",
    "fillingDate": "2008-02-07",
    "acceptedDate": "2008-02-07 07:39:33",
    "calendarYear": "2007",
    "period": "Q4",
    "revenue": 14714000000,
    "costOfRevenue": 10729000000,
    "grossProfit": 3985000000,
    "grossProfitRatio": 0.2708305016,
    "researchAndDevelopmentExpenses": 481000000,
    "generalAndAdministrativeExpenses": 1711000000,
    "sellingAndMarketingExpenses": 0,
    "sellingGeneralAndAdministrativeExpenses": 1711000000,
    "otherExpenses": 0,
    "operatingExpenses": 2192000000,
    "costAndExpenses": 12921000000,
    "interestIncome": 0,
    "interestExpense": 252000000,
    "depreciationAndAmortization": 310000000,
    "ebitda": 2103000000,
    "ebitdaratio": 0.1429251053,
    "operatingIncome": 1793000000,
    "operatingIncomeRatio": 0.1218567351,
    "totalOtherIncomeExpensesNet": -174000000,
    "incomeBeforeTax": 1619000000,
    "incomeBeforeTaxRatio": 0.1100312627,
    "incomeTaxExpense": 481000000,
    "netIncome": 1060000000,
    "netIncomeRatio": 0.0720402338,
    "eps": 1.11,
    "epsdiluted": 1.11,
    "weightedAverageShsOut": 0,
    "weightedAverageShsOutDil": 952000000,
    "link": "https://www.sec.gov/Archives/edgar/data/101829/000119312508022346/0001193125-08-022346-index.htm",
    "finalLink": "https://www.sec.gov/Archives/edgar/data/101829/000119312508022346/d10k.htm"
  },
  {
    "date": "2007-09-30",
    "symbol": "RTX",
    "reportedCurrency": "USD",
    "cik": "0000101829",
    "fillingDate": "2007-10-18",
    "acceptedDate": "2007-10-18 07:57:17",
    "calendarYear": "2007",
    "period": "Q3",
    "revenue": 13863000000,
    "costOfRevenue": 10068000000,
    "grossProfit": 3795000000,
    "grossProfitRatio": 0.2737502705,
    "researchAndDevelopmentExpenses": 399000000,
    "generalAndAdministrativeExpenses": 1508000000,
    "sellingAndMarketingExpenses": 0,
    "sellingGeneralAndAdministrativeExpenses": 1508000000,
    "otherExpenses": 0,
    "operatingExpenses": 1907000000,
    "costAndExpenses": 11975000000,
    "interestIncome": 0,
    "interestExpense": 257000000,
    "depreciationAndAmortization": 308000000,
    "ebitda": 1888000000,
    "ebitdaratio": 0.1361898579,
    "operatingIncome": 1888000000,
    "operatingIncomeRatio": 0.1361898579,
    "totalOtherIncomeExpensesNet": -179000000,
    "incomeBeforeTax": 1709000000,
    "incomeBeforeTaxRatio": 0.1232777898,
    "incomeTaxExpense": 434000000,
    "netIncome": 1197000000,
    "netIncomeRatio": 0.086344947,
    "eps": 1.24,
    "epsdiluted": 1.21,
    "weightedAverageShsOut": 963000000,
    "weightedAverageShsOutDil": 989000000,
    "link": "https://www.sec.gov/Archives/edgar/data/101829/000119312507220802/0001193125-07-220802-index.htm",
    "finalLink": "https://www.sec.gov/Archives/edgar/data/101829/000119312507220802/d10q.htm"
  },
  {
    "date": "2007-06-30",
    "symbol": "RTX",
    "reportedCurrency": "USD",
    "cik": "0000101829",
    "fillingDate": "2007-07-20",
    "acceptedDate": "2007-07-20 07:05:52",
    "calendarYear": "2007",
    "period": "Q2",
    "revenue": 13904000000,
    "costOfRevenue": 10129000000,
    "grossProfit": 3775000000,
    "grossProfitRatio": 0.271504603,
    "researchAndDevelopmentExpenses": 416000000,
    "generalAndAdministrativeExpenses": 1494000000,
    "sellingAndMarketingExpenses": 0,
    "sellingGeneralAndAdministrativeExpenses": 1494000000,
    "otherExpenses": 0,
    "operatingExpenses": 1910000000,
    "costAndExpenses": 12039000000,
    "interestIncome": 0,
    "interestExpense": 238000000,
    "depreciationAndAmortization": 277000000,
    "ebitda": 1865000000,
    "ebitdaratio": 0.1341340621,
    "operatingIncome": 1865000000,
    "operatingIncomeRatio": 0.1341340621,
    "totalOtherIncomeExpensesNet": -163000000,
    "incomeBeforeTax": 1702000000,
    "incomeBeforeTaxRatio": 0.122410817,
    "incomeTaxExpense": 479000000,
    "netIncome": 1148000000,
    "netIncomeRatio": 0.082566168,
    "eps": 1.19,
    "epsdiluted": 1.16,
    "weightedAverageShsOut": 966000000,
    "weightedAverageShsOutDil": 990000000,
    "link": "https://www.sec.gov/Archives/edgar/data/101829/000119312507158589/0001193125-07-158589-index.htm",
    "finalLink": "https://www.sec.gov/Archives/edgar/data/101829/000119312507158589/d10q.htm"
  },
  {
    "date": "2007-03-31",
    "symbol": "RTX",
    "reportedCurrency": "USD",
    "cik": "0000101829",
    "fillingDate": "2007-04-20",
    "acceptedDate": "2007-04-20 07:49:29",
    "calendarYear": "2007",
    "period": "Q1",
    "revenue": 12278000000,
    "costOfRevenue": 8996000000,
    "grossProfit": 3282000000,
    "grossProfitRatio": 0.2673073791,
    "researchAndDevelopmentExpenses": 382000000,
    "generalAndAdministrativeExpenses": 1396000000,
    "sellingAndMarketingExpenses": 0,
    "sellingGeneralAndAdministrativeExpenses": 1396000000,
    "otherExpenses": 0,
    "operatingExpenses": 1778000000,
    "costAndExpenses": 10774000000,
    "interestIncome": 0,
    "interestExpense": 243000000,
    "depreciationAndAmortization": 278000000,
    "ebitda": 1504000000,
    "ebitdaratio": 0.1224955204,
    "operatingIncome": 1504000000,
    "operatingIncomeRatio": 0.1224955204,
    "totalOtherIncomeExpensesNet": -150000000,
    "incomeBeforeTax": 1354000000,
    "incomeBeforeTaxRatio": 0.110278547,
    "incomeTaxExpense": 442000000,
    "netIncome": 819000000,
    "netIncomeRatio": 0.066704675,
    "eps": 0.85,
    "epsdiluted": 0.82,
    "weightedAverageShsOut": 968000000,
    "weightedAverageShsOutDil": 993000000,
    "link": "https://www.sec.gov/Archives/edgar/data/101829/000119312507085770/0001193125-07-085770-index.htm",
    "finalLink": "https://www.sec.gov/Archives/edgar/data/101829/000119312507085770/d10q.htm"
  },
  {
    "date": "2006-12-31",
    "symbol": "RTX",
    "reportedCurrency": "USD",
    "cik": "0000101829",
    "fillingDate": "2007-02-08",
    "acceptedDate": "2007-02-08 17:11:30",
    "calendarYear": "2006",
    "period": "Q4",
    "revenue": 12787000000,
    "costOfRevenue": 9521000000,
    "grossProfit": 3266000000,
    "grossProfitRatio": 0.2554156565,
    "researchAndDevelopmentExpenses": 406000000,
    "generalAndAdministrativeExpenses": 1432000000,
    "sellingAndMarketingExpenses": 0,
    "sellingGeneralAndAdministrativeExpenses": 1432000000,
    "otherExpenses": 0,
    "operatingExpenses": 1838000000,
    "costAndExpenses": 11359000000,
    "interestIncome": 0,
    "interestExpense": 226000000,
    "depreciationAndAmortization": 261000000,
    "ebitda": 1689000000,
    "ebitdaratio": 0.1320872761,
    "operatingIncome": 1428000000,
    "operatingIncomeRatio": 0.1116759209,
    "totalOtherIncomeExpensesNet": -153000000,
    "incomeBeforeTax": 1275000000,
    "incomeBeforeTaxRatio": 0.0997106436,
    "incomeTaxExpense": 337000000,
    "netIncome": 865000000,
    "netIncomeRatio": 0.0676468288,
    "eps": 0.89,
    "epsdiluted": 0.89,
    "weightedAverageShsOut": 0,
    "weightedAverageShsOutDil": 968000000,
    "link": "https://www.sec.gov/Archives/edgar/data/101829/000119312507024306/0001193125-07-024306-index.htm",
    "finalLink": "https://www.sec.gov/Archives/edgar/data/101829/000119312507024306/d10k.htm"
  },
  {
    "date": "2006-09-30",
    "symbol": "RTX",
    "reportedCurrency": "USD",
    "cik": "0000101829",
    "fillingDate": "2006-10-20",
    "acceptedDate": "2006-10-20 06:27:16",
    "calendarYear": "2006",
    "period": "Q3",
    "revenue": 12163000000,
    "costOfRevenue": 8794000000,
    "grossProfit": 3369000000,
    "grossProfitRatio": 0.2769875853,
    "researchAndDevelopmentExpenses": 384000000,
    "generalAndAdministrativeExpenses": 1338000000,
    "sellingAndMarketingExpenses": 0,
    "sellingGeneralAndAdministrativeExpenses": 1338000000,
    "otherExpenses": 0,
    "operatingExpenses": 1722000000,
    "costAndExpenses": 10516000000,
    "interestIncome": 0,
    "interestExpense": 228000000,
    "depreciationAndAmortization": 252000000,
    "ebitda": 1647000000,
    "ebitdaratio": 0.1354106717,
    "operatingIncome": 1647000000,
    "operatingIncomeRatio": 0.1354106717,
    "totalOtherIncomeExpensesNet": -156000000,
    "incomeBeforeTax": 1491000000,
    "incomeBeforeTaxRatio": 0.1225848886,
    "incomeTaxExpense": 423000000,
    "netIncome": 996000000,
    "netIncomeRatio": 0.0818876922,
    "eps": 1.02,
    "epsdiluted": 0.99,
    "weightedAverageShsOut": 980000000,
    "weightedAverageShsOutDil": 1006000000,
    "link": "https://www.sec.gov/Archives/edgar/data/101829/000119312506211499/0001193125-06-211499-index.htm",
    "finalLink": "https://www.sec.gov/Archives/edgar/data/101829/000119312506211499/d10q.htm"
  },
  {
    "date": "2006-06-30",
    "symbol": "RTX",
    "reportedCurrency": "USD",
    "cik": "0000101829",
    "fillingDate": "2006-07-21",
    "acceptedDate": "2006-07-21 07:46:35",
    "calendarYear": "2006",
    "period": "Q2",
    "revenue": 12264000000,
    "costOfRevenue": 8775000000,
    "grossProfit": 3489000000,
    "grossProfitRatio": 0.2844911937,
    "researchAndDevelopmentExpenses": 370000000,
    "generalAndAdministrativeExpenses": 1378000000,
    "sellingAndMarketingExpenses": 0,
    "sellingGeneralAndAdministrativeExpenses": 1378000000,
    "otherExpenses": 0,
    "operatingExpenses": 1748000000,
    "costAndExpenses": 10523000000,
    "interestIncome": 0,
    "interestExpense": 223000000,
    "depreciationAndAmortization": 256000000,
    "ebitda": 1741000000,
    "ebitdaratio": 0.1419602087,
    "operatingIncome": 1741000000,
    "operatingIncomeRatio": 0.1419602087,
    "totalOtherIncomeExpensesNet": -155000000,
    "incomeBeforeTax": 1586000000,
    "incomeBeforeTaxRatio": 0.1293215917,
    "incomeTaxExpense": 415000000,
    "netIncome": 1103000000,
    "netIncomeRatio": 0.08993803,
    "eps": 1.12,
    "epsdiluted": 1.09,
    "weightedAverageShsOut": 983000000,
    "weightedAverageShsOutDil": 1009000000,
    "link": "https://www.sec.gov/Archives/edgar/data/101829/000119312506150560/0001193125-06-150560-index.htm",
    "finalLink": "https://www.sec.gov/Archives/edgar/data/101829/000119312506150560/d10q.htm"
  },
  {
    "date": "2006-03-31",
    "symbol": "RTX",
    "reportedCurrency": "USD",
    "cik": "0000101829",
    "fillingDate": "2006-04-21",
    "acceptedDate": "2006-04-21 06:56:29",
    "calendarYear": "2006",
    "period": "Q1",
    "revenue": 10615000000,
    "costOfRevenue": 7650000000,
    "grossProfit": 2965000000,
    "grossProfitRatio": 0.2793217146,
    "researchAndDevelopmentExpenses": 369000000,
    "generalAndAdministrativeExpenses": 1314000000,
    "sellingAndMarketingExpenses": 0,
    "sellingGeneralAndAdministrativeExpenses": 1314000000,
    "otherExpenses": 0,
    "operatingExpenses": 1683000000,
    "costAndExpenses": 9333000000,
    "interestIncome": 0,
    "interestExpense": 195000000,
    "depreciationAndAmortization": 264000000,
    "ebitda": 1282000000,
    "ebitdaratio": 0.1207724918,
    "operatingIncome": 1282000000,
    "operatingIncomeRatio": 0.1207724918,
    "totalOtherIncomeExpensesNet": -142000000,
    "incomeBeforeTax": 1140000000,
    "incomeBeforeTaxRatio": 0.1073951955,
    "incomeTaxExpense": 319000000,
    "netIncome": 768000000,
    "netIncomeRatio": 0.0723504475,
    "eps": 0.78,
    "epsdiluted": 0.76,
    "weightedAverageShsOut": 984000000,
    "weightedAverageShsOutDil": 1009000000,
    "link": "https://www.sec.gov/Archives/edgar/data/101829/000119312506085052/0001193125-06-085052-index.htm",
    "finalLink": "https://www.sec.gov/Archives/edgar/data/101829/000119312506085052/d10q.htm"
  },
  {
    "date": "2005-12-31",
    "symbol": "RTX",
    "reportedCurrency": "USD",
    "cik": "0000101829",
    "fillingDate": "2006-02-09",
    "acceptedDate": "2006-02-09 07:42:00",
    "calendarYear": "2005",
    "period": "Q4",
    "revenue": 11261000000,
    "costOfRevenue": 8239000000,
    "grossProfit": 3022000000,
    "grossProfitRatio": 0.2683598259,
    "researchAndDevelopmentExpenses": 423000000,
    "generalAndAdministrativeExpenses": 1378000000,
    "sellingAndMarketingExpenses": 0,
    "sellingGeneralAndAdministrativeExpenses": 1378000000,
    "otherExpenses": 0,
    "operatingExpenses": 1801000000,
    "costAndExpenses": 10040000000,
    "interestIncome": 0,
    "interestExpense": 301000000,
    "depreciationAndAmortization": 256000000,
    "ebitda": 1477000000,
    "ebitdaratio": 0.1311606429,
    "operatingIncome": 1221000000,
    "operatingIncomeRatio": 0.1084273155,
    "totalOtherIncomeExpensesNet": -143000000,
    "incomeBeforeTax": 1078000000,
    "incomeBeforeTaxRatio": 0.0957286209,
    "incomeTaxExpense": 294000000,
    "netIncome": 626000000,
    "netIncomeRatio": 0.0555900897,
    "eps": 0.64,
    "epsdiluted": 0.64,
    "weightedAverageShsOut": 0,
    "weightedAverageShsOutDil": 984000000,
    "link": "https://www.sec.gov/Archives/edgar/data/101829/000119312506024473/0001193125-06-024473-index.htm",
    "finalLink": "https://www.sec.gov/Archives/edgar/data/101829/000119312506024473/d10k.htm"
  },
  {
    "date": "2005-09-30",
    "symbol": "RTX",
    "reportedCurrency": "USD",
    "cik": "0000101829",
    "fillingDate": "2005-10-21",
    "acceptedDate": "2005-10-21 17:10:02",
    "calendarYear": "2005",
    "period": "Q3",
    "revenue": 10905000000,
    "costOfRevenue": 7891000000,
    "grossProfit": 3014000000,
    "grossProfitRatio": 0.2763869785,
    "researchAndDevelopmentExpenses": 335000000,
    "generalAndAdministrativeExpenses": 1295000000,
    "sellingAndMarketingExpenses": 0,
    "sellingGeneralAndAdministrativeExpenses": 1295000000,
    "otherExpenses": 0,
    "operatingExpenses": 1630000000,
    "costAndExpenses": 9521000000,
    "interestIncome": 0,
    "interestExpense": 207000000,
    "depreciationAndAmortization": 265000000,
    "ebitda": 1384000000,
    "ebitdaratio": 0.1269142595,
    "operatingIncome": 1384000000,
    "operatingIncomeRatio": 0.1269142595,
    "totalOtherIncomeExpensesNet": -135000000,
    "incomeBeforeTax": 1249000000,
    "incomeBeforeTaxRatio": 0.1145346171,
    "incomeTaxExpense": 356000000,
    "netIncome": 821000000,
    "netIncomeRatio": 0.0752865658,
    "eps": 0.83,
    "epsdiluted": 0.81,
    "weightedAverageShsOut": 992000000,
    "weightedAverageShsOutDil": 1015000000,
    "link": "https://www.sec.gov/Archives/edgar/data/101829/000119312505206040/0001193125-05-206040-index.htm",
    "finalLink": "https://www.sec.gov/Archives/edgar/data/101829/000119312505206040/d10q.htm"
  },
  {
    "date": "2005-06-30",
    "symbol": "RTX",
    "reportedCurrency": "USD",
    "cik": "0000101829",
    "fillingDate": "2005-07-21",
    "acceptedDate": "2005-07-21 17:09:02",
    "calendarYear": "2005",
    "period": "Q2",
    "revenue": 11152000000,
    "costOfRevenue": 7990000000,
    "grossProfit": 3162000000,
    "grossProfitRatio": 0.2835365854,
    "researchAndDevelopmentExpenses": 318000000,
    "generalAndAdministrativeExpenses": 1355000000,
    "sellingAndMarketingExpenses": 0,
    "sellingGeneralAndAdministrativeExpenses": 1355000000,
    "otherExpenses": 0,
    "operatingExpenses": 1673000000,
    "costAndExpenses": 9663000000,
    "interestIncome": 0,
    "interestExpense": 192000000,
    "depreciationAndAmortization": 237000000,
    "ebitda": 1489000000,
    "ebitdaratio": 0.1335186514,
    "operatingIncome": 1489000000,
    "operatingIncomeRatio": 0.1335186514,
    "totalOtherIncomeExpensesNet": -192000000,
    "incomeBeforeTax": 1297000000,
    "incomeBeforeTaxRatio": 0.1163020086,
    "incomeTaxExpense": 326000000,
    "netIncome": 971000000,
    "netIncomeRatio": 0.0870695839,
    "eps": 0.98,
    "epsdiluted": 0.95,
    "weightedAverageShsOut": 995000000,
    "weightedAverageShsOutDil": 1018000000,
    "link": "https://www.sec.gov/Archives/edgar/data/101829/000119312505146406/0001193125-05-146406-index.htm",
    "finalLink": "https://www.sec.gov/Archives/edgar/data/101829/000119312505146406/d10q.htm"
  },
  {
    "date": "2005-03-31",
    "symbol": "RTX",
    "reportedCurrency": "USD",
    "cik": "0000101829",
    "fillingDate": "2005-04-26",
    "acceptedDate": "2005-04-26 08:04:32",
    "calendarYear": "2005",
    "period": "Q1",
    "revenue": 9407000000,
    "costOfRevenue": 6815000000,
    "grossProfit": 2592000000,
    "grossProfitRatio": 0.2755394919,
    "researchAndDevelopmentExpenses": 291000000,
    "generalAndAdministrativeExpenses": 1213000000,
    "sellingAndMarketingExpenses": 0,
    "sellingGeneralAndAdministrativeExpenses": 1213000000,
    "otherExpenses": 0,
    "operatingExpenses": 1504000000,
    "costAndExpenses": 8319000000,
    "interestIncome": 0,
    "interestExpense": 160000000,
    "depreciationAndAmortization": 226000000,
    "ebitda": 1088000000,
    "ebitdaratio": 0.1156585521,
    "operatingIncome": 1088000000,
    "operatingIncomeRatio": 0.1156585521,
    "totalOtherIncomeExpensesNet": -100000000,
    "incomeBeforeTax": 988000000,
    "incomeBeforeTaxRatio": 0.1050281705,
    "incomeTaxExpense": 277000000,
    "netIncome": 651000000,
    "netIncomeRatio": 0.0692037844,
    "eps": 0.66,
    "epsdiluted": 0.64,
    "weightedAverageShsOut": 992000000,
    "weightedAverageShsOutDil": 1016000000,
    "link": "https://www.sec.gov/Archives/edgar/data/101829/000119312505084494/0001193125-05-084494-index.htm",
    "finalLink": "https://www.sec.gov/Archives/edgar/data/101829/000119312505084494/d10q.htm"
  },
  {
    "date": "2004-12-31",
    "symbol": "RTX",
    "reportedCurrency": "USD",
    "cik": "0000101829",
    "fillingDate": "2005-02-10",
    "acceptedDate": "2005-02-10 17:21:16",
    "calendarYear": "2004",
    "period": "Q4",
    "revenue": 9838000000,
    "costOfRevenue": 7183000000,
    "grossProfit": 2655000000,
    "grossProfitRatio": 0.2698719252,
    "researchAndDevelopmentExpenses": 339000000,
    "generalAndAdministrativeExpenses": 1235000000,
    "sellingAndMarketingExpenses": 0,
    "sellingGeneralAndAdministrativeExpenses": 1235000000,
    "otherExpenses": 0,
    "operatingExpenses": 1574000000,
    "costAndExpenses": 8757000000,
    "interestIncome": 0,
    "interestExpense": 156000000,
    "depreciationAndAmortization": 234000000,
    "ebitda": 1315000000,
    "ebitdaratio": 0.1336653791,
    "operatingIncome": 1081000000,
    "operatingIncomeRatio": 0.1098800569,
    "totalOtherIncomeExpensesNet": -96000000,
    "incomeBeforeTax": 985000000,
    "incomeBeforeTaxRatio": 0.100121976,
    "incomeTaxExpense": 275000000,
    "netIncome": 650000000,
    "netIncomeRatio": 0.0660703395,
    "eps": 0.66,
    "epsdiluted": 0.66,
    "weightedAverageShsOut": 0,
    "weightedAverageShsOutDil": 992000000,
    "link": "https://www.sec.gov/Archives/edgar/data/101829/000119312505025271/0001193125-05-025271-index.htm",
    "finalLink": "https://www.sec.gov/Archives/edgar/data/101829/000119312505025271/d10k.htm"
  },
  {
    "date": "2004-09-30",
    "symbol": "RTX",
    "reportedCurrency": "USD",
    "cik": "0000101829",
    "fillingDate": "2004-10-27",
    "acceptedDate": "2004-10-27 17:14:58",
    "calendarYear": "2004",
    "period": "Q3",
    "revenue": 9339000000,
    "costOfRevenue": 6797000000,
    "grossProfit": 2542000000,
    "grossProfitRatio": 0.2721918835,
    "researchAndDevelopmentExpenses": 296000000,
    "generalAndAdministrativeExpenses": 1070000000,
    "sellingAndMarketingExpenses": 0,
    "sellingGeneralAndAdministrativeExpenses": 1070000000,
    "otherExpenses": 0,
    "operatingExpenses": 1366000000,
    "costAndExpenses": 8163000000,
    "interestIncome": 0,
    "interestExpense": 150000000,
    "depreciationAndAmortization": 230000000,
    "ebitda": 1360000000,
    "ebitdaratio": 0.14562587,
    "operatingIncome": 1176000000,
    "operatingIncomeRatio": 0.1259235464,
    "totalOtherIncomeExpensesNet": -135000000,
    "incomeBeforeTax": 1087000000,
    "incomeBeforeTaxRatio": 0.1163936182,
    "incomeTaxExpense": 304000000,
    "netIncome": 722000000,
    "netIncomeRatio": 0.0773102045,
    "eps": 0.73,
    "epsdiluted": 0.71,
    "weightedAverageShsOut": 1984000000,
    "weightedAverageShsOutDil": 1013500000,
    "link": "https://www.sec.gov/Archives/edgar/data/101829/000119312504179470/0001193125-04-179470-index.htm",
    "finalLink": "https://www.sec.gov/Archives/edgar/data/101829/000119312504179470/d10q.htm"
  },
  {
    "date": "2004-06-30",
    "symbol": "RTX",
    "reportedCurrency": "USD",
    "cik": "0000101829",
    "fillingDate": "2004-07-29",
    "acceptedDate": "2004-07-29 16:50:12",
    "calendarYear": "2004",
    "period": "Q2",
    "revenue": 9622000000,
    "costOfRevenue": 6971000000,
    "grossProfit": 2651000000,
    "grossProfitRatio": 0.2755144461,
    "researchAndDevelopmentExpenses": 313000000,
    "generalAndAdministrativeExpenses": 1088000000,
    "sellingAndMarketingExpenses": 0,
    "sellingGeneralAndAdministrativeExpenses": 1088000000,
    "otherExpenses": 0,
    "operatingExpenses": 1401000000,
    "costAndExpenses": 8372000000,
    "interestIncome": 0,
    "interestExpense": 152000000,
    "depreciationAndAmortization": 252000000,
    "ebitda": 1469000000,
    "ebitdaratio": 0.1526709624,
    "operatingIncome": 1250000000,
    "operatingIncomeRatio": 0.1299106215,
    "totalOtherIncomeExpensesNet": -91000000,
    "incomeBeforeTax": 1159000000,
    "incomeBeforeTaxRatio": 0.1204531282,
    "incomeTaxExpense": 261000000,
    "netIncome": 837000000,
    "netIncomeRatio": 0.0869881522,
    "eps": 0.84,
    "epsdiluted": 0.83,
    "weightedAverageShsOut": 1984000000,
    "weightedAverageShsOutDil": 1013500000,
    "link": "https://www.sec.gov/Archives/edgar/data/101829/000119312504127351/0001193125-04-127351-index.htm",
    "finalLink": "https://www.sec.gov/Archives/edgar/data/101829/000119312504127351/d10q.htm"
  },
  {
    "date": "2004-03-31",
    "symbol": "RTX",
    "reportedCurrency": "USD",
    "cik": "0000101829",
    "fillingDate": "2004-05-04",
    "acceptedDate": "2004-05-04 17:13:51",
    "calendarYear": "2004",
    "period": "Q1",
    "revenue": 8646000000,
    "costOfRevenue": 6270000000,
    "grossProfit": 2376000000,
    "grossProfitRatio": 0.2748091603,
    "researchAndDevelopmentExpenses": 308000000,
    "generalAndAdministrativeExpenses": 1105000000,
    "sellingAndMarketingExpenses": 0,
    "sellingGeneralAndAdministrativeExpenses": 1105000000,
    "otherExpenses": 0,
    "operatingExpenses": 1413000000,
    "costAndExpenses": 7683000000,
    "interestIncome": 0,
    "interestExpense": 139000000,
    "depreciationAndAmortization": 262000000,
    "ebitda": 1182000000,
    "ebitdaratio": 0.1367106176,
    "operatingIncome": 963000000,
    "operatingIncomeRatio": 0.1113809854,
    "totalOtherIncomeExpensesNet": -130000000,
    "incomeBeforeTax": 876000000,
    "incomeBeforeTaxRatio": 0.1013185288,
    "incomeTaxExpense": 245000000,
    "netIncome": 579000000,
    "netIncomeRatio": 0.0669673838,
    "eps": 0.58,
    "epsdiluted": 0.57,
    "weightedAverageShsOut": 996000000,
    "weightedAverageShsOutDil": 1016000000,
    "link": "https://www.sec.gov/Archives/edgar/data/101829/000119312504078065/0001193125-04-078065-index.htm",
    "finalLink": "https://www.sec.gov/Archives/edgar/data/101829/000119312504078065/d10q.htm"
  },
  {
    "date": "2003-12-31",
    "symbol": "RTX",
    "reportedCurrency": "USD",
    "cik": "0000101829",
    "fillingDate": "2004-02-05",
    "acceptedDate": "2004-02-05 17:08:15",
    "calendarYear": "2003",
    "period": "Q4",
    "revenue": 8588000000,
    "costOfRevenue": 6310000000,
    "grossProfit": 2278000000,
    "grossProfitRatio": 0.2652538426,
    "researchAndDevelopmentExpenses": 251000000,
    "generalAndAdministrativeExpenses": 1100000000,
    "sellingAndMarketingExpenses": 0,
    "sellingGeneralAndAdministrativeExpenses": 1100000000,
    "otherExpenses": 0,
    "operatingExpenses": 1351000000,
    "costAndExpenses": 7661000000,
    "interestIncome": 0,
    "interestExpense": 0,
    "depreciationAndAmortization": 229000000,
    "ebitda": 1156000000,
    "ebitdaratio": 0.1346064276,
    "operatingIncome": 790000000,
    "operatingIncomeRatio": 0.0919888216,
    "totalOtherIncomeExpensesNet": -96000000,
    "incomeBeforeTax": 831000000,
    "incomeBeforeTaxRatio": 0.096762925,
    "incomeTaxExpense": 202000000,
    "netIncome": 588000000,
    "netIncomeRatio": 0.0684676293,
    "eps": 0.59,
    "epsdiluted": 0.59,
    "weightedAverageShsOut": 0,
    "weightedAverageShsOutDil": 996000000,
    "link": "https://www.sec.gov/Archives/edgar/data/101829/000119312504015495/0001193125-04-015495-index.htm",
    "finalLink": "https://www.sec.gov/Archives/edgar/data/101829/000119312504015495/d10k.htm"
  },
  {
    "date": "2003-09-30",
    "symbol": "RTX",
    "reportedCurrency": "USD",
    "cik": "0000101829",
    "fillingDate": "2003-10-20",
    "acceptedDate": "2003-10-20 17:00:48",
    "calendarYear": "2003",
    "period": "Q3",
    "revenue": 7954000000,
    "costOfRevenue": 5713000000,
    "grossProfit": 2241000000,
    "grossProfitRatio": 0.2817450339,
    "researchAndDevelopmentExpenses": 260000000,
    "generalAndAdministrativeExpenses": 933000000,
    "sellingAndMarketingExpenses": 0,
    "sellingGeneralAndAdministrativeExpenses": 933000000,
    "otherExpenses": 0,
    "operatingExpenses": 1193000000,
    "costAndExpenses": 6906000000,
    "interestIncome": 0,
    "interestExpense": 142000000,
    "depreciationAndAmortization": 203000000,
    "ebitda": 1251000000,
    "ebitdaratio": 0.1572793563,
    "operatingIncome": 1048000000,
    "operatingIncomeRatio": 0.1317576062,
    "totalOtherIncomeExpensesNet": -95000000,
    "incomeBeforeTax": 953000000,
    "incomeBeforeTaxRatio": 0.1198139301,
    "incomeTaxExpense": 267000000,
    "netIncome": 639000000,
    "netIncomeRatio": 0.0803369374,
    "eps": 0.68,
    "epsdiluted": 0.63,
    "weightedAverageShsOut": 940000000,
    "weightedAverageShsOutDil": 1008000000,
    "link": "https://www.sec.gov/Archives/edgar/data/101829/000010182903000315/0000101829-03-000315-index.htm",
    "finalLink": "https://www.sec.gov/Archives/edgar/data/101829/000010182903000315/tenq32003.htm"
  },
  {
    "date": "2003-06-30",
    "symbol": "RTX",
    "reportedCurrency": "USD",
    "cik": "0000101829",
    "fillingDate": "2003-07-21",
    "acceptedDate": "2003-07-21 17:05:15",
    "calendarYear": "2003",
    "period": "Q2",
    "revenue": 7790000000,
    "costOfRevenue": 5619000000,
    "grossProfit": 2171000000,
    "grossProfitRatio": 0.278690629,
    "researchAndDevelopmentExpenses": 281000000,
    "generalAndAdministrativeExpenses": 857000000,
    "sellingAndMarketingExpenses": 0,
    "sellingGeneralAndAdministrativeExpenses": 857000000,
    "otherExpenses": 0,
    "operatingExpenses": 1138000000,
    "costAndExpenses": 6757000000,
    "interestIncome": 0,
    "interestExpense": 138000000,
    "depreciationAndAmortization": 187000000,
    "ebitda": 1220000000,
    "ebitdaratio": 0.1566110398,
    "operatingIncome": 1033000000,
    "operatingIncomeRatio": 0.132605905,
    "totalOtherIncomeExpensesNet": -93000000,
    "incomeBeforeTax": 940000000,
    "incomeBeforeTaxRatio": 0.1206675225,
    "incomeTaxExpense": 263000000,
    "netIncome": 632000000,
    "netIncomeRatio": 0.0811296534,
    "eps": 0.68,
    "epsdiluted": 0.63,
    "weightedAverageShsOut": 936000000,
    "weightedAverageShsOutDil": 1000000000,
    "link": "https://www.sec.gov/Archives/edgar/data/101829/000010182903000250/0000101829-03-000250-index.htm",
    "finalLink": "https://www.sec.gov/Archives/edgar/data/101829/000010182903000250/tenq22003.htm"
  },
  {
    "date": "2003-03-31",
    "symbol": "RTX",
    "reportedCurrency": "USD",
    "cik": "0000101829",
    "fillingDate": "2003-04-23",
    "acceptedDate": "2003-04-23 08:39:17",
    "calendarYear": "2003",
    "period": "Q1",
    "revenue": 6702000000,
    "costOfRevenue": 4866000000,
    "grossProfit": 1836000000,
    "grossProfitRatio": 0.2739480752,
    "researchAndDevelopmentExpenses": 235000000,
    "generalAndAdministrativeExpenses": 764000000,
    "sellingAndMarketingExpenses": 0,
    "sellingGeneralAndAdministrativeExpenses": 764000000,
    "otherExpenses": 0,
    "operatingExpenses": 999000000,
    "costAndExpenses": 5865000000,
    "interestIncome": 0,
    "interestExpense": 126000000,
    "depreciationAndAmortization": 180000000,
    "ebitda": 1017000000,
    "ebitdaratio": 0.1517457475,
    "operatingIncome": 837000000,
    "operatingIncomeRatio": 0.1248880931,
    "totalOtherIncomeExpensesNet": -91000000,
    "incomeBeforeTax": 746000000,
    "incomeBeforeTaxRatio": 0.1113100567,
    "incomeTaxExpense": 209000000,
    "netIncome": 502000000,
    "netIncomeRatio": 0.074903014,
    "eps": 0.53,
    "epsdiluted": 0.5,
    "weightedAverageShsOut": 940000000,
    "weightedAverageShsOutDil": 1002000000,
    "link": "https://www.sec.gov/Archives/edgar/data/101829/000010182903000199/0000101829-03-000199-index.htm",
    "finalLink": "https://www.sec.gov/Archives/edgar/data/101829/000010182903000199/tenq12003.htm"
  },
  {
    "date": "2002-12-31",
    "symbol": "RTX",
    "reportedCurrency": "USD",
    "cik": "0000101829",
    "fillingDate": "2003-03-03",
    "acceptedDate": "2003-03-03 17:03:32",
    "calendarYear": "2002",
    "period": "Q4",
    "revenue": 7215000000,
    "costOfRevenue": 5248000000,
    "grossProfit": 1967000000,
    "grossProfitRatio": 0.2726264726,
    "researchAndDevelopmentExpenses": 278000000,
    "generalAndAdministrativeExpenses": 862000000,
    "sellingAndMarketingExpenses": 0,
    "sellingGeneralAndAdministrativeExpenses": 862000000,
    "otherExpenses": 0,
    "operatingExpenses": 1140000000,
    "costAndExpenses": 6388000000,
    "interestIncome": 0,
    "interestExpense": 0,
    "depreciationAndAmortization": 190000000,
    "ebitda": 1017000000,
    "ebitdaratio": 0.140956341,
    "operatingIncome": 698000000,
    "operatingIncomeRatio": 0.0967428967,
    "totalOtherIncomeExpensesNet": -93000000,
    "incomeBeforeTax": 734000000,
    "incomeBeforeTaxRatio": 0.1017325017,
    "incomeTaxExpense": 165000000,
    "netIncome": 533000000,
    "netIncomeRatio": 0.0738738739,
    "eps": 0.57,
    "epsdiluted": 0.57,
    "weightedAverageShsOut": 0,
    "weightedAverageShsOutDil": 940000000,
    "link": "https://www.sec.gov/Archives/edgar/data/101829/000010182903000150/0000101829-03-000150-index.htm",
    "finalLink": "https://www.sec.gov/Archives/edgar/data/101829/000010182903000150/ten-ka2002.htm"
  },
  {
    "date": "2002-09-30",
    "symbol": "RTX",
    "reportedCurrency": "USD",
    "cik": "0000101829",
    "fillingDate": "2002-10-22",
    "acceptedDate": "2002-10-22 09:06:44",
    "calendarYear": "2002",
    "period": "Q3",
    "revenue": 7299000000,
    "costOfRevenue": 5238000000,
    "grossProfit": 2061000000,
    "grossProfitRatio": 0.2823674476,
    "researchAndDevelopmentExpenses": 270000000,
    "generalAndAdministrativeExpenses": 789000000,
    "sellingAndMarketingExpenses": 0,
    "sellingGeneralAndAdministrativeExpenses": 789000000,
    "otherExpenses": 0,
    "operatingExpenses": 1059000000,
    "costAndExpenses": 6297000000,
    "interestIncome": 0,
    "interestExpense": 132000000,
    "depreciationAndAmortization": 173000000,
    "ebitda": 1175000000,
    "ebitdaratio": 0.1609809563,
    "operatingIncome": 1002000000,
    "operatingIncomeRatio": 0.1372790793,
    "totalOtherIncomeExpensesNet": -93000000,
    "incomeBeforeTax": 909000000,
    "incomeBeforeTaxRatio": 0.1245376079,
    "incomeTaxExpense": 258000000,
    "netIncome": 612000000,
    "netIncomeRatio": 0.0838471023,
    "eps": 0.65,
    "epsdiluted": 0.61,
    "weightedAverageShsOut": 946000000,
    "weightedAverageShsOutDil": 1010000000,
    "link": "https://www.sec.gov/Archives/edgar/data/101829/000010182902000058/0000101829-02-000058-index.htm",
    "finalLink": "https://www.sec.gov/Archives/edgar/data/101829/000010182902000058/tenq32002.htm"
  },
  {
    "date": "2002-06-30",
    "symbol": "RTX",
    "reportedCurrency": "USD",
    "cik": "0000101829",
    "fillingDate": "2002-08-01",
    "acceptedDate": "2002-08-01 09:23:23",
    "calendarYear": "2002",
    "period": "Q2",
    "revenue": 7324000000,
    "costOfRevenue": 5190000000,
    "grossProfit": 2134000000,
    "grossProfitRatio": 0.2913708356,
    "researchAndDevelopmentExpenses": 305000000,
    "generalAndAdministrativeExpenses": 798000000,
    "sellingAndMarketingExpenses": 0,
    "sellingGeneralAndAdministrativeExpenses": 798000000,
    "otherExpenses": 0,
    "operatingExpenses": 1103000000,
    "costAndExpenses": 6293000000,
    "interestIncome": 0,
    "interestExpense": 141000000,
    "depreciationAndAmortization": 189000000,
    "ebitda": 1220000000,
    "ebitdaratio": 0.1665756417,
    "operatingIncome": 1031000000,
    "operatingIncomeRatio": 0.140770071,
    "totalOtherIncomeExpensesNet": -141000000,
    "incomeBeforeTax": 935000000,
    "incomeBeforeTaxRatio": 0.1276624795,
    "incomeTaxExpense": 266000000,
    "netIncome": 624000000,
    "netIncomeRatio": 0.0851993446,
    "eps": 0.66,
    "epsdiluted": 0.62,
    "weightedAverageShsOut": 946000000,
    "weightedAverageShsOutDil": 1014000000,
    "link": "https://www.sec.gov/Archives/edgar/data/101829/000010182902000045/0000101829-02-000045-index.htm",
    "finalLink": "https://www.sec.gov/Archives/edgar/data/101829/000010182902000045/tenq22002.htm"
  },
  {
    "date": "2002-03-31",
    "symbol": "RTX",
    "reportedCurrency": "USD",
    "cik": "0000101829",
    "fillingDate": "2002-04-23",
    "acceptedDate": "2002-04-23 00:00:00",
    "calendarYear": "2002",
    "period": "Q1",
    "revenue": 6374000000,
    "costOfRevenue": 4485000000,
    "grossProfit": 1889000000,
    "grossProfitRatio": 0.2963602134,
    "researchAndDevelopmentExpenses": 338000000,
    "generalAndAdministrativeExpenses": 754000000,
    "sellingAndMarketingExpenses": 0,
    "sellingGeneralAndAdministrativeExpenses": 754000000,
    "otherExpenses": 0,
    "operatingExpenses": 1092000000,
    "costAndExpenses": 5577000000,
    "interestIncome": 0,
    "interestExpense": 132000000,
    "depreciationAndAmortization": 175000000,
    "ebitda": 972000000,
    "ebitdaratio": 0.1524945089,
    "operatingIncome": 797000000,
    "operatingIncomeRatio": 0.1250392218,
    "totalOtherIncomeExpensesNet": -99000000,
    "incomeBeforeTax": 698000000,
    "incomeBeforeTaxRatio": 0.1095073737,
    "incomeTaxExpense": 198000000,
    "netIncome": 467000000,
    "netIncomeRatio": 0.0732663947,
    "eps": 0.49,
    "epsdiluted": 0.46,
    "weightedAverageShsOut": 946000000,
    "weightedAverageShsOutDil": 1014000000,
    "link": "https://www.sec.gov/Archives/edgar/data/101829/000010182902000010/0000101829-02-000010-index.htm",
    "finalLink": "https://www.sec.gov/Archives/edgar/data/101829/000010182902000010/tenq12002.htm"
  },
  {
    "date": "2001-12-31",
    "symbol": "RTX",
    "reportedCurrency": "USD",
    "cik": "0000101829",
    "fillingDate": "2002-02-11",
    "acceptedDate": "2002-02-11 00:00:00",
    "calendarYear": "2001",
    "period": "Q4",
    "revenue": 6974000000,
    "costOfRevenue": 5168000000,
    "grossProfit": 1806000000,
    "grossProfitRatio": 0.2589618583,
    "researchAndDevelopmentExpenses": 301000000,
    "generalAndAdministrativeExpenses": 860000000,
    "sellingAndMarketingExpenses": 0,
    "sellingGeneralAndAdministrativeExpenses": 860000000,
    "otherExpenses": 0,
    "operatingExpenses": 1161000000,
    "costAndExpenses": 6329000000,
    "interestIncome": 0,
    "interestExpense": 0,
    "depreciationAndAmortization": 238000000,
    "ebitda": 883000000,
    "ebitdaratio": 0.1266131345,
    "operatingIncome": 506000000,
    "operatingIncomeRatio": 0.072555205,
    "totalOtherIncomeExpensesNet": -110000000,
    "incomeBeforeTax": 535000000,
    "incomeBeforeTaxRatio": 0.0767135073,
    "incomeTaxExpense": 161000000,
    "netIncome": 345000000,
    "netIncomeRatio": 0.049469458,
    "eps": 0.39,
    "epsdiluted": 0.39,
    "weightedAverageShsOut": 0,
    "weightedAverageShsOutDil": 946000000,
    "link": "https://www.sec.gov/Archives/edgar/data/101829/000010182902000006/0000101829-02-000006-index.htm",
    "finalLink": "https://www.sec.gov/Archives/edgar/data/101829/000010182902000006/tenkye2001.htm"
  },
  {
    "date": "2001-09-30",
    "symbol": "RTX",
    "reportedCurrency": "USD",
    "cik": "0000101829",
    "fillingDate": "2001-10-22",
    "acceptedDate": "2001-10-22 00:00:00",
    "calendarYear": "2001",
    "period": "Q3",
    "revenue": 6920000000,
    "costOfRevenue": 4923000000,
    "grossProfit": 1997000000,
    "grossProfitRatio": 0.288583815,
    "researchAndDevelopmentExpenses": 318000000,
    "generalAndAdministrativeExpenses": 857000000,
    "sellingAndMarketingExpenses": 0,
    "sellingGeneralAndAdministrativeExpenses": 857000000,
    "otherExpenses": 0,
    "operatingExpenses": 1175000000,
    "costAndExpenses": 6098000000,
    "interestIncome": 0,
    "interestExpense": 128000000,
    "depreciationAndAmortization": 220000000,
    "ebitda": 1042000000,
    "ebitdaratio": 0.1505780347,
    "operatingIncome": 822000000,
    "operatingIncomeRatio": 0.1187861272,
    "totalOtherIncomeExpensesNet": -128000000,
    "incomeBeforeTax": 722000000,
    "incomeBeforeTaxRatio": 0.1043352601,
    "incomeTaxExpense": 129000000,
    "netIncome": 565000000,
    "netIncomeRatio": 0.0816473988,
    "eps": 0.6,
    "epsdiluted": 0.56,
    "weightedAverageShsOut": 940000000,
    "weightedAverageShsOutDil": 1008000000,
    "link": "https://www.sec.gov/Archives/edgar/data/101829/000010182901500041/0000101829-01-500041-index.htm",
    "finalLink": "https://www.sec.gov/Archives/edgar/data/101829/000010182901500041/tenq301.htm"
  },
  {
    "date": "2001-06-30",
    "symbol": "RTX",
    "reportedCurrency": "USD",
    "cik": "0000101829",
    "fillingDate": "2001-07-27",
    "acceptedDate": "2001-07-27 00:00:00",
    "calendarYear": "2001",
    "period": "Q2",
    "revenue": 7332000000,
    "costOfRevenue": 4959000000,
    "grossProfit": 2373000000,
    "grossProfitRatio": 0.3236497545,
    "researchAndDevelopmentExpenses": 338000000,
    "generalAndAdministrativeExpenses": 0,
    "sellingAndMarketingExpenses": 0,
    "sellingGeneralAndAdministrativeExpenses": 821000000,
    "otherExpenses": 225000000,
    "operatingExpenses": 1384000000,
    "costAndExpenses": 6343000000,
    "interestIncome": 0,
    "interestExpense": 140000000,
    "depreciationAndAmortization": 225000000,
    "ebitda": 1214000000,
    "ebitdaratio": 0.1655755592,
    "operatingIncome": 989000000,
    "operatingIncomeRatio": 0.1348881615,
    "totalOtherIncomeExpensesNet": -109000000,
    "incomeBeforeTax": 880000000,
    "incomeBeforeTaxRatio": 0.1200218221,
    "incomeTaxExpense": 261000000,
    "netIncome": 588000000,
    "netIncomeRatio": 0.0801963993,
    "eps": 0.62,
    "epsdiluted": 0.58,
    "weightedAverageShsOut": 942000000,
    "weightedAverageShsOutDil": 1014000000,
    "link": "https://www.sec.gov/Archives/edgar/data/101829/000010182901500035/0000101829-01-500035-index.htm",
    "finalLink": "https://www.sec.gov/Archives/edgar/data/101829/000010182901500035/tenq201.htm"
  },
  {
    "date": "2001-03-31",
    "symbol": "RTX",
    "reportedCurrency": "USD",
    "cik": "0000101829",
    "fillingDate": "2001-05-04",
    "acceptedDate": "2001-05-04 00:00:00",
    "calendarYear": "2001",
    "period": "Q1",
    "revenue": 6671000000,
    "costOfRevenue": 4590000000,
    "grossProfit": 2081000000,
    "grossProfitRatio": 0.3119472343,
    "researchAndDevelopmentExpenses": 297000000,
    "generalAndAdministrativeExpenses": 0,
    "sellingAndMarketingExpenses": 0,
    "sellingGeneralAndAdministrativeExpenses": 785000000,
    "otherExpenses": 222000000,
    "operatingExpenses": 1304000000,
    "costAndExpenses": 5894000000,
    "interestIncome": 0,
    "interestExpense": 133000000,
    "depreciationAndAmortization": 222000000,
    "ebitda": 999000000,
    "ebitdaratio": 0.1497526608,
    "operatingIncome": 777000000,
    "operatingIncomeRatio": 0.1164742917,
    "totalOtherIncomeExpensesNet": -107000000,
    "incomeBeforeTax": 670000000,
    "incomeBeforeTaxRatio": 0.1004347174,
    "incomeTaxExpense": 204000000,
    "netIncome": 440000000,
    "netIncomeRatio": 0.0659571279,
    "eps": 0.47,
    "epsdiluted": 0.43,
    "weightedAverageShsOut": 942000000,
    "weightedAverageShsOutDil": 1016000000,
    "link": "https://www.sec.gov/Archives/edgar/data/101829/000010182901500006/0000101829-01-500006-index.htm",
    "finalLink": "https://www.sec.gov/Archives/edgar/data/101829/000010182901500006/tenq101.txt"
  },
  {
    "date": "2000-12-31",
    "symbol": "RTX",
    "reportedCurrency": "USD",
    "cik": "0000101829",
    "fillingDate": "2001-02-12",
    "acceptedDate": "2001-02-12 00:00:00",
    "calendarYear": "2000",
    "period": "Q4",
    "revenue": 6689000000,
    "costOfRevenue": 4610000000,
    "grossProfit": 2079000000,
    "grossProfitRatio": 0.3108087906,
    "researchAndDevelopmentExpenses": 350000000,
    "generalAndAdministrativeExpenses": 0,
    "sellingAndMarketingExpenses": 0,
    "sellingGeneralAndAdministrativeExpenses": 842000000,
    "otherExpenses": 220000000,
    "operatingExpenses": 1412000000,
    "costAndExpenses": 6022000000,
    "interestIncome": 0,
    "interestExpense": 47000000,
    "depreciationAndAmortization": 220000000,
    "ebitda": 887000000,
    "ebitdaratio": 0.1326057707,
    "operatingIncome": 667000000,
    "operatingIncomeRatio": 0.0997159516,
    "totalOtherIncomeExpensesNet": -47000000,
    "incomeBeforeTax": 620000000,
    "incomeBeforeTaxRatio": 0.0926894902,
    "incomeTaxExpense": 194000000,
    "netIncome": 426000000,
    "netIncomeRatio": 0.0636866497,
    "eps": 0.46,
    "epsdiluted": 0.46,
    "weightedAverageShsOut": 0,
    "weightedAverageShsOutDil": 936000000,
    "link": "https://www.sec.gov/Archives/edgar/data/101829/000010182901000002/0000101829-01-000002-index.htm",
    "finalLink": "https://www.sec.gov/Archives/edgar/data/101829/000010182901000002/0000101829-01-000002-0001.txt"
  },
  {
    "date": "2000-09-30",
    "symbol": "RTX",
    "reportedCurrency": "USD",
    "cik": "0000101829",
    "fillingDate": "2000-10-26",
    "acceptedDate": "2000-10-26 00:00:00",
    "calendarYear": "2000",
    "period": "Q3",
    "revenue": 6339000000,
    "costOfRevenue": 4315000000,
    "grossProfit": 2024000000,
    "grossProfitRatio": 0.3192932639,
    "researchAndDevelopmentExpenses": 329000000,
    "generalAndAdministrativeExpenses": 0,
    "sellingAndMarketingExpenses": 0,
    "sellingGeneralAndAdministrativeExpenses": 761000000,
    "otherExpenses": 210000000,
    "operatingExpenses": 1300000000,
    "costAndExpenses": 5615000000,
    "interestIncome": 0,
    "interestExpense": 0,
    "depreciationAndAmortization": 210000000,
    "ebitda": 934000000,
    "ebitdaratio": 0.147341852,
    "operatingIncome": 724000000,
    "operatingIncomeRatio": 0.1142135984,
    "totalOtherIncomeExpensesNet": 2000000,
    "incomeBeforeTax": 726000000,
    "incomeBeforeTaxRatio": 0.1145291055,
    "incomeTaxExpense": 230000000,
    "netIncome": 496000000,
    "netIncomeRatio": 0.0782457801,
    "eps": 0.53,
    "epsdiluted": 0.49,
    "weightedAverageShsOut": 936000000,
    "weightedAverageShsOutDil": 1012000000,
    "link": "https://www.sec.gov/Archives/edgar/data/101829/000010182900000039/0000101829-00-000039-index.htm",
    "finalLink": "https://www.sec.gov/Archives/edgar/data/101829/000010182900000039/0000101829-00-000039-0001.txt"
  },
  {
    "date": "2000-06-30",
    "symbol": "RTX",
    "reportedCurrency": "USD",
    "cik": "0000101829",
    "fillingDate": "2000-07-27",
    "acceptedDate": "2000-07-27 00:00:00",
    "calendarYear": "2000",
    "period": "Q2",
    "revenue": 6871000000,
    "costOfRevenue": 4770000000,
    "grossProfit": 2101000000,
    "grossProfitRatio": 0.3057779071,
    "researchAndDevelopmentExpenses": 309000000,
    "generalAndAdministrativeExpenses": 0,
    "sellingAndMarketingExpenses": 0,
    "sellingGeneralAndAdministrativeExpenses": 787000000,
    "otherExpenses": 217000000,
    "operatingExpenses": 1313000000,
    "costAndExpenses": 6083000000,
    "interestIncome": 0,
    "interestExpense": 27000000,
    "depreciationAndAmortization": 217000000,
    "ebitda": 1005000000,
    "ebitdaratio": 0.1462669189,
    "operatingIncome": 788000000,
    "operatingIncomeRatio": 0.1146849076,
    "totalOtherIncomeExpensesNet": -27000000,
    "incomeBeforeTax": 761000000,
    "incomeBeforeTaxRatio": 0.1107553486,
    "incomeTaxExpense": 252000000,
    "netIncome": 509000000,
    "netIncomeRatio": 0.0740794644,
    "eps": 0.54,
    "epsdiluted": 0.5,
    "weightedAverageShsOut": 940000000,
    "weightedAverageShsOutDil": 1016000000,
    "link": "https://www.sec.gov/Archives/edgar/data/101829/000010182900000035/0000101829-00-000035-index.htm",
    "finalLink": "https://www.sec.gov/Archives/edgar/data/101829/000010182900000035/0000101829-00-000035-0001.txt"
  },
  {
    "date": "2000-03-31",
    "symbol": "RTX",
    "reportedCurrency": "USD",
    "cik": "0000101829",
    "fillingDate": "2000-04-28",
    "acceptedDate": "2000-04-28 00:00:00",
    "calendarYear": "2000",
    "period": "Q1",
    "revenue": 6307000000,
    "costOfRevenue": 4416000000,
    "grossProfit": 1891000000,
    "grossProfitRatio": 0.2998255906,
    "researchAndDevelopmentExpenses": 314000000,
    "generalAndAdministrativeExpenses": 0,
    "sellingAndMarketingExpenses": 0,
    "sellingGeneralAndAdministrativeExpenses": 781000000,
    "otherExpenses": 212000000,
    "operatingExpenses": 1307000000,
    "costAndExpenses": 5723000000,
    "interestIncome": 0,
    "interestExpense": 30000000,
    "depreciationAndAmortization": 212000000,
    "ebitda": 796000000,
    "ebitdaratio": 0.1262089742,
    "operatingIncome": 584000000,
    "operatingIncomeRatio": 0.0925955288,
    "totalOtherIncomeExpensesNet": -30000000,
    "incomeBeforeTax": 554000000,
    "incomeBeforeTaxRatio": 0.0878389091,
    "incomeTaxExpense": 177000000,
    "netIncome": 377000000,
    "netIncomeRatio": 0.0597748533,
    "eps": 0.4,
    "epsdiluted": 0.37,
    "weightedAverageShsOut": 946000000,
    "weightedAverageShsOutDil": 1022000000,
    "link": "https://www.sec.gov/Archives/edgar/data/101829/000010182900000006/0000101829-00-000006-index.html",
    "finalLink": "https://www.sec.gov/Archives/edgar/data/101829/000010182900000006/"
  },
  {
    "date": "1999-12-31",
    "symbol": "RTX",
    "reportedCurrency": "USD",
    "cik": "0000101829",
    "fillingDate": "2000-02-14",
    "acceptedDate": "2000-02-14 00:00:00",
    "calendarYear": "1999",
    "period": "Q4",
    "revenue": 6410000000,
    "costOfRevenue": 4749000000,
    "grossProfit": 1661000000,
    "grossProfitRatio": 0.2591263651,
    "researchAndDevelopmentExpenses": 406000000,
    "generalAndAdministrativeExpenses": 0,
    "sellingAndMarketingExpenses": 0,
    "sellingGeneralAndAdministrativeExpenses": 953000000,
    "otherExpenses": 255000000,
    "operatingExpenses": 1614000000,
    "costAndExpenses": 6363000000,
    "interestIncome": 0,
    "interestExpense": 0,
    "depreciationAndAmortization": 255000000,
    "ebitda": 302000000,
    "ebitdaratio": 0.0471138846,
    "operatingIncome": 47000000,
    "operatingIncomeRatio": 0.0073322933,
    "totalOtherIncomeExpensesNet": 0,
    "incomeBeforeTax": 47000000,
    "incomeBeforeTaxRatio": 0.0073322933,
    "incomeTaxExpense": -9000000,
    "netIncome": 56000000,
    "netIncomeRatio": 0.0087363495,
    "eps": 0.0524,
    "epsdiluted": 0.0506,
    "weightedAverageShsOut": 0,
    "weightedAverageShsOutDil": 949328419,
    "link": "https://www.sec.gov/Archives/edgar/data/101829/000010182900000002/0000101829-00-000002-index.html",
    "finalLink": "https://www.sec.gov/Archives/edgar/data/101829/000010182900000002/"
  },
  {
    "date": "1999-09-30",
    "symbol": "RTX",
    "reportedCurrency": "USD",
    "cik": "0000101829",
    "fillingDate": "1999-10-27",
    "acceptedDate": "1999-10-27 00:00:00",
    "calendarYear": "1999",
    "period": "Q3",
    "revenue": 6068000000,
    "costOfRevenue": 4648000000,
    "grossProfit": 1420000000,
    "grossProfitRatio": 0.2340145023,
    "researchAndDevelopmentExpenses": 306000000,
    "generalAndAdministrativeExpenses": 0,
    "sellingAndMarketingExpenses": 0,
    "sellingGeneralAndAdministrativeExpenses": 786000000,
    "otherExpenses": 209000000,
    "operatingExpenses": 1301000000,
    "costAndExpenses": 5949000000,
    "interestIncome": 0,
    "interestExpense": 0,
    "depreciationAndAmortization": 209000000,
    "ebitda": 328000000,
    "ebitdaratio": 0.0540540541,
    "operatingIncome": 119000000,
    "operatingIncomeRatio": 0.0196110745,
    "totalOtherIncomeExpensesNet": -27000000,
    "incomeBeforeTax": 92000000,
    "incomeBeforeTaxRatio": 0.015161503,
    "incomeTaxExpense": 2000000,
    "netIncome": 90000000,
    "netIncomeRatio": 0.0148319051,
    "eps": 0.0885,
    "epsdiluted": 0.0853,
    "weightedAverageShsOut": 1920000000,
    "weightedAverageShsOutDil": 949328419,
    "link": "https://www.sec.gov/Archives/edgar/data/101829/000010182999000033/0000101829-99-000033-index.html",
    "finalLink": "https://www.sec.gov/Archives/edgar/data/101829/000010182999000033/"
  },
  {
    "date": "1999-06-30",
    "symbol": "RTX",
    "reportedCurrency": "USD",
    "cik": "0000101829",
    "fillingDate": "1999-07-30",
    "acceptedDate": "1999-07-30 00:00:00",
    "calendarYear": "1999",
    "period": "Q2",
    "revenue": 5984000000,
    "costOfRevenue": 4150000000,
    "grossProfit": 1834000000,
    "grossProfitRatio": 0.3064839572,
    "researchAndDevelopmentExpenses": 306000000,
    "generalAndAdministrativeExpenses": 0,
    "sellingAndMarketingExpenses": 0,
    "sellingGeneralAndAdministrativeExpenses": 693000000,
    "otherExpenses": 197000000,
    "operatingExpenses": 1196000000,
    "costAndExpenses": 5346000000,
    "interestIncome": 0,
    "interestExpense": 25000000,
    "depreciationAndAmortization": 197000000,
    "ebitda": 835000000,
    "ebitdaratio": 0.1395387701,
    "operatingIncome": 638000000,
    "operatingIncomeRatio": 0.1066176471,
    "totalOtherIncomeExpensesNet": -25000000,
    "incomeBeforeTax": 613000000,
    "incomeBeforeTaxRatio": 0.1024398396,
    "incomeTaxExpense": 196000000,
    "netIncome": 1077000000,
    "netIncomeRatio": 0.1799799465,
    "eps": 1.17,
    "epsdiluted": 1.13,
    "weightedAverageShsOut": 1836000000,
    "weightedAverageShsOutDil": 949328419,
    "link": "https://www.sec.gov/Archives/edgar/data/101829/000010182999000030/0000101829-99-000030-index.html",
    "finalLink": "https://www.sec.gov/Archives/edgar/data/101829/000010182999000030/"
  },
  {
    "date": "1999-03-31",
    "symbol": "RTX",
    "reportedCurrency": "USD",
    "cik": "0000101829",
    "fillingDate": "1999-05-14",
    "acceptedDate": "1999-05-14 00:00:00",
    "calendarYear": "1999",
    "period": "Q1",
    "revenue": 5382000000,
    "costOfRevenue": 3794000000,
    "grossProfit": 1588000000,
    "grossProfitRatio": 0.2950575994,
    "researchAndDevelopmentExpenses": 274000000,
    "generalAndAdministrativeExpenses": 0,
    "sellingAndMarketingExpenses": 0,
    "sellingGeneralAndAdministrativeExpenses": 701000000,
    "otherExpenses": 183000000,
    "operatingExpenses": 1158000000,
    "costAndExpenses": 4952000000,
    "interestIncome": 0,
    "interestExpense": 0,
    "depreciationAndAmortization": 183000000,
    "ebitda": 613000000,
    "ebitdaratio": 0.1138981791,
    "operatingIncome": 430000000,
    "operatingIncomeRatio": 0.0798959495,
    "totalOtherIncomeExpensesNet": -16000000,
    "incomeBeforeTax": 414000000,
    "incomeBeforeTaxRatio": 0.0769230769,
    "incomeTaxExpense": 136000000,
    "netIncome": 308000000,
    "netIncomeRatio": 0.0572277964,
    "eps": 0.23,
    "epsdiluted": 0.32,
    "weightedAverageShsOut": 3608000000,
    "weightedAverageShsOutDil": 949328419,
    "link": "https://www.sec.gov/Archives/edgar/data/101829/000010182999000009/0000101829-99-000009-index.html",
    "finalLink": "https://www.sec.gov/Archives/edgar/data/101829/"
  },
  {
    "date": "1998-12-31",
    "symbol": "RTX",
    "reportedCurrency": "USD",
    "cik": "0000101829",
    "fillingDate": "1999-02-16",
    "acceptedDate": "1999-02-16 00:00:00",
    "calendarYear": "1998",
    "period": "Q4",
    "revenue": 6543000000,
    "costOfRevenue": 4681000000,
    "grossProfit": 1862000000,
    "grossProfitRatio": 0.2845789393,
    "researchAndDevelopmentExpenses": 363000000,
    "generalAndAdministrativeExpenses": 0,
    "sellingAndMarketingExpenses": 0,
    "sellingGeneralAndAdministrativeExpenses": 757000000,
    "otherExpenses": 210000000,
    "operatingExpenses": 1330000000,
    "costAndExpenses": 6011000000,
    "interestIncome": 0,
    "interestExpense": 106000000,
    "depreciationAndAmortization": 210000000,
    "ebitda": 742000000,
    "ebitdaratio": 0.1134036375,
    "operatingIncome": 532000000,
    "operatingIncomeRatio": 0.0813082684,
    "totalOtherIncomeExpensesNet": -106000000,
    "incomeBeforeTax": 426000000,
    "incomeBeforeTaxRatio": 0.0651077487,
    "incomeTaxExpense": 139000000,
    "netIncome": 287000000,
    "netIncomeRatio": 0.0438636711,
    "eps": 0.32,
    "epsdiluted": 0.32,
    "weightedAverageShsOut": 0,
    "weightedAverageShsOutDil": 903308000,
    "link": "https://www.sec.gov/Archives/edgar/data/101829/000010182999000003/0000101829-99-000003-index.html",
    "finalLink": "https://www.sec.gov/Archives/edgar/data/101829/"
  },
  {
    "date": "1998-09-30",
    "symbol": "RTX",
    "reportedCurrency": "USD",
    "cik": "0000101829",
    "fillingDate": "1998-11-06",
    "acceptedDate": "1998-11-06 00:00:00",
    "calendarYear": "1998",
    "period": "Q3",
    "revenue": 6440000000,
    "costOfRevenue": 4579000000,
    "grossProfit": 1861000000,
    "grossProfitRatio": 0.2889751553,
    "researchAndDevelopmentExpenses": 324000000,
    "generalAndAdministrativeExpenses": 0,
    "sellingAndMarketingExpenses": 0,
    "sellingGeneralAndAdministrativeExpenses": 719000000,
    "otherExpenses": 216000000,
    "operatingExpenses": 1259000000,
    "costAndExpenses": 5838000000,
    "interestIncome": 0,
    "interestExpense": 83000000,
    "depreciationAndAmortization": 216000000,
    "ebitda": 797000000,
    "ebitdaratio": 0.123757764,
    "operatingIncome": 602000000,
    "operatingIncomeRatio": 0.0934782609,
    "totalOtherIncomeExpensesNet": -62000000,
    "incomeBeforeTax": 519000000,
    "incomeBeforeTaxRatio": 0.0805900621,
    "incomeTaxExpense": 171000000,
    "netIncome": 348000000,
    "netIncomeRatio": 0.0540372671,
    "eps": 0.38,
    "epsdiluted": 0.38,
    "weightedAverageShsOut": 3632000000,
    "weightedAverageShsOutDil": 916058000,
    "link": "https://www.sec.gov/Archives/edgar/data/101829/000010182998000047/0000101829-98-000047-index.html",
    "finalLink": "https://www.sec.gov/Archives/edgar/data/101829/"
  },
  {
    "date": "1998-06-30",
    "symbol": "RTX",
    "reportedCurrency": "USD",
    "cik": "0000101829",
    "fillingDate": "1998-07-24",
    "acceptedDate": "1998-07-24 00:00:00",
    "calendarYear": "1998",
    "period": "Q2",
    "revenue": 6680000000,
    "costOfRevenue": 4764000000,
    "grossProfit": 1916000000,
    "grossProfitRatio": 0.2868263473,
    "researchAndDevelopmentExpenses": 320000000,
    "generalAndAdministrativeExpenses": 0,
    "sellingAndMarketingExpenses": 0,
    "sellingGeneralAndAdministrativeExpenses": 750000000,
    "otherExpenses": 214000000,
    "operatingExpenses": 1284000000,
    "costAndExpenses": 6048000000,
    "interestIncome": 0,
    "interestExpense": 90000000,
    "depreciationAndAmortization": 214000000,
    "ebitda": 797000000,
    "ebitdaratio": 0.1193113772,
    "operatingIncome": 632000000,
    "operatingIncomeRatio": 0.0946107784,
    "totalOtherIncomeExpensesNet": -41000000,
    "incomeBeforeTax": 542000000,
    "incomeBeforeTaxRatio": 0.0811377246,
    "incomeTaxExpense": 182000000,
    "netIncome": 360000000,
    "netIncomeRatio": 0.0538922156,
    "eps": 0.4,
    "epsdiluted": 0.39,
    "weightedAverageShsOut": 3664000000,
    "weightedAverageShsOutDil": 916058000,
    "link": "https://www.sec.gov/Archives/edgar/data/101829/000010182998000041/0000101829-98-000041-index.html",
    "finalLink": "https://www.sec.gov/Archives/edgar/data/101829/"
  },
  {
    "date": "1998-03-31",
    "symbol": "RTX",
    "reportedCurrency": "USD",
    "cik": "0000101829",
    "fillingDate": "1998-04-28",
    "acceptedDate": "1998-04-28 00:00:00",
    "calendarYear": "1998",
    "period": "Q1",
    "revenue": 6024000000,
    "costOfRevenue": 4398000000,
    "grossProfit": 1626000000,
    "grossProfitRatio": 0.2699203187,
    "researchAndDevelopmentExpenses": 308000000,
    "generalAndAdministrativeExpenses": 0,
    "sellingAndMarketingExpenses": 0,
    "sellingGeneralAndAdministrativeExpenses": 731000000,
    "otherExpenses": 214000000,
    "operatingExpenses": 1253000000,
    "costAndExpenses": 5651000000,
    "interestIncome": 0,
    "interestExpense": 0,
    "depreciationAndAmortization": 214000000,
    "ebitda": 502000000,
    "ebitdaratio": 0.0833333333,
    "operatingIncome": 373000000,
    "operatingIncomeRatio": 0.0619189907,
    "totalOtherIncomeExpensesNet": -30000000,
    "incomeBeforeTax": 391000000,
    "incomeBeforeTaxRatio": 0.0649070385,
    "incomeTaxExpense": 131000000,
    "netIncome": 260000000,
    "netIncomeRatio": 0.0431606906,
    "eps": 0.29,
    "epsdiluted": 0.28,
    "weightedAverageShsOut": 3672000000,
    "weightedAverageShsOutDil": 916058000,
    "link": "https://www.sec.gov/Archives/edgar/data/101829/000010182998000012/0000101829-98-000012-index.html",
    "finalLink": "https://www.sec.gov/Archives/edgar/data/101829/"
  },
  {
    "date": "1997-12-31",
    "symbol": "RTX",
    "reportedCurrency": "USD",
    "cik": "0000101829",
    "fillingDate": "1998-02-17",
    "acceptedDate": "1998-02-17 00:00:00",
    "calendarYear": "1997",
    "period": "Q4",
    "revenue": 6241000000,
    "costOfRevenue": 4529000000,
    "grossProfit": 1712000000,
    "grossProfitRatio": 0.2743150136,
    "researchAndDevelopmentExpenses": 332000000,
    "generalAndAdministrativeExpenses": 0,
    "sellingAndMarketingExpenses": 0,
    "sellingGeneralAndAdministrativeExpenses": 796000000,
    "otherExpenses": 216000000,
    "operatingExpenses": 1344000000,
    "costAndExpenses": 5873000000,
    "interestIncome": 0,
    "interestExpense": 0,
    "depreciationAndAmortization": 216000000,
    "ebitda": 584000000,
    "ebitdaratio": 0.0935747476,
    "operatingIncome": 368000000,
    "operatingIncomeRatio": 0.0589649095,
    "totalOtherIncomeExpensesNet": 4000000,
    "incomeBeforeTax": 372000000,
    "incomeBeforeTaxRatio": 0.0596058324,
    "incomeTaxExpense": 128000000,
    "netIncome": 244000000,
    "netIncomeRatio": 0.0390962987,
    "eps": 0.26,
    "epsdiluted": 0.26,
    "weightedAverageShsOut": 0,
    "weightedAverageShsOutDil": 931908000,
    "link": "https://www.sec.gov/Archives/edgar/data/101829/000010182998000007/0000101829-98-000007-index.html",
    "finalLink": "https://www.sec.gov/Archives/edgar/data/101829/"
  },
  {
    "date": "1997-09-30",
    "symbol": "RTX",
    "reportedCurrency": "USD",
    "cik": "0000101829",
    "fillingDate": "1997-10-24",
    "acceptedDate": "1997-10-24 00:00:00",
    "calendarYear": "1997",
    "period": "Q3",
    "revenue": 5936000000,
    "costOfRevenue": 4281000000,
    "grossProfit": 1655000000,
    "grossProfitRatio": 0.2788072776,
    "researchAndDevelopmentExpenses": 268000000,
    "generalAndAdministrativeExpenses": 0,
    "sellingAndMarketingExpenses": 0,
    "sellingGeneralAndAdministrativeExpenses": 690000000,
    "otherExpenses": 202000000,
    "operatingExpenses": 1160000000,
    "costAndExpenses": 5441000000,
    "interestIncome": 0,
    "interestExpense": 36000000,
    "depreciationAndAmortization": 202000000,
    "ebitda": 697000000,
    "ebitdaratio": 0.1174191375,
    "operatingIncome": 495000000,
    "operatingIncomeRatio": 0.0833894879,
    "totalOtherIncomeExpensesNet": -36000000,
    "incomeBeforeTax": 459000000,
    "incomeBeforeTaxRatio": 0.0773247978,
    "incomeTaxExpense": 159000000,
    "netIncome": 300000000,
    "netIncomeRatio": 0.0505390836,
    "eps": 0.32,
    "epsdiluted": 0.32,
    "weightedAverageShsOut": 931908000,
    "weightedAverageShsOutDil": 931908000,
    "link": "https://www.sec.gov/Archives/edgar/data/101829/000010182997000044/0000101829-97-000044-index.html",
    "finalLink": "https://www.sec.gov/Archives/edgar/data/101829/"
  },
  {
    "date": "1997-06-30",
    "symbol": "RTX",
    "reportedCurrency": "USD",
    "cik": "0000101829",
    "fillingDate": "1997-07-28",
    "acceptedDate": "1997-07-28 00:00:00",
    "calendarYear": "1997",
    "period": "Q2",
    "revenue": 6432000000,
    "costOfRevenue": 4669000000,
    "grossProfit": 1763000000,
    "grossProfitRatio": 0.2740982587,
    "researchAndDevelopmentExpenses": 316000000,
    "generalAndAdministrativeExpenses": 0,
    "sellingAndMarketingExpenses": 0,
    "sellingGeneralAndAdministrativeExpenses": 727000000,
    "otherExpenses": 219000000,
    "operatingExpenses": 1262000000,
    "costAndExpenses": 5931000000,
    "interestIncome": 0,
    "interestExpense": 35000000,
    "depreciationAndAmortization": 219000000,
    "ebitda": 720000000,
    "ebitdaratio": 0.1119402985,
    "operatingIncome": 501000000,
    "operatingIncomeRatio": 0.077891791,
    "totalOtherIncomeExpensesNet": -35000000,
    "incomeBeforeTax": 466000000,
    "incomeBeforeTaxRatio": 0.0724502488,
    "incomeTaxExpense": 162000000,
    "netIncome": 304000000,
    "netIncomeRatio": 0.0472636816,
    "eps": 0.32,
    "epsdiluted": 0.32,
    "weightedAverageShsOut": 941700000,
    "weightedAverageShsOutDil": 941700000,
    "link": "https://www.sec.gov/Archives/edgar/data/101829/000010182997000038/0000101829-97-000038-index.html",
    "finalLink": "https://www.sec.gov/Archives/edgar/data/101829/"
  },
  {
    "date": "1997-03-31",
    "symbol": "RTX",
    "reportedCurrency": "USD",
    "cik": "0000101829",
    "fillingDate": "1997-04-25",
    "acceptedDate": "1997-04-25 00:00:00",
    "calendarYear": "1997",
    "period": "Q1",
    "revenue": 5886000000,
    "costOfRevenue": 4325000000,
    "grossProfit": 1561000000,
    "grossProfitRatio": 0.2652055725,
    "researchAndDevelopmentExpenses": 271000000,
    "generalAndAdministrativeExpenses": 0,
    "sellingAndMarketingExpenses": 0,
    "sellingGeneralAndAdministrativeExpenses": 702000000,
    "otherExpenses": 211000000,
    "operatingExpenses": 1184000000,
    "costAndExpenses": 5509000000,
    "interestIncome": 0,
    "interestExpense": 29000000,
    "depreciationAndAmortization": 211000000,
    "ebitda": 588000000,
    "ebitdaratio": 0.0998980632,
    "operatingIncome": 377000000,
    "operatingIncomeRatio": 0.0640502888,
    "totalOtherIncomeExpensesNet": -29000000,
    "incomeBeforeTax": 348000000,
    "incomeBeforeTaxRatio": 0.0591233435,
    "incomeTaxExpense": 124000000,
    "netIncome": 224000000,
    "netIncomeRatio": 0.038056405,
    "eps": 0.24,
    "epsdiluted": 0.24,
    "weightedAverageShsOut": 947556000,
    "weightedAverageShsOutDil": 947556000,
    "link": "https://www.sec.gov/Archives/edgar/data/101829/000010182997000021/0000101829-97-000021-index.html",
    "finalLink": "https://www.sec.gov/Archives/edgar/data/101829/"
  },
  {
    "date": "1996-12-31",
    "symbol": "RTX",
    "reportedCurrency": "USD",
    "cik": "0000101829",
    "fillingDate": "1997-02-07",
    "acceptedDate": "1997-02-07 00:00:00",
    "calendarYear": "1996",
    "period": "Q4",
    "revenue": 6015000000,
    "costOfRevenue": 4377000000,
    "grossProfit": 1638000000,
    "grossProfitRatio": 0.272319202,
    "researchAndDevelopmentExpenses": 328000000,
    "generalAndAdministrativeExpenses": 0,
    "sellingAndMarketingExpenses": 0,
    "sellingGeneralAndAdministrativeExpenses": 772000000,
    "otherExpenses": 218000000,
    "operatingExpenses": 1318000000,
    "costAndExpenses": 5695000000,
    "interestIncome": 0,
    "interestExpense": 0,
    "depreciationAndAmortization": 218000000,
    "ebitda": 538000000,
    "ebitdaratio": 0.089443059,
    "operatingIncome": 320000000,
    "operatingIncomeRatio": 0.0532003325,
    "totalOtherIncomeExpensesNet": 38000000,
    "incomeBeforeTax": 358000000,
    "incomeBeforeTaxRatio": 0.059517872,
    "incomeTaxExpense": 129000000,
    "netIncome": 229000000,
    "netIncomeRatio": 0.0380714879,
    "eps": 0.24,
    "epsdiluted": 0.24,
    "weightedAverageShsOut": 0,
    "weightedAverageShsOutDil": 966864000,
    "link": "https://www.sec.gov/Archives/edgar/data/101829/000010182997000004/0000101829-97-000004-index.html",
    "finalLink": "https://www.sec.gov/Archives/edgar/data/101829/"
  },
  {
    "date": "1996-09-30",
    "symbol": "RTX",
    "reportedCurrency": "USD",
    "cik": "0000101829",
    "fillingDate": "1996-11-08",
    "acceptedDate": "1996-11-08 00:00:00",
    "calendarYear": "1996",
    "period": "Q3",
    "revenue": 5908000000,
    "costOfRevenue": 4265000000,
    "grossProfit": 1643000000,
    "grossProfitRatio": 0.2780974949,
    "researchAndDevelopmentExpenses": 270000000,
    "generalAndAdministrativeExpenses": 0,
    "sellingAndMarketingExpenses": 0,
    "sellingGeneralAndAdministrativeExpenses": 708000000,
    "otherExpenses": 211000000,
    "operatingExpenses": 1189000000,
    "costAndExpenses": 5454000000,
    "interestIncome": 0,
    "interestExpense": 56000000,
    "depreciationAndAmortization": 211000000,
    "ebitda": 665000000,
    "ebitdaratio": 0.1125592417,
    "operatingIncome": 454000000,
    "operatingIncomeRatio": 0.076844956,
    "totalOtherIncomeExpensesNet": -56000000,
    "incomeBeforeTax": 398000000,
    "incomeBeforeTaxRatio": 0.067366283,
    "incomeTaxExpense": 144000000,
    "netIncome": 254000000,
    "netIncomeRatio": 0.0429925525,
    "eps": 0.26,
    "epsdiluted": 0.26,
    "weightedAverageShsOut": 966864000,
    "weightedAverageShsOutDil": 966864000,
    "link": "https://www.sec.gov/Archives/edgar/data/101829/000010182996000051/0000101829-96-000051-index.html",
    "finalLink": "https://www.sec.gov/Archives/edgar/data/101829/"
  },
  {
    "date": "1996-06-30",
    "symbol": "RTX",
    "reportedCurrency": "USD",
    "cik": "0000101829",
    "fillingDate": "1996-08-14",
    "acceptedDate": "1996-08-14 00:00:00",
    "calendarYear": "1996",
    "period": "Q2",
    "revenue": 6002000000,
    "costOfRevenue": 4343000000,
    "grossProfit": 1659000000,
    "grossProfitRatio": 0.276407864,
    "researchAndDevelopmentExpenses": 274000000,
    "generalAndAdministrativeExpenses": 0,
    "sellingAndMarketingExpenses": 0,
    "sellingGeneralAndAdministrativeExpenses": 709000000,
    "otherExpenses": 215000000,
    "operatingExpenses": 1198000000,
    "costAndExpenses": 5541000000,
    "interestIncome": 0,
    "interestExpense": 51000000,
    "depreciationAndAmortization": 215000000,
    "ebitda": 676000000,
    "ebitdaratio": 0.1126291236,
    "operatingIncome": 461000000,
    "operatingIncomeRatio": 0.0768077308,
    "totalOtherIncomeExpensesNet": -51000000,
    "incomeBeforeTax": 410000000,
    "incomeBeforeTaxRatio": 0.0683105631,
    "incomeTaxExpense": 151000000,
    "netIncome": 259000000,
    "netIncomeRatio": 0.0431522826,
    "eps": 0.27,
    "epsdiluted": 0.27,
    "weightedAverageShsOut": 966864000,
    "weightedAverageShsOutDil": 966864000,
    "link": "https://www.sec.gov/Archives/edgar/data/101829/000010182996000044/0000101829-96-000044-index.html",
    "finalLink": "https://www.sec.gov/Archives/edgar/data/101829/"
  },
  {
    "date": "1996-03-31",
    "symbol": "RTX",
    "reportedCurrency": "USD",
    "cik": "0000101829",
    "fillingDate": "1996-05-15",
    "acceptedDate": "1996-05-15 00:00:00",
    "calendarYear": "1996",
    "period": "Q1",
    "revenue": 5449000000,
    "costOfRevenue": 4000000000,
    "grossProfit": 1449000000,
    "grossProfitRatio": 0.2659203524,
    "researchAndDevelopmentExpenses": 250000000,
    "generalAndAdministrativeExpenses": 0,
    "sellingAndMarketingExpenses": 0,
    "sellingGeneralAndAdministrativeExpenses": 683000000,
    "otherExpenses": 209000000,
    "operatingExpenses": 1142000000,
    "costAndExpenses": 5142000000,
    "interestIncome": 0,
    "interestExpense": 44000000,
    "depreciationAndAmortization": 209000000,
    "ebitda": 516000000,
    "ebitdaratio": 0.0946962745,
    "operatingIncome": 307000000,
    "operatingIncomeRatio": 0.056340613,
    "totalOtherIncomeExpensesNet": -44000000,
    "incomeBeforeTax": 263000000,
    "incomeBeforeTaxRatio": 0.0482657368,
    "incomeTaxExpense": 99000000,
    "netIncome": 164000000,
    "netIncomeRatio": 0.0300972656,
    "eps": 0.17,
    "epsdiluted": 0.17,
    "weightedAverageShsOut": 974336000,
    "weightedAverageShsOutDil": 974336000,
    "link": "https://www.sec.gov/Archives/edgar/data/101829/000010182996000021/0000101829-96-000021-index.html",
    "finalLink": "https://www.sec.gov/Archives/edgar/data/101829/"
  },
  {
    "date": "1995-12-31",
    "symbol": "RTX",
    "reportedCurrency": "USD",
    "cik": "0000101829",
    "fillingDate": "1996-03-29",
    "acceptedDate": "1996-03-29 00:00:00",
    "calendarYear": "1995",
    "period": "Q4",
    "revenue": 5928000000,
    "costOfRevenue": 4383000000,
    "grossProfit": 1545000000,
    "grossProfitRatio": 0.2606275304,
    "researchAndDevelopmentExpenses": 261000000,
    "generalAndAdministrativeExpenses": 0,
    "sellingAndMarketingExpenses": 0,
    "sellingGeneralAndAdministrativeExpenses": 708000000,
    "otherExpenses": 223000000,
    "operatingExpenses": 1192000000,
    "costAndExpenses": 5575000000,
    "interestIncome": 0,
    "interestExpense": 53000000,
    "depreciationAndAmortization": 223000000,
    "ebitda": 576000000,
    "ebitdaratio": 0.0971659919,
    "operatingIncome": 353000000,
    "operatingIncomeRatio": 0.0595479082,
    "totalOtherIncomeExpensesNet": -53000000,
    "incomeBeforeTax": 300000000,
    "incomeBeforeTaxRatio": 0.0506072874,
    "incomeTaxExpense": 113000000,
    "netIncome": 187000000,
    "netIncomeRatio": 0.0315452092,
    "eps": 0.19,
    "epsdiluted": 0.19,
    "weightedAverageShsOut": 0,
    "weightedAverageShsOutDil": 976064000,
    "link": "https://www.sec.gov/Archives/edgar/data/101829/000010182996000009/0000101829-96-000009-index.html",
    "finalLink": "https://www.sec.gov/Archives/edgar/data/101829/"
  },
  {
    "date": "1995-09-30",
    "symbol": "RTX",
    "reportedCurrency": "USD",
    "cik": "0000101829",
    "fillingDate": "1995-10-31",
    "acceptedDate": "1995-10-31 00:00:00",
    "calendarYear": "1995",
    "period": "Q3",
    "revenue": 5604000000,
    "costOfRevenue": 4125000000,
    "grossProfit": 1479000000,
    "grossProfitRatio": 0.2639186296,
    "researchAndDevelopmentExpenses": 251000000,
    "generalAndAdministrativeExpenses": 0,
    "sellingAndMarketingExpenses": 0,
    "sellingGeneralAndAdministrativeExpenses": 642000000,
    "otherExpenses": 200000000,
    "operatingExpenses": 1093000000,
    "costAndExpenses": 5218000000,
    "interestIncome": 0,
    "interestExpense": 45000000,
    "depreciationAndAmortization": 200000000,
    "ebitda": 586000000,
    "ebitdaratio": 0.1045681656,
    "operatingIncome": 386000000,
    "operatingIncomeRatio": 0.0688793719,
    "totalOtherIncomeExpensesNet": -45000000,
    "incomeBeforeTax": 341000000,
    "incomeBeforeTaxRatio": 0.0608493933,
    "incomeTaxExpense": 131000000,
    "netIncome": 210000000,
    "netIncomeRatio": 0.0374732334,
    "eps": 0.22,
    "epsdiluted": 0.22,
    "weightedAverageShsOut": 976064000,
    "weightedAverageShsOutDil": 976064000,
    "link": "https://www.sec.gov/Archives/edgar/data/101829/000010182995000052/0000101829-95-000052-index.html",
    "finalLink": "https://www.sec.gov/Archives/edgar/data/101829/"
  }
]