[
  {
    "date": "2024-12-31",
    "symbol": "RTX",
    "reportedCurrency": "USD",
    "cik": "0000101829",
    "fillingDate": "2025-02-03",
    "acceptedDate": "2025-02-03 17:21:23",
    "calendarYear": "2024",
    "period": "FY",
    "revenue": 80738000000,
    "costOfRevenue": 65328000000,
    "grossProfit": 15410000000,
    "grossProfitRatio": 0.190864277,
    "researchAndDevelopmentExpenses": 2934000000,
    "generalAndAdministrativeExpenses": 0,
    "sellingAndMarketingExpenses": 0,
    "sellingGeneralAndAdministrativeExpenses": 5806000000,
    "otherExpenses": 0,
    "operatingExpenses": 8740000000,
    "costAndExpenses": 74068000000,
    "interestIncome": 102000000,
    "interestExpense": 1970000000,
    "depreciationAndAmortization": 4000000000,
    "ebitda": 12164000000,
    "ebitdaratio": 0.15066016,
    "operatingIncome": 6670000000,
    "operatingIncomeRatio": 0.082612896,
    "totalOtherIncomeExpensesNet": -476000000,
    "incomeBeforeTax": 6194000000,
    "incomeBeforeTaxRatio": 0.0767172831,
    "incomeTaxExpense": 1181000000,
    "netIncome": 4774000000,
    "netIncomeRatio": 0.0591295301,
    "eps": 3.58,
    "epsdiluted": 3.55,
    "weightedAverageShsOut": 1332100000,
    "weightedAverageShsOutDil": 1343600000,
    "link": "https://www.sec.gov/Archives/edgar/data/101829/000010182925000005/0000101829-25-000005-index.htm",
    "finalLink": "https://www.sec.gov/Archives/edgar/data/101829/000010182925000005/rtx-20241231.htm"
  },
  {
    "date": "2023-12-31",
    "symbol": "RTX",
    "reportedCurrency": "USD",
    "cik": "0000101829",
    "fillingDate": "2024-02-05",
    "acceptedDate": "2024-02-05 16:17:23",
    "calendarYear": "2023",
    "period": "FY",
    "revenue": 68920000000,
    "costOfRevenue": 56831000000,
    "grossProfit": 12089000000,
    "grossProfitRatio": 0.1754062681,
    "researchAndDevelopmentExpenses": 2805000000,
    "generalAndAdministrativeExpenses": 0,
    "sellingAndMarketingExpenses": 0,
    "sellingGeneralAndAdministrativeExpenses": 5809000000,
    "otherExpenses": 0,
    "operatingExpenses": 8614000000,
    "costAndExpenses": 65445000000,
    "interestIncome": 100000000,
    "interestExpense": 1653000000,
    "depreciationAndAmortization": 3885000000,
    "ebitda": 9374000000,
    "ebitdaratio": 0.1360127684,
    "operatingIncome": 3475000000,
    "operatingIncomeRatio": 0.0504207777,
    "totalOtherIncomeExpensesNet": 361000000,
    "incomeBeforeTax": 3836000000,
    "incomeBeforeTaxRatio": 0.0556587348,
    "incomeTaxExpense": 456000000,
    "netIncome": 3195000000,
    "netIncomeRatio": 0.0463580963,
    "eps": 2.24,
    "epsdiluted": 2.23,
    "weightedAverageShsOut": 1426000000,
    "weightedAverageShsOutDil": 1435400000,
    "link": "https://www.sec.gov/Archives/edgar/data/101829/000010182924000008/0000101829-24-000008-index.htm",
    "finalLink": "https://www.sec.gov/Archives/edgar/data/101829/000010182924000008/rtx-20231231.htm"
  },
  {
    "date": "2022-12-31",
    "symbol": "RTX",
    "reportedCurrency": "USD",
    "cik": "0000101829",
    "fillingDate": "2023-02-07",
    "acceptedDate": "2023-02-06 17:32:52",
    "calendarYear": "2022",
    "period": "FY",
    "revenue": 67074000000,
    "costOfRevenue": 53406000000,
    "grossProfit": 13668000000,
    "grossProfitRatio": 0.2037749351,
    "researchAndDevelopmentExpenses": 2711000000,
    "generalAndAdministrativeExpenses": 0,
    "sellingAndMarketingExpenses": 0,
    "sellingGeneralAndAdministrativeExpenses": 5573000000,
    "otherExpenses": 0,
    "operatingExpenses": 8284000000,
    "costAndExpenses": 61690000000,
    "interestIncome": 70000000,
    "interestExpense": 1300000000,
    "depreciationAndAmortization": 3757000000,
    "ebitda": 11174000000,
    "ebitdaratio": 0.1665921221,
    "operatingIncome": 5384000000,
    "operatingIncomeRatio": 0.080269553,
    "totalOtherIncomeExpensesNet": 733000000,
    "incomeBeforeTax": 6117000000,
    "incomeBeforeTaxRatio": 0.0911977816,
    "incomeTaxExpense": 790000000,
    "netIncome": 5197000000,
    "netIncomeRatio": 0.0774815875,
    "eps": 3.52,
    "epsdiluted": 3.5,
    "weightedAverageShsOut": 1475500000,
    "weightedAverageShsOutDil": 1485900000,
    "link": "https://www.sec.gov/Archives/edgar/data/101829/000010182923000009/0000101829-23-000009-index.htm",
    "finalLink": "https://www.sec.gov/Archives/edgar/data/101829/000010182923000009/rtx-20221231.htm"
  },
  {
    "date": "2021-12-31",
    "symbol": "RTX",
    "reportedCurrency": "USD",
    "cik": "0000101829",
    "fillingDate": "2022-02-11",
    "acceptedDate": "2022-02-11 16:18:55",
    "calendarYear": "2021",
    "period": "FY",
    "revenue": 64360000000,
    "costOfRevenue": 51863000000,
    "grossProfit": 12497000000,
    "grossProfitRatio": 0.1941733996,
    "researchAndDevelopmentExpenses": 2732000000,
    "generalAndAdministrativeExpenses": 0,
    "sellingAndMarketingExpenses": 0,
    "sellingGeneralAndAdministrativeExpenses": 5098000000,
    "otherExpenses": 0,
    "operatingExpenses": 7830000000,
    "costAndExpenses": 59693000000,
    "interestIncome": 36000000,
    "interestExpense": 1330000000,
    "depreciationAndAmortization": 4267000000,
    "ebitda": 10556000000,
    "ebitdaratio": 0.1640149161,
    "operatingIncome": 4667000000,
    "operatingIncomeRatio": 0.0725139838,
    "totalOtherIncomeExpensesNet": 264000000,
    "incomeBeforeTax": 4931000000,
    "incomeBeforeTaxRatio": 0.0766159105,
    "incomeTaxExpense": 786000000,
    "netIncome": 3864000000,
    "netIncomeRatio": 0.0600372902,
    "eps": 2.57,
    "epsdiluted": 2.56,
    "weightedAverageShsOut": 1501600000,
    "weightedAverageShsOutDil": 1508500000,
    "link": "https://www.sec.gov/Archives/edgar/data/101829/000010182922000005/0000101829-22-000005-index.htm",
    "finalLink": "https://www.sec.gov/Archives/edgar/data/101829/000010182922000005/rtx-20211231.htm"
  },
  {
    "date": "2020-12-31",
    "symbol": "RTX",
    "reportedCurrency": "USD",
    "cik": "0000101829",
    "fillingDate": "2021-02-08",
    "acceptedDate": "2021-02-08 17:07:52",
    "calendarYear": "2020",
    "period": "FY",
    "revenue": 56669000000,
    "costOfRevenue": 47659000000,
    "grossProfit": 9010000000,
    "grossProfitRatio": 0.1589934532,
    "researchAndDevelopmentExpenses": 2582000000,
    "generalAndAdministrativeExpenses": 0,
    "sellingAndMarketingExpenses": 0,
    "sellingGeneralAndAdministrativeExpenses": 5027000000,
    "otherExpenses": 0,
    "operatingExpenses": 7609000000,
    "costAndExpenses": 55268000000,
    "interestIncome": 42000000,
    "interestExpense": 1408000000,
    "depreciationAndAmortization": 3892000000,
    "ebitda": 2947000000,
    "ebitdaratio": 0.052003741,
    "operatingIncome": 1401000000,
    "operatingIncomeRatio": 0.0247225114,
    "totalOtherIncomeExpensesNet": -3754000000,
    "incomeBeforeTax": -2353000000,
    "incomeBeforeTaxRatio": -0.0415218197,
    "incomeTaxExpense": 575000000,
    "netIncome": -3519000000,
    "netIncomeRatio": -0.062097443,
    "eps": -2.59,
    "epsdiluted": -2.59,
    "weightedAverageShsOut": 1357800000,
    "weightedAverageShsOutDil": 1357800000,
    "link": "https://www.sec.gov/Archives/edgar/data/101829/000010182921000008/0000101829-21-000008-index.htm",
    "finalLink": "https://www.sec.gov/Archives/edgar/data/101829/000010182921000008/rtx-20201231.htm"
  },
  {
    "date": "2019-12-31",
    "symbol": "RTX",
    "reportedCurrency": "USD",
    "cik": "0000101829",
    "fillingDate": "2020-02-06",
    "acceptedDate": "2020-02-06 06:55:54",
    "calendarYear": "2019",
    "period": "FY",
    "revenue": 45400000000,
    "costOfRevenue": 34598000000,
    "grossProfit": 10802000000,
    "grossProfitRatio": 0.2379295154,
    "researchAndDevelopmentExpenses": 2452000000,
    "generalAndAdministrativeExpenses": 0,
    "sellingAndMarketingExpenses": 0,
    "sellingGeneralAndAdministrativeExpenses": 3711000000,
    "otherExpenses": 0,
    "operatingExpenses": 6163000000,
    "costAndExpenses": 40761000000,
    "interestIncome": 120000000,
    "interestExpense": 1711000000,
    "depreciationAndAmortization": 2435000000,
    "ebitda": 8298000000,
    "ebitdaratio": 0.1827753304,
    "operatingIncome": 4639000000,
    "operatingIncomeRatio": 0.1021806167,
    "totalOtherIncomeExpensesNet": -487000000,
    "incomeBeforeTax": 4152000000,
    "incomeBeforeTaxRatio": 0.0914537445,
    "incomeTaxExpense": 421000000,
    "netIncome": 5537000000,
    "netIncomeRatio": 0.1219603524,
    "eps": 6.48,
    "epsdiluted": 6.41,
    "weightedAverageShsOut": 855000000,
    "weightedAverageShsOutDil": 864000000,
    "link": "https://www.sec.gov/Archives/edgar/data/101829/000010182920000013/0000101829-20-000013-index.htm",
    "finalLink": "https://www.sec.gov/Archives/edgar/data/101829/000010182920000013/utx-20191231_d2.htm"
  },
  {
    "date": "2018-12-31",
    "symbol": "RTX",
    "reportedCurrency": "USD",
    "cik": "0000101829",
    "fillingDate": "2019-02-07",
    "acceptedDate": "2019-02-07 06:40:09",
    "calendarYear": "2018",
    "period": "FY",
    "revenue": 66485000000,
    "costOfRevenue": 49838000000,
    "grossProfit": 16647000000,
    "grossProfitRatio": 0.2503873054,
    "researchAndDevelopmentExpenses": 2462000000,
    "generalAndAdministrativeExpenses": 0,
    "sellingAndMarketingExpenses": 0,
    "sellingGeneralAndAdministrativeExpenses": 6904000000,
    "otherExpenses": 0,
    "operatingExpenses": 9366000000,
    "costAndExpenses": 59204000000,
    "interestIncome": 150000000,
    "interestExpense": 1182000000,
    "depreciationAndAmortization": 2216000000,
    "ebitda": 11721000000,
    "ebitdaratio": 0.176295405,
    "operatingIncome": 7281000000,
    "operatingIncomeRatio": 0.1095134241,
    "totalOtherIncomeExpensesNet": 999000000,
    "incomeBeforeTax": 8280000000,
    "incomeBeforeTaxRatio": 0.1245393698,
    "incomeTaxExpense": 2626000000,
    "netIncome": 5269000000,
    "netIncomeRatio": 0.0792509589,
    "eps": 6.58,
    "epsdiluted": 6.5,
    "weightedAverageShsOut": 800000000,
    "weightedAverageShsOutDil": 810000000,
    "link": "https://www.sec.gov/Archives/edgar/data/101829/000010182919000007/0000101829-19-000007-index.htm",
    "finalLink": "https://www.sec.gov/Archives/edgar/data/101829/000010182919000007/a2018-12x31form10xk.htm"
  },
  {
    "date": "2017-12-31",
    "symbol": "RTX",
    "reportedCurrency": "USD",
    "cik": "0000101829",
    "fillingDate": "2018-02-09",
    "acceptedDate": "2018-02-08 19:27:18",
    "calendarYear": "2017",
    "period": "FY",
    "revenue": 59798000000,
    "costOfRevenue": 44201000000,
    "grossProfit": 15597000000,
    "grossProfitRatio": 0.2608281213,
    "researchAndDevelopmentExpenses": 2427000000,
    "generalAndAdministrativeExpenses": 0,
    "sellingAndMarketingExpenses": 0,
    "sellingGeneralAndAdministrativeExpenses": 6429000000,
    "otherExpenses": 0,
    "operatingExpenses": 8856000000,
    "costAndExpenses": 53057000000,
    "interestIncome": 108000000,
    "interestExpense": 1017000000,
    "depreciationAndAmortization": 2012000000,
    "ebitda": 10792000000,
    "ebitdaratio": 0.1804742634,
    "operatingIncome": 6741000000,
    "operatingIncomeRatio": 0.1127295227,
    "totalOtherIncomeExpensesNet": 1022000000,
    "incomeBeforeTax": 7763000000,
    "incomeBeforeTaxRatio": 0.1298203953,
    "incomeTaxExpense": 2843000000,
    "netIncome": 4552000000,
    "netIncomeRatio": 0.0761229473,
    "eps": 5.76,
    "epsdiluted": 5.7,
    "weightedAverageShsOut": 790000000,
    "weightedAverageShsOutDil": 799100000,
    "link": "https://www.sec.gov/Archives/edgar/data/101829/000010182918000005/0000101829-18-000005-index.htm",
    "finalLink": "https://www.sec.gov/Archives/edgar/data/101829/000010182918000005/a2017-12x31form10xk.htm"
  },
  {
    "date": "2016-12-31",
    "symbol": "RTX",
    "reportedCurrency": "USD",
    "cik": "0000101829",
    "fillingDate": "2017-02-09",
    "acceptedDate": "2017-02-09 06:31:46",
    "calendarYear": "2016",
    "period": "FY",
    "revenue": 57415000000,
    "costOfRevenue": 41273000000,
    "grossProfit": 16142000000,
    "grossProfitRatio": 0.281146042,
    "researchAndDevelopmentExpenses": 2337000000,
    "generalAndAdministrativeExpenses": 0,
    "sellingAndMarketingExpenses": 0,
    "sellingGeneralAndAdministrativeExpenses": 5982000000,
    "otherExpenses": 0,
    "operatingExpenses": 8319000000,
    "costAndExpenses": 49592000000,
    "interestIncome": 122000000,
    "interestExpense": 1161000000,
    "depreciationAndAmortization": 1883000000,
    "ebitda": 10177000000,
    "ebitdaratio": 0.177253331,
    "operatingIncome": 7823000000,
    "operatingIncomeRatio": 0.1362535923,
    "totalOtherIncomeExpensesNet": -690000000,
    "incomeBeforeTax": 7133000000,
    "incomeBeforeTaxRatio": 0.1242358269,
    "incomeTaxExpense": 1697000000,
    "netIncome": 5042000000,
    "netIncomeRatio": 0.0878167726,
    "eps": 6.18,
    "epsdiluted": 6.12,
    "weightedAverageShsOut": 818000000,
    "weightedAverageShsOutDil": 826100000,
    "link": "https://www.sec.gov/Archives/edgar/data/101829/000010182917000007/0000101829-17-000007-index.htm",
    "finalLink": "https://www.sec.gov/Archives/edgar/data/101829/000010182917000007/a2016-12x31form10xk.htm"
  },
  {
    "date": "2015-12-31",
    "symbol": "RTX",
    "reportedCurrency": "USD",
    "cik": "0000101829",
    "fillingDate": "2016-02-11",
    "acceptedDate": "2016-02-11 06:43:24",
    "calendarYear": "2015",
    "period": "FY",
    "revenue": 56332000000,
    "costOfRevenue": 40246000000,
    "grossProfit": 16086000000,
    "grossProfitRatio": 0.2855570546,
    "researchAndDevelopmentExpenses": 2279000000,
    "generalAndAdministrativeExpenses": 0,
    "sellingAndMarketingExpenses": 0,
    "sellingGeneralAndAdministrativeExpenses": 5675000000,
    "otherExpenses": 0,
    "operatingExpenses": 7954000000,
    "costAndExpenses": 48200000000,
    "interestIncome": 121000000,
    "interestExpense": 945000000,
    "depreciationAndAmortization": 1790000000,
    "ebitda": 9202000000,
    "ebitdaratio": 0.1633529788,
    "operatingIncome": 8132000000,
    "operatingIncomeRatio": 0.1443584464,
    "totalOtherIncomeExpensesNet": -1665000000,
    "incomeBeforeTax": 6467000000,
    "incomeBeforeTaxRatio": 0.1148015338,
    "incomeTaxExpense": 2111000000,
    "netIncome": 1566000000,
    "netIncomeRatio": 0.0277994745,
    "eps": 8.72,
    "epsdiluted": 8.61,
    "weightedAverageShsOut": 873000000,
    "weightedAverageShsOutDil": 883200000,
    "link": "https://www.sec.gov/Archives/edgar/data/101829/000010182916000050/0000101829-16-000050-index.htm",
    "finalLink": "https://www.sec.gov/Archives/edgar/data/101829/000010182916000050/a2015-12x31form10xk.htm"
  },
  {
    "date": "2014-12-31",
    "symbol": "RTX",
    "reportedCurrency": "USD",
    "cik": "0000101829",
    "fillingDate": "2015-02-05",
    "acceptedDate": "2015-02-05 06:57:05",
    "calendarYear": "2014",
    "period": "FY",
    "revenue": 57996000000,
    "costOfRevenue": 40898000000,
    "grossProfit": 17098000000,
    "grossProfitRatio": 0.2948134354,
    "researchAndDevelopmentExpenses": 2475000000,
    "generalAndAdministrativeExpenses": 0,
    "sellingAndMarketingExpenses": 0,
    "sellingGeneralAndAdministrativeExpenses": 6172000000,
    "otherExpenses": 0,
    "operatingExpenses": 8647000000,
    "costAndExpenses": 49545000000,
    "interestIncome": 218000000,
    "interestExpense": 1099000000,
    "depreciationAndAmortization": 1756000000,
    "ebitda": 11567000000,
    "ebitdaratio": 0.1994447893,
    "operatingIncome": 8451000000,
    "operatingIncomeRatio": 0.145716946,
    "totalOtherIncomeExpensesNet": 261000000,
    "incomeBeforeTax": 8712000000,
    "incomeBeforeTaxRatio": 0.1502172564,
    "incomeTaxExpense": 2244000000,
    "netIncome": 6220000000,
    "netIncomeRatio": 0.1072487758,
    "eps": 6.92,
    "epsdiluted": 6.82,
    "weightedAverageShsOut": 898000000,
    "weightedAverageShsOutDil": 911600000,
    "link": "https://www.sec.gov/Archives/edgar/data/101829/000010182915000005/0000101829-15-000005-index.htm",
    "finalLink": "https://www.sec.gov/Archives/edgar/data/101829/000010182915000005/a2014-12x31form10xk.htm"
  },
  {
    "date": "2013-12-31",
    "symbol": "RTX",
    "reportedCurrency": "USD",
    "cik": "0000101829",
    "fillingDate": "2014-02-06",
    "acceptedDate": "2014-02-06 07:02:20",
    "calendarYear": "2013",
    "period": "FY",
    "revenue": 62651000000,
    "costOfRevenue": 45106000000,
    "grossProfit": 17545000000,
    "grossProfitRatio": 0.2800434151,
    "researchAndDevelopmentExpenses": 2529000000,
    "generalAndAdministrativeExpenses": 0,
    "sellingAndMarketingExpenses": 0,
    "sellingGeneralAndAdministrativeExpenses": 6453000000,
    "otherExpenses": 0,
    "operatingExpenses": 8982000000,
    "costAndExpenses": 54088000000,
    "interestIncome": 137000000,
    "interestExpense": 1032000000,
    "depreciationAndAmortization": 1760000000,
    "ebitda": 11083000000,
    "ebitdaratio": 0.1769006081,
    "operatingIncome": 8563000000,
    "operatingIncomeRatio": 0.1366777865,
    "totalOtherIncomeExpensesNet": -251000000,
    "incomeBeforeTax": 8312000000,
    "incomeBeforeTaxRatio": 0.1326714657,
    "incomeTaxExpense": 2238000000,
    "netIncome": 5754000000,
    "netIncomeRatio": 0.0918421095,
    "eps": 6.35,
    "epsdiluted": 6.25,
    "weightedAverageShsOut": 901000000,
    "weightedAverageShsOutDil": 915100000,
    "link": "https://www.sec.gov/Archives/edgar/data/101829/000010182914000006/0000101829-14-000006-index.htm",
    "finalLink": "https://www.sec.gov/Archives/edgar/data/101829/000010182914000006/a2013-12x31form10xk.htm"
  },
  {
    "date": "2012-12-31",
    "symbol": "RTX",
    "reportedCurrency": "USD",
    "cik": "0000101829",
    "fillingDate": "2013-02-07",
    "acceptedDate": "2013-02-07 07:05:44",
    "calendarYear": "2012",
    "period": "FY",
    "revenue": 57677000000,
    "costOfRevenue": 41813000000,
    "grossProfit": 15864000000,
    "grossProfitRatio": 0.2750489797,
    "researchAndDevelopmentExpenses": 2371000000,
    "generalAndAdministrativeExpenses": 0,
    "sellingAndMarketingExpenses": 0,
    "sellingGeneralAndAdministrativeExpenses": 6203000000,
    "otherExpenses": 0,
    "operatingExpenses": 8574000000,
    "costAndExpenses": 50387000000,
    "interestIncome": 120000000,
    "interestExpense": 893000000,
    "depreciationAndAmortization": 1467000000,
    "ebitda": 9245000000,
    "ebitdaratio": 0.1602891967,
    "operatingIncome": 7290000000,
    "operatingIncomeRatio": 0.1263935364,
    "totalOtherIncomeExpensesNet": -379000000,
    "incomeBeforeTax": 6911000000,
    "incomeBeforeTaxRatio": 0.1198224596,
    "incomeTaxExpense": 1711000000,
    "netIncome": 4269000000,
    "netIncomeRatio": 0.0740156388,
    "eps": 5.73,
    "epsdiluted": 5.66,
    "weightedAverageShsOut": 895287958,
    "weightedAverageShsOutDil": 906600000,
    "link": "https://www.sec.gov/Archives/edgar/data/101829/000119312513042195/0001193125-13-042195-index.htm",
    "finalLink": "https://www.sec.gov/Archives/edgar/data/101829/000119312513042195/d477572d10k.htm"
  },
  {
    "date": "2011-12-31",
    "symbol": "RTX",
    "reportedCurrency": "USD",
    "cik": "0000101829",
    "fillingDate": "2012-02-09",
    "acceptedDate": "2012-02-09 06:30:08",
    "calendarYear": "2011",
    "period": "FY",
    "revenue": 55658000000,
    "costOfRevenue": 40205000000,
    "grossProfit": 15453000000,
    "grossProfitRatio": 0.2776420281,
    "researchAndDevelopmentExpenses": 1951000000,
    "generalAndAdministrativeExpenses": 0,
    "sellingAndMarketingExpenses": 0,
    "sellingGeneralAndAdministrativeExpenses": 6012000000,
    "otherExpenses": 0,
    "operatingExpenses": 7963000000,
    "costAndExpenses": 48168000000,
    "interestIncome": 179000000,
    "interestExpense": 673000000,
    "depreciationAndAmortization": 1221000000,
    "ebitda": 9244000000,
    "ebitdaratio": 0.1660857379,
    "operatingIncome": 7490000000,
    "operatingIncomeRatio": 0.1345718495,
    "totalOtherIncomeExpensesNet": -140000000,
    "incomeBeforeTax": 7350000000,
    "incomeBeforeTaxRatio": 0.1320564878,
    "incomeTaxExpense": 2134000000,
    "netIncome": 4979000000,
    "netIncomeRatio": 0.0894570412,
    "eps": 5.58,
    "epsdiluted": 5.49,
    "weightedAverageShsOut": 892000000,
    "weightedAverageShsOutDil": 906800000,
    "link": "https://www.sec.gov/Archives/edgar/data/101829/000119312512047752/0001193125-12-047752-index.htm",
    "finalLink": "https://www.sec.gov/Archives/edgar/data/101829/000119312512047752/d286821d10k.htm"
  },
  {
    "date": "2010-12-31",
    "symbol": "RTX",
    "reportedCurrency": "USD",
    "cik": "0000101829",
    "fillingDate": "2011-02-10",
    "acceptedDate": "2011-02-10 06:29:48",
    "calendarYear": "2010",
    "period": "FY",
    "revenue": 54207000000,
    "costOfRevenue": 39045000000,
    "grossProfit": 15162000000,
    "grossProfitRatio": 0.2797055731,
    "researchAndDevelopmentExpenses": 1746000000,
    "generalAndAdministrativeExpenses": 0,
    "sellingAndMarketingExpenses": 0,
    "sellingGeneralAndAdministrativeExpenses": 5865000000,
    "otherExpenses": 0,
    "operatingExpenses": 7611000000,
    "costAndExpenses": 46656000000,
    "interestIncome": 102000000,
    "interestExpense": 750000000,
    "depreciationAndAmortization": 1287000000,
    "ebitda": 8575000000,
    "ebitdaratio": 0.1581899017,
    "operatingIncome": 7551000000,
    "operatingIncomeRatio": 0.1392993525,
    "totalOtherIncomeExpensesNet": -1013000000,
    "incomeBeforeTax": 6538000000,
    "incomeBeforeTaxRatio": 0.1206117291,
    "incomeTaxExpense": 1827000000,
    "netIncome": 4373000000,
    "netIncomeRatio": 0.0806722379,
    "eps": 4.82,
    "epsdiluted": 4.74,
    "weightedAverageShsOut": 908000000,
    "weightedAverageShsOutDil": 922700000,
    "link": "https://www.sec.gov/Archives/edgar/data/101829/000119312511029695/0001193125-11-029695-index.htm",
    "finalLink": "https://www.sec.gov/Archives/edgar/data/101829/000119312511029695/d10k.htm"
  },
  {
    "date": "2009-12-31",
    "symbol": "RTX",
    "reportedCurrency": "USD",
    "cik": "0000101829",
    "fillingDate": "2010-02-11",
    "acceptedDate": "2010-02-11 06:08:52",
    "calendarYear": "2009",
    "period": "FY",
    "revenue": 52590000000,
    "costOfRevenue": 38441000000,
    "grossProfit": 14149000000,
    "grossProfitRatio": 0.2690435444,
    "researchAndDevelopmentExpenses": 1558000000,
    "generalAndAdministrativeExpenses": 0,
    "sellingAndMarketingExpenses": 0,
    "sellingGeneralAndAdministrativeExpenses": 5672000000,
    "otherExpenses": 0,
    "operatingExpenses": 7230000000,
    "costAndExpenses": 45671000000,
    "interestIncome": 88000000,
    "interestExpense": 705000000,
    "depreciationAndAmortization": 1199000000,
    "ebitda": 7664000000,
    "ebitdaratio": 0.1457311276,
    "operatingIncome": 6919000000,
    "operatingIncomeRatio": 0.1315649363,
    "totalOtherIncomeExpensesNet": -1159000000,
    "incomeBeforeTax": 5760000000,
    "incomeBeforeTaxRatio": 0.109526526,
    "incomeTaxExpense": 1581000000,
    "netIncome": 3829000000,
    "netIncomeRatio": 0.0728085187,
    "eps": 4.17,
    "epsdiluted": 4.12,
    "weightedAverageShsOut": 917000000,
    "weightedAverageShsOutDil": 928800000,
    "link": "https://www.sec.gov/Archives/edgar/data/101829/000119312510027861/0001193125-10-027861-index.htm",
    "finalLink": "https://www.sec.gov/Archives/edgar/data/101829/000119312510027861/d10k.htm"
  },
  {
    "date": "2008-12-31",
    "symbol": "RTX",
    "reportedCurrency": "USD",
    "cik": "0000101829",
    "fillingDate": "2009-02-11",
    "acceptedDate": "2009-02-11 00:00:00",
    "calendarYear": "2008",
    "period": "FY",
    "revenue": 59119000000,
    "costOfRevenue": 43489000000,
    "grossProfit": 15630000000,
    "grossProfitRatio": 0.2643820092,
    "researchAndDevelopmentExpenses": 1771000000,
    "generalAndAdministrativeExpenses": 0,
    "sellingAndMarketingExpenses": 0,
    "sellingGeneralAndAdministrativeExpenses": 6519000000,
    "otherExpenses": 0,
    "operatingExpenses": 8290000000,
    "costAndExpenses": 51779000000,
    "interestIncome": 0,
    "interestExpense": 689000000,
    "depreciationAndAmortization": 1228000000,
    "ebitda": 8853000000,
    "ebitdaratio": 0.1497488117,
    "operatingIncome": 7340000000,
    "operatingIncomeRatio": 0.1241563626,
    "totalOtherIncomeExpensesNet": -404000000,
    "incomeBeforeTax": 6936000000,
    "incomeBeforeTaxRatio": 0.1173226881,
    "incomeTaxExpense": 1883000000,
    "netIncome": 4689000000,
    "netIncomeRatio": 0.0793146028,
    "eps": 5,
    "epsdiluted": 4.9,
    "weightedAverageShsOut": 938000000,
    "weightedAverageShsOutDil": 956000000,
    "link": "https://www.sec.gov/Archives/edgar/data/101829/000119312509024624/0001193125-09-024624-index.htm",
    "finalLink": "https://www.sec.gov/Archives/edgar/data/101829/000119312509024624/d10k.htm"
  },
  {
    "date": "2007-12-31",
    "symbol": "RTX",
    "reportedCurrency": "USD",
    "cik": "0000101829",
    "fillingDate": "2008-02-07",
    "acceptedDate": "2008-02-07 07:39:33",
    "calendarYear": "2007",
    "period": "FY",
    "revenue": 53919000000,
    "costOfRevenue": 39812000000,
    "grossProfit": 14107000000,
    "grossProfitRatio": 0.2616331905,
    "researchAndDevelopmentExpenses": 1678000000,
    "generalAndAdministrativeExpenses": 0,
    "sellingAndMarketingExpenses": 0,
    "sellingGeneralAndAdministrativeExpenses": 6054000000,
    "otherExpenses": 0,
    "operatingExpenses": 7732000000,
    "costAndExpenses": 47544000000,
    "interestIncome": 0,
    "interestExpense": 666000000,
    "depreciationAndAmortization": 1095000000,
    "ebitda": 8145000000,
    "ebitdaratio": 0.1510599232,
    "operatingIncome": 6375000000,
    "operatingIncomeRatio": 0.1182329049,
    "totalOtherIncomeExpensesNet": 9000000,
    "incomeBeforeTax": 6384000000,
    "incomeBeforeTaxRatio": 0.118399822,
    "incomeTaxExpense": 1836000000,
    "netIncome": 4224000000,
    "netIncomeRatio": 0.0783397318,
    "eps": 4.38,
    "epsdiluted": 4.27,
    "weightedAverageShsOut": 964000000,
    "weightedAverageShsOutDil": 989000000,
    "link": "https://www.sec.gov/Archives/edgar/data/101829/000119312508022346/0001193125-08-022346-index.htm",
    "finalLink": "https://www.sec.gov/Archives/edgar/data/101829/000119312508022346/d10k.htm"
  },
  {
    "date": "2006-12-31",
    "symbol": "RTX",
    "reportedCurrency": "USD",
    "cik": "0000101829",
    "fillingDate": "2007-02-08",
    "acceptedDate": "2007-02-08 17:11:30",
    "calendarYear": "2006",
    "period": "FY",
    "revenue": 47118000000,
    "costOfRevenue": 34597000000,
    "grossProfit": 12521000000,
    "grossProfitRatio": 0.2657370856,
    "researchAndDevelopmentExpenses": 1529000000,
    "generalAndAdministrativeExpenses": 0,
    "sellingAndMarketingExpenses": 0,
    "sellingGeneralAndAdministrativeExpenses": 5398000000,
    "otherExpenses": 0,
    "operatingExpenses": 6927000000,
    "costAndExpenses": 41524000000,
    "interestIncome": 0,
    "interestExpense": 606000000,
    "depreciationAndAmortization": 974000000,
    "ebitda": 7072000000,
    "ebitdaratio": 0.1500912602,
    "operatingIncome": 5594000000,
    "operatingIncomeRatio": 0.1187232056,
    "totalOtherIncomeExpensesNet": -102000000,
    "incomeBeforeTax": 5492000000,
    "incomeBeforeTaxRatio": 0.1165584278,
    "incomeTaxExpense": 1494000000,
    "netIncome": 3732000000,
    "netIncomeRatio": 0.0792053992,
    "eps": 3.81,
    "epsdiluted": 3.71,
    "weightedAverageShsOut": 980000000,
    "weightedAverageShsOutDil": 1006000000,
    "link": "https://www.sec.gov/Archives/edgar/data/101829/000119312507024306/0001193125-07-024306-index.htm",
    "finalLink": "https://www.sec.gov/Archives/edgar/data/101829/000119312507024306/d10k.htm"
  },
  {
    "date": "2005-12-31",
    "symbol": "RTX",
    "reportedCurrency": "USD",
    "cik": "0000101829",
    "fillingDate": "2006-02-09",
    "acceptedDate": "2006-02-09 07:42:00",
    "calendarYear": "2005",
    "period": "FY",
    "revenue": 42278000000,
    "costOfRevenue": 30755000000,
    "grossProfit": 11523000000,
    "grossProfitRatio": 0.2725531009,
    "researchAndDevelopmentExpenses": 1367000000,
    "generalAndAdministrativeExpenses": 0,
    "sellingAndMarketingExpenses": 0,
    "sellingGeneralAndAdministrativeExpenses": 5168000000,
    "otherExpenses": 0,
    "operatingExpenses": 6535000000,
    "costAndExpenses": 37290000000,
    "interestIncome": 0,
    "interestExpense": 498000000,
    "depreciationAndAmortization": 923000000,
    "ebitda": 6105000000,
    "ebitdaratio": 0.1444013435,
    "operatingIncome": 4988000000,
    "operatingIncomeRatio": 0.117980983,
    "totalOtherIncomeExpensesNet": -304000000,
    "incomeBeforeTax": 4684000000,
    "incomeBeforeTaxRatio": 0.110790482,
    "incomeTaxExpense": 1253000000,
    "netIncome": 3164000000,
    "netIncomeRatio": 0.0748379772,
    "eps": 3.1,
    "epsdiluted": 3.03,
    "weightedAverageShsOut": 991000000,
    "weightedAverageShsOutDil": 1014000000,
    "link": "https://www.sec.gov/Archives/edgar/data/101829/000119312506024473/0001193125-06-024473-index.htm",
    "finalLink": "https://www.sec.gov/Archives/edgar/data/101829/000119312506024473/d10k.htm"
  },
  {
    "date": "2004-12-31",
    "symbol": "RTX",
    "reportedCurrency": "USD",
    "cik": "0000101829",
    "fillingDate": "2005-02-10",
    "acceptedDate": "2005-02-10 17:21:16",
    "calendarYear": "2004",
    "period": "FY",
    "revenue": 36700000000,
    "costOfRevenue": 26675000000,
    "grossProfit": 10025000000,
    "grossProfitRatio": 0.2731607629,
    "researchAndDevelopmentExpenses": 1256000000,
    "generalAndAdministrativeExpenses": 0,
    "sellingAndMarketingExpenses": 0,
    "sellingGeneralAndAdministrativeExpenses": 4424000000,
    "otherExpenses": 0,
    "operatingExpenses": 5680000000,
    "costAndExpenses": 32355000000,
    "interestIncome": 0,
    "interestExpense": 363000000,
    "depreciationAndAmortization": 978000000,
    "ebitda": 5994000000,
    "ebitdaratio": 0.1633242507,
    "operatingIncome": 4345000000,
    "operatingIncomeRatio": 0.1183923706,
    "totalOtherIncomeExpensesNet": -238000000,
    "incomeBeforeTax": 4107000000,
    "incomeBeforeTaxRatio": 0.1119073569,
    "incomeTaxExpense": 1085000000,
    "netIncome": 2788000000,
    "netIncomeRatio": 0.0759673025,
    "eps": 2.81,
    "epsdiluted": 2.76,
    "weightedAverageShsOut": 993000000,
    "weightedAverageShsOutDil": 1011000000,
    "link": "https://www.sec.gov/Archives/edgar/data/101829/000119312505025271/0001193125-05-025271-index.htm",
    "finalLink": "https://www.sec.gov/Archives/edgar/data/101829/000119312505025271/d10k.htm"
  },
  {
    "date": "2003-12-31",
    "symbol": "RTX",
    "reportedCurrency": "USD",
    "cik": "0000101829",
    "fillingDate": "2004-02-05",
    "acceptedDate": "2004-02-05 17:08:15",
    "calendarYear": "2003",
    "period": "FY",
    "revenue": 31034000000,
    "costOfRevenue": 22508000000,
    "grossProfit": 8526000000,
    "grossProfitRatio": 0.2747309403,
    "researchAndDevelopmentExpenses": 1027000000,
    "generalAndAdministrativeExpenses": 0,
    "sellingAndMarketingExpenses": 0,
    "sellingGeneralAndAdministrativeExpenses": 3654000000,
    "otherExpenses": 0,
    "operatingExpenses": 4681000000,
    "costAndExpenses": 27189000000,
    "interestIncome": 0,
    "interestExpense": 375000000,
    "depreciationAndAmortization": 799000000,
    "ebitda": 4644000000,
    "ebitdaratio": 0.1496423278,
    "operatingIncome": 3845000000,
    "operatingIncomeRatio": 0.1238963717,
    "totalOtherIncomeExpensesNet": -375000000,
    "incomeBeforeTax": 3470000000,
    "incomeBeforeTaxRatio": 0.1118128504,
    "incomeTaxExpense": 941000000,
    "netIncome": 2361000000,
    "netIncomeRatio": 0.0760778501,
    "eps": 2.38,
    "epsdiluted": 2.33,
    "weightedAverageShsOut": 991000000,
    "weightedAverageShsOutDil": 1014000000,
    "link": "https://www.sec.gov/Archives/edgar/data/101829/000119312504015495/0001193125-04-015495-index.htm",
    "finalLink": "https://www.sec.gov/Archives/edgar/data/101829/000119312504015495/d10k.htm"
  },
  {
    "date": "2002-12-31",
    "symbol": "RTX",
    "reportedCurrency": "USD",
    "cik": "0000101829",
    "fillingDate": "2003-03-03",
    "acceptedDate": "2003-03-03 17:03:32",
    "calendarYear": "2002",
    "period": "FY",
    "revenue": 28212000000,
    "costOfRevenue": 20161000000,
    "grossProfit": 8051000000,
    "grossProfitRatio": 0.2853750177,
    "researchAndDevelopmentExpenses": 1191000000,
    "generalAndAdministrativeExpenses": 0,
    "sellingAndMarketingExpenses": 0,
    "sellingGeneralAndAdministrativeExpenses": 3203000000,
    "otherExpenses": 0,
    "operatingExpenses": 4394000000,
    "costAndExpenses": 24555000000,
    "interestIncome": 0,
    "interestExpense": 381000000,
    "depreciationAndAmortization": 727000000,
    "ebitda": 4384000000,
    "ebitdaratio": 0.1553948674,
    "operatingIncome": 3657000000,
    "operatingIncomeRatio": 0.1296256912,
    "totalOtherIncomeExpensesNet": -381000000,
    "incomeBeforeTax": 3276000000,
    "incomeBeforeTaxRatio": 0.1161207997,
    "incomeTaxExpense": 887000000,
    "netIncome": 2236000000,
    "netIncomeRatio": 0.0792570537,
    "eps": 2.37,
    "epsdiluted": 2.21,
    "weightedAverageShsOut": 944800000,
    "weightedAverageShsOutDil": 1011200000,
    "link": "https://www.sec.gov/Archives/edgar/data/101829/000010182903000150/0000101829-03-000150-index.htm",
    "finalLink": "https://www.sec.gov/Archives/edgar/data/101829/000010182903000150/ten-ka2002.htm"
  },
  {
    "date": "2001-12-31",
    "symbol": "RTX",
    "reportedCurrency": "USD",
    "cik": "0000101829",
    "fillingDate": "2002-02-11",
    "acceptedDate": "2002-02-11 00:00:00",
    "calendarYear": "2001",
    "period": "FY",
    "revenue": 27897000000,
    "costOfRevenue": 20087000000,
    "grossProfit": 7810000000,
    "grossProfitRatio": 0.2799584185,
    "researchAndDevelopmentExpenses": 1254000000,
    "generalAndAdministrativeExpenses": 0,
    "sellingAndMarketingExpenses": 0,
    "sellingGeneralAndAdministrativeExpenses": 3323000000,
    "otherExpenses": 0,
    "operatingExpenses": 4577000000,
    "costAndExpenses": 24664000000,
    "interestIncome": 0,
    "interestExpense": 426000000,
    "depreciationAndAmortization": 905000000,
    "ebitda": 4138000000,
    "ebitdaratio": 0.1483313618,
    "operatingIncome": 3233000000,
    "operatingIncomeRatio": 0.1158905976,
    "totalOtherIncomeExpensesNet": -426000000,
    "incomeBeforeTax": 2807000000,
    "incomeBeforeTaxRatio": 0.1006201384,
    "incomeTaxExpense": 755000000,
    "netIncome": 1938000000,
    "netIncomeRatio": 0.0694698355,
    "eps": 2.06,
    "epsdiluted": 1.92,
    "weightedAverageShsOut": 940400000,
    "weightedAverageShsOutDil": 1010800000,
    "link": "https://www.sec.gov/Archives/edgar/data/101829/000010182902000006/0000101829-02-000006-index.htm",
    "finalLink": "https://www.sec.gov/Archives/edgar/data/101829/000010182902000006/tenkye2001.htm"
  },
  {
    "date": "2000-12-31",
    "symbol": "RTX",
    "reportedCurrency": "USD",
    "cik": "0000101829",
    "fillingDate": "2001-02-12",
    "acceptedDate": "2001-02-12 00:00:00",
    "calendarYear": "2000",
    "period": "FY",
    "revenue": 26206000000,
    "costOfRevenue": 18111000000,
    "grossProfit": 8095000000,
    "grossProfitRatio": 0.3088987255,
    "researchAndDevelopmentExpenses": 1302000000,
    "generalAndAdministrativeExpenses": 0,
    "sellingAndMarketingExpenses": 0,
    "sellingGeneralAndAdministrativeExpenses": 3171000000,
    "otherExpenses": 0,
    "operatingExpenses": 5332000000,
    "costAndExpenses": 23443000000,
    "interestIncome": 0,
    "interestExpense": 382000000,
    "depreciationAndAmortization": 859000000,
    "ebitda": 3245000000,
    "ebitdaratio": 0.1238266046,
    "operatingIncome": 2763000000,
    "operatingIncomeRatio": 0.1054338701,
    "totalOtherIncomeExpensesNet": -5000000,
    "incomeBeforeTax": 2661000000,
    "incomeBeforeTaxRatio": 0.1015416317,
    "incomeTaxExpense": 853000000,
    "netIncome": 1808000000,
    "netIncomeRatio": 0.0689918339,
    "eps": 1.92,
    "epsdiluted": 1.78,
    "weightedAverageShsOut": 940200000,
    "weightedAverageShsOutDil": 1016000000,
    "link": "https://www.sec.gov/Archives/edgar/data/101829/000010182901000002/0000101829-01-000002-index.htm",
    "finalLink": "https://www.sec.gov/Archives/edgar/data/101829/000010182901000002/0000101829-01-000002-0001.txt"
  },
  {
    "date": "1999-12-31",
    "symbol": "RTX",
    "reportedCurrency": "USD",
    "cik": "0000101829",
    "fillingDate": "2000-02-14",
    "acceptedDate": "2000-02-14 00:00:00",
    "calendarYear": "1999",
    "period": "FY",
    "revenue": 23844000000,
    "costOfRevenue": 17341000000,
    "grossProfit": 6503000000,
    "grossProfitRatio": 0.2727310854,
    "researchAndDevelopmentExpenses": 1292000000,
    "generalAndAdministrativeExpenses": 0,
    "sellingAndMarketingExpenses": 0,
    "sellingGeneralAndAdministrativeExpenses": 3133000000,
    "otherExpenses": 0,
    "operatingExpenses": 5269000000,
    "costAndExpenses": 22610000000,
    "interestIncome": 0,
    "interestExpense": 0,
    "depreciationAndAmortization": 844000000,
    "ebitda": 2053000000,
    "ebitdaratio": 0.0861013253,
    "operatingIncome": 1234000000,
    "operatingIncomeRatio": 0.0517530616,
    "totalOtherIncomeExpensesNet": -68000000,
    "incomeBeforeTax": 1166000000,
    "incomeBeforeTaxRatio": 0.0489011911,
    "incomeTaxExpense": 325000000,
    "netIncome": 1531000000,
    "netIncomeRatio": 0.0642090253,
    "eps": 1.65,
    "epsdiluted": 1.54,
    "weightedAverageShsOut": 930434783,
    "weightedAverageShsOutDil": 995348837,
    "link": "https://www.sec.gov/Archives/edgar/data/101829/000010182900000002/0000101829-00-000002-index.html",
    "finalLink": "https://www.sec.gov/Archives/edgar/data/101829/000010182900000002/"
  },
  {
    "date": "1998-12-31",
    "symbol": "RTX",
    "reportedCurrency": "USD",
    "cik": "0000101829",
    "fillingDate": "1999-02-16",
    "acceptedDate": "1999-02-16 00:00:00",
    "calendarYear": "1998",
    "period": "FY",
    "revenue": 25687000000,
    "costOfRevenue": 18422000000,
    "grossProfit": 7265000000,
    "grossProfitRatio": 0.2828278896,
    "researchAndDevelopmentExpenses": 1315000000,
    "generalAndAdministrativeExpenses": 0,
    "sellingAndMarketingExpenses": 0,
    "sellingGeneralAndAdministrativeExpenses": 2957000000,
    "otherExpenses": 0,
    "operatingExpenses": 5126000000,
    "costAndExpenses": 23548000000,
    "interestIncome": 0,
    "interestExpense": 0,
    "depreciationAndAmortization": 854000000,
    "ebitda": 2715000000,
    "ebitdaratio": 0.105695488,
    "operatingIncome": 2139000000,
    "operatingIncomeRatio": 0.0832716939,
    "totalOtherIncomeExpensesNet": -107000000,
    "incomeBeforeTax": 1878000000,
    "incomeBeforeTaxRatio": 0.0731109121,
    "incomeTaxExpense": 623000000,
    "netIncome": 1255000000,
    "netIncomeRatio": 0.0488573987,
    "eps": 1.39,
    "epsdiluted": 1.39,
    "weightedAverageShsOut": 900208000,
    "weightedAverageShsOutDil": 900208000,
    "link": "https://www.sec.gov/Archives/edgar/data/101829/000010182999000003/0000101829-99-000003-index.html",
    "finalLink": "https://www.sec.gov/Archives/edgar/data/101829/"
  },
  {
    "date": "1997-12-31",
    "symbol": "RTX",
    "reportedCurrency": "USD",
    "cik": "0000101829",
    "fillingDate": "1998-02-17",
    "acceptedDate": "1998-02-17 00:00:00",
    "calendarYear": "1997",
    "period": "FY",
    "revenue": 24495000000,
    "costOfRevenue": 17804000000,
    "grossProfit": 6691000000,
    "grossProfitRatio": 0.2731577873,
    "researchAndDevelopmentExpenses": 1187000000,
    "generalAndAdministrativeExpenses": 0,
    "sellingAndMarketingExpenses": 0,
    "sellingGeneralAndAdministrativeExpenses": 2915000000,
    "otherExpenses": 0,
    "operatingExpenses": 4950000000,
    "costAndExpenses": 22754000000,
    "interestIncome": 0,
    "interestExpense": 0,
    "depreciationAndAmortization": 848000000,
    "ebitda": 2243000000,
    "ebitdaratio": 0.0915697081,
    "operatingIncome": 1741000000,
    "operatingIncomeRatio": 0.0710757297,
    "totalOtherIncomeExpensesNet": 109000000,
    "incomeBeforeTax": 1645000000,
    "incomeBeforeTaxRatio": 0.0671565626,
    "incomeTaxExpense": 573000000,
    "netIncome": 1072000000,
    "netIncomeRatio": 0.0437640335,
    "eps": 1.17,
    "epsdiluted": 1.17,
    "weightedAverageShsOut": 916284000,
    "weightedAverageShsOutDil": 916284000,
    "link": "https://www.sec.gov/Archives/edgar/data/101829/000010182998000007/0000101829-98-000007-index.html",
    "finalLink": "https://www.sec.gov/Archives/edgar/data/101829/"
  },
  {
    "date": "1996-12-31",
    "symbol": "RTX",
    "reportedCurrency": "USD",
    "cik": "0000101829",
    "fillingDate": "1997-02-07",
    "acceptedDate": "1997-02-07 00:00:00",
    "calendarYear": "1996",
    "period": "FY",
    "revenue": 23273000000,
    "costOfRevenue": 16884000000,
    "grossProfit": 6389000000,
    "grossProfitRatio": 0.2745241267,
    "researchAndDevelopmentExpenses": 1122000000,
    "generalAndAdministrativeExpenses": 0,
    "sellingAndMarketingExpenses": 0,
    "sellingGeneralAndAdministrativeExpenses": 2872000000,
    "otherExpenses": 0,
    "operatingExpenses": 4847000000,
    "costAndExpenses": 21731000000,
    "interestIncome": 0,
    "interestExpense": 0,
    "depreciationAndAmortization": 853000000,
    "ebitda": 2296000000,
    "ebitdaratio": 0.0986550939,
    "operatingIncome": 1542000000,
    "operatingIncomeRatio": 0.0662570361,
    "totalOtherIncomeExpensesNet": -26000000,
    "incomeBeforeTax": 1429000000,
    "incomeBeforeTaxRatio": 0.0614016242,
    "incomeTaxExpense": 523000000,
    "netIncome": 906000000,
    "netIncomeRatio": 0.0389292313,
    "eps": 0.95,
    "epsdiluted": 0.95,
    "weightedAverageShsOut": 951896000,
    "weightedAverageShsOutDil": 951896000,
    "link": "https://www.sec.gov/Archives/edgar/data/101829/000010182997000004/0000101829-97-000004-index.html",
    "finalLink": "https://www.sec.gov/Archives/edgar/data/101829/"
  },
  {
    "date": "1995-12-31",
    "symbol": "RTX",
    "reportedCurrency": "USD",
    "cik": "0000101829",
    "fillingDate": "1996-03-29",
    "acceptedDate": "1996-03-29 00:00:00",
    "calendarYear": "1995",
    "period": "FY",
    "revenue": 22624000000,
    "costOfRevenue": 16756000000,
    "grossProfit": 5868000000,
    "grossProfitRatio": 0.2593705799,
    "researchAndDevelopmentExpenses": 963000000,
    "generalAndAdministrativeExpenses": 0,
    "sellingAndMarketingExpenses": 0,
    "sellingGeneralAndAdministrativeExpenses": 2651000000,
    "otherExpenses": 0,
    "operatingExpenses": 4458000000,
    "costAndExpenses": 21214000000,
    "interestIncome": 0,
    "interestExpense": 0,
    "depreciationAndAmortization": 844000000,
    "ebitda": 2254000000,
    "ebitdaratio": 0.0996287129,
    "operatingIncome": 1410000000,
    "operatingIncomeRatio": 0.0623231966,
    "totalOtherIncomeExpensesNet": -196000000,
    "incomeBeforeTax": 1214000000,
    "incomeBeforeTaxRatio": 0.0536598303,
    "incomeTaxExpense": 464000000,
    "netIncome": 750000000,
    "netIncomeRatio": 0.0331506365,
    "eps": 0.77,
    "epsdiluted": 0.77,
    "weightedAverageShsOut": 976568000,
    "weightedAverageShsOutDil": 976568000,
    "link": "https://www.sec.gov/Archives/edgar/data/101829/000010182996000009/0000101829-96-000009-index.html",
    "finalLink": "https://www.sec.gov/Archives/edgar/data/101829/"
  },
  {
    "date": "1994-12-31",
    "symbol": "RTX",
    "reportedCurrency": "USD",
    "cik": "0000101829",
    "fillingDate": "1995-03-29",
    "acceptedDate": "1995-03-29 00:00:00",
    "calendarYear": "1994",
    "period": "FY",
    "revenue": 20801000000,
    "costOfRevenue": 15492000000,
    "grossProfit": 5309000000,
    "grossProfitRatio": 0.255228114,
    "researchAndDevelopmentExpenses": 978000000,
    "generalAndAdministrativeExpenses": 0,
    "sellingAndMarketingExpenses": 0,
    "sellingGeneralAndAdministrativeExpenses": 2536000000,
    "otherExpenses": 0,
    "operatingExpenses": 4354000000,
    "costAndExpenses": 19846000000,
    "interestIncome": 0,
    "interestExpense": 0,
    "depreciationAndAmortization": 840000000,
    "ebitda": 1795000000,
    "ebitdaratio": 0.0862939282,
    "operatingIncome": 955000000,
    "operatingIncomeRatio": 0.0459112543,
    "totalOtherIncomeExpensesNet": 14000000,
    "incomeBeforeTax": 969000000,
    "incomeBeforeTaxRatio": 0.0465842988,
    "incomeTaxExpense": 384000000,
    "netIncome": 585000000,
    "netIncomeRatio": 0.0281236479,
    "eps": 0.59,
    "epsdiluted": 0.59,
    "weightedAverageShsOut": 985088000,
    "weightedAverageShsOutDil": 985088000,
    "link": "https://www.sec.gov/Archives/edgar/data/101829/000010182995000012/0000101829-95-000012-index.html",
    "finalLink": "https://www.sec.gov/Archives/edgar/data/101829/"
  },
  {
    "date": "1993-12-31",
    "symbol": "RTX",
    "reportedCurrency": "USD",
    "cik": "0000101829",
    "fillingDate": "1994-03-31",
    "acceptedDate": "1994-03-31 00:00:00",
    "calendarYear": "1993",
    "period": "FY",
    "revenue": 20736000000,
    "costOfRevenue": 15422000000,
    "grossProfit": 5314000000,
    "grossProfitRatio": 0.2562692901,
    "researchAndDevelopmentExpenses": 1137000000,
    "generalAndAdministrativeExpenses": 0,
    "sellingAndMarketingExpenses": 0,
    "sellingGeneralAndAdministrativeExpenses": 2547000000,
    "otherExpenses": 0,
    "operatingExpenses": 4499000000,
    "costAndExpenses": 19921000000,
    "interestIncome": 0,
    "interestExpense": 0,
    "depreciationAndAmortization": 815000000,
    "ebitda": 1630000000,
    "ebitdaratio": 0.0786072531,
    "operatingIncome": 815000000,
    "operatingIncomeRatio": 0.0393036265,
    "totalOtherIncomeExpensesNet": 8000000,
    "incomeBeforeTax": 823000000,
    "incomeBeforeTaxRatio": 0.039689429,
    "incomeTaxExpense": 336000000,
    "netIncome": 487000000,
    "netIncomeRatio": 0.0234857253,
    "eps": 0.48,
    "epsdiluted": 0.48,
    "weightedAverageShsOut": 1008376000,
    "weightedAverageShsOutDil": 1008376000,
    "link": "https://www.sec.gov/Archives/edgar/data/101829/000010182994000019/0000101829-94-000019-index.html",
    "finalLink": "https://www.sec.gov/Archives/edgar/data/101829/"
  },
  {
    "date": "1992-12-31",
    "symbol": "RTX",
    "reportedCurrency": "USD",
    "cik": "0000101829",
    "fillingDate": "1992-12-31",
    "acceptedDate": "1992-12-31 00:00:00",
    "calendarYear": "1992",
    "period": "FY",
    "revenue": 22032000000,
    "costOfRevenue": 16063000000,
    "grossProfit": 5969000000,
    "grossProfitRatio": 0.2709241104,
    "researchAndDevelopmentExpenses": 0,
    "generalAndAdministrativeExpenses": 0,
    "sellingAndMarketingExpenses": 0,
    "sellingGeneralAndAdministrativeExpenses": 4550000000,
    "otherExpenses": 0,
    "operatingExpenses": 5402000000,
    "costAndExpenses": 21465000000,
    "interestIncome": 0,
    "interestExpense": 0,
    "depreciationAndAmortization": 852000000,
    "ebitda": 1028000000,
    "ebitdaratio": 0.0466594045,
    "operatingIncome": 567000000,
    "operatingIncomeRatio": 0.0257352941,
    "totalOtherIncomeExpensesNet": -64000000,
    "incomeBeforeTax": 112000000,
    "incomeBeforeTaxRatio": 0.0050835149,
    "incomeTaxExpense": 77000000,
    "netIncome": -287000000,
    "netIncomeRatio": -0.0130265069,
    "eps": -0.29,
    "epsdiluted": -0.29,
    "weightedAverageShsOut": 990200000,
    "weightedAverageShsOutDil": 990200000,
    "link": null,
    "finalLink": null
  },
  {
    "date": "1991-12-31",
    "symbol": "RTX",
    "reportedCurrency": "USD",
    "cik": "0000101829",
    "fillingDate": "1991-12-31",
    "acceptedDate": "1991-12-31 00:00:00",
    "calendarYear": "1991",
    "period": "FY",
    "revenue": 21262000000,
    "costOfRevenue": 15652000000,
    "grossProfit": 5610000000,
    "grossProfitRatio": 0.2638510018,
    "researchAndDevelopmentExpenses": 0,
    "generalAndAdministrativeExpenses": 0,
    "sellingAndMarketingExpenses": 0,
    "sellingGeneralAndAdministrativeExpenses": 4152000000,
    "otherExpenses": 0,
    "operatingExpenses": 4887000000,
    "costAndExpenses": 20539000000,
    "interestIncome": 0,
    "interestExpense": 0,
    "depreciationAndAmortization": 735000000,
    "ebitda": 1036000000,
    "ebitdaratio": 0.0487254256,
    "operatingIncome": 723000000,
    "operatingIncomeRatio": 0.034004327,
    "totalOtherIncomeExpensesNet": -1247000000,
    "incomeBeforeTax": -946000000,
    "incomeBeforeTaxRatio": -0.0444925219,
    "incomeTaxExpense": 75000000,
    "netIncome": -1021000000,
    "netIncomeRatio": -0.0480199417,
    "eps": -1.05,
    "epsdiluted": -1.05,
    "weightedAverageShsOut": 975184000,
    "weightedAverageShsOutDil": 975184000,
    "link": null,
    "finalLink": null
  },
  {
    "date": "1990-12-31",
    "symbol": "RTX",
    "reportedCurrency": "USD",
    "cik": "0000101829",
    "fillingDate": "1990-12-31",
    "acceptedDate": "1990-12-31 00:00:00",
    "calendarYear": "1990",
    "period": "FY",
    "revenue": 21783200000,
    "costOfRevenue": 15340200000,
    "grossProfit": 6443000000,
    "grossProfitRatio": 0.295778398,
    "researchAndDevelopmentExpenses": 0,
    "generalAndAdministrativeExpenses": 0,
    "sellingAndMarketingExpenses": 0,
    "sellingGeneralAndAdministrativeExpenses": 4115200000,
    "otherExpenses": 0,
    "operatingExpenses": 4790200000,
    "costAndExpenses": 20130400000,
    "interestIncome": 0,
    "interestExpense": 0,
    "depreciationAndAmortization": 675000000,
    "ebitda": 2327800000,
    "ebitdaratio": 0.106862169,
    "operatingIncome": 1652800000,
    "operatingIncomeRatio": 0.0758749862,
    "totalOtherIncomeExpensesNet": -423100000,
    "incomeBeforeTax": 1229700000,
    "incomeBeforeTaxRatio": 0.056451761,
    "incomeTaxExpense": 479100000,
    "netIncome": 750600000,
    "netIncomeRatio": 0.0344577473,
    "eps": 0.77,
    "epsdiluted": 0.77,
    "weightedAverageShsOut": 969248000,
    "weightedAverageShsOutDil": 969248000,
    "link": null,
    "finalLink": null
  },
  {
    "date": "1989-12-31",
    "symbol": "RTX",
    "reportedCurrency": "USD",
    "cik": "0000101829",
    "fillingDate": "1989-12-31",
    "acceptedDate": "1989-12-31 00:00:00",
    "calendarYear": "1989",
    "period": "FY",
    "revenue": 19532100000,
    "costOfRevenue": 13762000000,
    "grossProfit": 5770100000,
    "grossProfitRatio": 0.2954162635,
    "researchAndDevelopmentExpenses": 0,
    "generalAndAdministrativeExpenses": 0,
    "sellingAndMarketingExpenses": 0,
    "sellingGeneralAndAdministrativeExpenses": 3767400000,
    "otherExpenses": 0,
    "operatingExpenses": 4387600000,
    "costAndExpenses": 18149600000,
    "interestIncome": 0,
    "interestExpense": 0,
    "depreciationAndAmortization": 620200000,
    "ebitda": 2002700000,
    "ebitdaratio": 0.1025337777,
    "operatingIncome": 1382500000,
    "operatingIncomeRatio": 0.0707809196,
    "totalOtherIncomeExpensesNet": -182600000,
    "incomeBeforeTax": 1199900000,
    "incomeBeforeTaxRatio": 0.0614322065,
    "incomeTaxExpense": 497800000,
    "netIncome": 702100000,
    "netIncomeRatio": 0.0359459556,
    "eps": 0.72,
    "epsdiluted": 0.72,
    "weightedAverageShsOut": 968736000,
    "weightedAverageShsOutDil": 968736000,
    "link": null,
    "finalLink": null
  },
  {
    "date": "1988-12-31",
    "symbol": "RTX",
    "reportedCurrency": "USD",
    "cik": "0000101829",
    "fillingDate": "1988-12-31",
    "acceptedDate": "1988-12-30 19:00:00",
    "calendarYear": "1988",
    "period": "FY",
    "revenue": 18000100000,
    "costOfRevenue": 12949600000,
    "grossProfit": 5050500000,
    "grossProfitRatio": 0.2805817745,
    "researchAndDevelopmentExpenses": 0,
    "generalAndAdministrativeExpenses": 0,
    "sellingAndMarketingExpenses": 0,
    "sellingGeneralAndAdministrativeExpenses": 3554900000,
    "otherExpenses": 0,
    "operatingExpenses": 4091300000,
    "costAndExpenses": 17040900000,
    "interestIncome": 0,
    "interestExpense": 0,
    "depreciationAndAmortization": 536400000,
    "ebitda": 1495600000,
    "ebitdaratio": 0.0830884273,
    "operatingIncome": 959200000,
    "operatingIncomeRatio": 0.0532885928,
    "totalOtherIncomeExpensesNet": 160000000,
    "incomeBeforeTax": 1119200000,
    "incomeBeforeTaxRatio": 0.0621774323,
    "incomeTaxExpense": 460100000,
    "netIncome": 659100000,
    "netIncomeRatio": 0.0366164632,
    "eps": 0.63,
    "epsdiluted": 0.63,
    "weightedAverageShsOut": 1046112000,
    "weightedAverageShsOutDil": 1046112000,
    "link": null,
    "finalLink": null
  },
  {
    "date": "1987-12-31",
    "symbol": "RTX",
    "reportedCurrency": "USD",
    "cik": "0000101829",
    "fillingDate": "1987-12-31",
    "acceptedDate": "1987-12-30 19:00:00",
    "calendarYear": "1987",
    "period": "FY",
    "revenue": 17170200000,
    "costOfRevenue": 12132600000,
    "grossProfit": 5037600000,
    "grossProfitRatio": 0.2933920397,
    "researchAndDevelopmentExpenses": 0,
    "generalAndAdministrativeExpenses": 0,
    "sellingAndMarketingExpenses": 0,
    "sellingGeneralAndAdministrativeExpenses": 3338700000,
    "otherExpenses": 0,
    "operatingExpenses": 3868100000,
    "costAndExpenses": 16000700000,
    "interestIncome": 0,
    "interestExpense": 0,
    "depreciationAndAmortization": 529400000,
    "ebitda": 1698900000,
    "ebitdaratio": 0.0989446832,
    "operatingIncome": 1169500000,
    "operatingIncomeRatio": 0.0681121944,
    "totalOtherIncomeExpensesNet": -137300000,
    "incomeBeforeTax": 1032200000,
    "incomeBeforeTaxRatio": 0.060115782,
    "incomeTaxExpense": 440500000,
    "netIncome": 591700000,
    "netIncomeRatio": 0.0344608682,
    "eps": 0.57,
    "epsdiluted": 0.57,
    "weightedAverageShsOut": 1043304000,
    "weightedAverageShsOutDil": 1043304000,
    "link": null,
    "finalLink": null
  },
  {
    "date": "1986-12-31",
    "symbol": "RTX",
    "reportedCurrency": "USD",
    "cik": "0000101829",
    "fillingDate": "1986-12-31",
    "acceptedDate": "1986-12-30 19:00:00",
    "calendarYear": "1986",
    "period": "FY",
    "revenue": 15669200000,
    "costOfRevenue": 11892000000,
    "grossProfit": 3777200000,
    "grossProfitRatio": 0.2410588926,
    "researchAndDevelopmentExpenses": 0,
    "generalAndAdministrativeExpenses": 0,
    "sellingAndMarketingExpenses": 0,
    "sellingGeneralAndAdministrativeExpenses": 3140100000,
    "otherExpenses": 0,
    "operatingExpenses": 3621300000,
    "costAndExpenses": 15513300000,
    "interestIncome": 0,
    "interestExpense": 0,
    "depreciationAndAmortization": 481200000,
    "ebitda": 637100000,
    "ebitdaratio": 0.0406593827,
    "operatingIncome": 155900000,
    "operatingIncomeRatio": 0.009949455,
    "totalOtherIncomeExpensesNet": -56400000,
    "incomeBeforeTax": 99500000,
    "incomeBeforeTaxRatio": 0.006350037,
    "incomeTaxExpense": 51400000,
    "netIncome": 72700000,
    "netIncomeRatio": 0.0046396753,
    "eps": 0.0697,
    "epsdiluted": 0.0697,
    "weightedAverageShsOut": 1043592000,
    "weightedAverageShsOutDil": 1043592000,
    "link": null,
    "finalLink": null
  },
  {
    "date": "1985-12-31",
    "symbol": "RTX",
    "reportedCurrency": "USD",
    "cik": "0000101829",
    "fillingDate": "1985-12-31",
    "acceptedDate": "1985-12-30 19:00:00",
    "calendarYear": "1985",
    "period": "FY",
    "revenue": 14991700000,
    "costOfRevenue": 10472300000,
    "grossProfit": 4519400000,
    "grossProfitRatio": 0.3014601413,
    "researchAndDevelopmentExpenses": 0,
    "generalAndAdministrativeExpenses": 0,
    "sellingAndMarketingExpenses": 0,
    "sellingGeneralAndAdministrativeExpenses": 2919400000,
    "otherExpenses": 0,
    "operatingExpenses": 3340900000,
    "costAndExpenses": 13813200000,
    "interestIncome": 0,
    "interestExpense": 0,
    "depreciationAndAmortization": 421500000,
    "ebitda": 1600000000,
    "ebitdaratio": 0.1067257216,
    "operatingIncome": 1178500000,
    "operatingIncomeRatio": 0.0786101643,
    "totalOtherIncomeExpensesNet": -119800000,
    "incomeBeforeTax": 1058700000,
    "incomeBeforeTaxRatio": 0.0706190759,
    "incomeTaxExpense": 422300000,
    "netIncome": 312700000,
    "netIncomeRatio": 0.0208582082,
    "eps": 0.32,
    "epsdiluted": 0.32,
    "weightedAverageShsOut": 983160000,
    "weightedAverageShsOutDil": 983160000,
    "link": null,
    "finalLink": null
  }
]