[
  {
    "date": "2024-12-29",
    "symbol": "RVTY",
    "reportedCurrency": "USD",
    "cik": "0000031791",
    "fillingDate": "2025-02-25",
    "acceptedDate": "2025-02-25 16:15:49",
    "calendarYear": "2024",
    "period": "FY",
    "revenue": 2755026000,
    "costOfRevenue": 1432367000,
    "grossProfit": 1322659000,
    "grossProfitRatio": 0.4800894801,
    "researchAndDevelopmentExpenses": 196844000,
    "generalAndAdministrativeExpenses": 0,
    "sellingAndMarketingExpenses": 0,
    "sellingGeneralAndAdministrativeExpenses": 715296000,
    "otherExpenses": 0,
    "operatingExpenses": 912140000,
    "costAndExpenses": 2344507000,
    "interestIncome": 73190000,
    "interestExpense": 96278000,
    "depreciationAndAmortization": 427849000,
    "ebitda": 840253000,
    "ebitdaratio": 0.3049891362,
    "operatingIncome": 410519000,
    "operatingIncomeRatio": 0.1490073052,
    "totalOtherIncomeExpensesNet": -94393000,
    "incomeBeforeTax": 316126000,
    "incomeBeforeTaxRatio": 0.1147451966,
    "incomeTaxExpense": 33055000,
    "netIncome": 295833000,
    "netIncomeRatio": 0.1073793859,
    "eps": 2.4099,
    "epsdiluted": 2.4086,
    "weightedAverageShsOut": 122756000,
    "weightedAverageShsOutDil": 122822000,
    "link": "https://www.sec.gov/Archives/edgar/data/31791/000003179125000009/0000031791-25-000009-index.htm",
    "finalLink": "https://www.sec.gov/Archives/edgar/data/31791/000003179125000009/revv-20241229.htm"
  },
  {
    "date": "2023-12-31",
    "symbol": "RVTY",
    "reportedCurrency": "USD",
    "cik": "0000031791",
    "fillingDate": "2023-12-31",
    "acceptedDate": "2023-12-29 19:00:00",
    "calendarYear": "2023",
    "period": "FY",
    "revenue": 2750571000,
    "costOfRevenue": 1428380000,
    "grossProfit": 1322191000,
    "grossProfitRatio": 0.4806969171,
    "researchAndDevelopmentExpenses": 216578000,
    "generalAndAdministrativeExpenses": 0,
    "sellingAndMarketingExpenses": 0,
    "sellingGeneralAndAdministrativeExpenses": 706122000,
    "otherExpenses": 0,
    "operatingExpenses": 922700000,
    "costAndExpenses": 2351080000,
    "interestIncome": 72131000,
    "interestExpense": 98813000,
    "depreciationAndAmortization": 431769000,
    "ebitda": 713558000,
    "ebitdaratio": 0.259421771,
    "operatingIncome": 399491000,
    "operatingIncomeRatio": 0.1452392976,
    "totalOtherIncomeExpensesNet": -216515000,
    "incomeBeforeTax": 182976000,
    "incomeBeforeTaxRatio": 0.0665229147,
    "incomeTaxExpense": 3473000,
    "netIncome": -118378000,
    "netIncomeRatio": -0.0430376093,
    "eps": -0.9493,
    "epsdiluted": -0.9493,
    "weightedAverageShsOut": 124704000,
    "weightedAverageShsOutDil": 124812000,
    "link": null,
    "finalLink": null
  },
  {
    "date": "2022-12-31",
    "symbol": "RVTY",
    "reportedCurrency": "USD",
    "cik": "0000031791",
    "fillingDate": "2022-12-31",
    "acceptedDate": "2022-12-31 00:00:00",
    "calendarYear": "2022",
    "period": "FY",
    "revenue": 3311822000,
    "costOfRevenue": 1551092000,
    "grossProfit": 1760730000,
    "grossProfitRatio": 0.5316499498,
    "researchAndDevelopmentExpenses": 221617000,
    "generalAndAdministrativeExpenses": 0,
    "sellingAndMarketingExpenses": 0,
    "sellingGeneralAndAdministrativeExpenses": 757991000,
    "otherExpenses": 0,
    "operatingExpenses": 979608000,
    "costAndExpenses": 2530700000,
    "interestIncome": 3589000,
    "interestExpense": 103955000,
    "depreciationAndAmortization": 427000000,
    "ebitda": 1182792000,
    "ebitdaratio": 0.3571423827,
    "operatingIncome": 781122000,
    "operatingIncomeRatio": 0.2358586905,
    "totalOtherIncomeExpensesNet": -129285000,
    "incomeBeforeTax": 651837000,
    "incomeBeforeTaxRatio": 0.1968212664,
    "incomeTaxExpense": 139161000,
    "netIncome": 569179000,
    "netIncomeRatio": 0.1718627994,
    "eps": 4.5117,
    "epsdiluted": 4.5021,
    "weightedAverageShsOut": 126155000,
    "weightedAverageShsOutDil": 126426000,
    "link": null,
    "finalLink": null
  },
  {
    "date": "2021-12-31",
    "symbol": "RVTY",
    "reportedCurrency": "USD",
    "cik": "0000031791",
    "fillingDate": "2021-12-31",
    "acceptedDate": "2021-12-31 00:00:00",
    "calendarYear": "2021",
    "period": "FY",
    "revenue": 3827808000,
    "costOfRevenue": 1545853000,
    "grossProfit": 2281955000,
    "grossProfitRatio": 0.5961518969,
    "researchAndDevelopmentExpenses": 200337000,
    "generalAndAdministrativeExpenses": 0,
    "sellingAndMarketingExpenses": 0,
    "sellingGeneralAndAdministrativeExpenses": 741612000,
    "otherExpenses": 0,
    "operatingExpenses": 941949000,
    "costAndExpenses": 2487802000,
    "interestIncome": 2241000,
    "interestExpense": 102128000,
    "depreciationAndAmortization": 311443000,
    "ebitda": 1617153000,
    "ebitdaratio": 0.4224749517,
    "operatingIncome": 1340006000,
    "operatingIncomeRatio": 0.3500713724,
    "totalOtherIncomeExpensesNet": -136424000,
    "incomeBeforeTax": 1203582000,
    "incomeBeforeTaxRatio": 0.3144311313,
    "incomeTaxExpense": 314146000,
    "netIncome": 943157000,
    "netIncomeRatio": 0.2463961097,
    "eps": 8.1191,
    "epsdiluted": 8.0837,
    "weightedAverageShsOut": 116165000,
    "weightedAverageShsOutDil": 116674000,
    "link": null,
    "finalLink": null
  },
  {
    "date": "2020-12-31",
    "symbol": "RVTY",
    "reportedCurrency": "USD",
    "cik": "0000031791",
    "fillingDate": "2020-12-31",
    "acceptedDate": "2020-12-31 00:00:00",
    "calendarYear": "2020",
    "period": "FY",
    "revenue": 3782745000,
    "costOfRevenue": 1792231000,
    "grossProfit": 1990514000,
    "grossProfitRatio": 0.5262088774,
    "researchAndDevelopmentExpenses": 205389000,
    "generalAndAdministrativeExpenses": 0,
    "sellingAndMarketingExpenses": 0,
    "sellingGeneralAndAdministrativeExpenses": 765331000,
    "otherExpenses": 0,
    "operatingExpenses": 970720000,
    "costAndExpenses": 2762951000,
    "interestIncome": 1010000,
    "interestExpense": 49712000,
    "depreciationAndAmortization": 246507000,
    "ebitda": 1202583000,
    "ebitdaratio": 0.3179127856,
    "operatingIncome": 1019794000,
    "operatingIncomeRatio": 0.2695909981,
    "totalOtherIncomeExpensesNet": -113430000,
    "incomeBeforeTax": 906364000,
    "incomeBeforeTaxRatio": 0.2396048372,
    "incomeTaxExpense": 178266000,
    "netIncome": 728098000,
    "netIncomeRatio": 0.1924787423,
    "eps": 6.528,
    "epsdiluted": 6.4947,
    "weightedAverageShsOut": 111514000,
    "weightedAverageShsOutDil": 112085000,
    "link": null,
    "finalLink": null
  },
  {
    "date": "2019-12-31",
    "symbol": "RVTY",
    "reportedCurrency": "USD",
    "cik": "0000031791",
    "fillingDate": "2019-12-31",
    "acceptedDate": "2019-12-31 00:00:00",
    "calendarYear": "2019",
    "period": "FY",
    "revenue": 2883673000,
    "costOfRevenue": 1590618000,
    "grossProfit": 1293055000,
    "grossProfitRatio": 0.4484055578,
    "researchAndDevelopmentExpenses": 189336000,
    "generalAndAdministrativeExpenses": 0,
    "sellingAndMarketingExpenses": 0,
    "sellingGeneralAndAdministrativeExpenses": 698237000,
    "otherExpenses": 0,
    "operatingExpenses": 887573000,
    "costAndExpenses": 2478191000,
    "interestIncome": 1495000,
    "interestExpense": 63627000,
    "depreciationAndAmortization": 214025000,
    "ebitda": 514794000,
    "ebitdaratio": 0.1785202414,
    "operatingIncome": 405482000,
    "operatingIncomeRatio": 0.1406130307,
    "totalOtherIncomeExpensesNet": -168340000,
    "incomeBeforeTax": 237142000,
    "incomeBeforeTaxRatio": 0.0822360926,
    "incomeTaxExpense": 9389000,
    "netIncome": 227558000,
    "netIncomeRatio": 0.0789125535,
    "eps": 2.0533,
    "epsdiluted": 2.0409,
    "weightedAverageShsOut": 110827000,
    "weightedAverageShsOutDil": 111501000,
    "link": null,
    "finalLink": null
  },
  {
    "date": "2018-12-31",
    "symbol": "RVTY",
    "reportedCurrency": "USD",
    "cik": "0000031791",
    "fillingDate": "2018-12-31",
    "acceptedDate": "2018-12-31 00:00:00",
    "calendarYear": "2018",
    "period": "FY",
    "revenue": 2777996000,
    "costOfRevenue": 1526757000,
    "grossProfit": 1251239000,
    "grossProfitRatio": 0.4504106557,
    "researchAndDevelopmentExpenses": 186098000,
    "generalAndAdministrativeExpenses": 0,
    "sellingAndMarketingExpenses": 0,
    "sellingGeneralAndAdministrativeExpenses": 694173000,
    "otherExpenses": 0,
    "operatingExpenses": 880271000,
    "costAndExpenses": 2407028000,
    "interestIncome": 1141000,
    "interestExpense": 66976000,
    "depreciationAndAmortization": 180588000,
    "ebitda": 505247000,
    "ebitdaratio": 0.1818746319,
    "operatingIncome": 370968000,
    "operatingIncomeRatio": 0.1335379893,
    "totalOtherIncomeExpensesNet": -113285000,
    "incomeBeforeTax": 257683000,
    "incomeBeforeTaxRatio": 0.0927585929,
    "incomeTaxExpense": 20208000,
    "netIncome": 238786000,
    "netIncomeRatio": 0.0859562073,
    "eps": 2.1598,
    "epsdiluted": 2.1409,
    "weightedAverageShsOut": 110561000,
    "weightedAverageShsOutDil": 111534000,
    "link": null,
    "finalLink": null
  },
  {
    "date": "2017-12-31",
    "symbol": "RVTY",
    "reportedCurrency": "USD",
    "cik": "0000031791",
    "fillingDate": "2017-12-31",
    "acceptedDate": "2017-12-31 00:00:00",
    "calendarYear": "2017",
    "period": "FY",
    "revenue": 2256982000,
    "costOfRevenue": 1227628000,
    "grossProfit": 1029354000,
    "grossProfitRatio": 0.456075414,
    "researchAndDevelopmentExpenses": 139164000,
    "generalAndAdministrativeExpenses": 0,
    "sellingAndMarketingExpenses": 0,
    "sellingGeneralAndAdministrativeExpenses": 585557000,
    "otherExpenses": 0,
    "operatingExpenses": 724721000,
    "costAndExpenses": 1952349000,
    "interestIncome": 2571000,
    "interestExpense": 43940000,
    "depreciationAndAmortization": 105000000,
    "ebitda": 445658000,
    "ebitdaratio": 0.1974574897,
    "operatingIncome": 304633000,
    "operatingIncomeRatio": 0.1349736063,
    "totalOtherIncomeExpensesNet": -7915000,
    "incomeBeforeTax": 296718000,
    "incomeBeforeTaxRatio": 0.1314667109,
    "incomeTaxExpense": 139828000,
    "netIncome": 113018000,
    "netIncomeRatio": 0.0500748344,
    "eps": 1.0288,
    "epsdiluted": 1.0195,
    "weightedAverageShsOut": 109857000,
    "weightedAverageShsOutDil": 110859000,
    "link": null,
    "finalLink": null
  },
  {
    "date": "2016-12-31",
    "symbol": "RVTY",
    "reportedCurrency": "USD",
    "cik": "0000031791",
    "fillingDate": "2016-12-31",
    "acceptedDate": "2016-12-31 00:00:00",
    "calendarYear": "2016",
    "period": "FY",
    "revenue": 2115516999,
    "costOfRevenue": 1143264000,
    "grossProfit": 972253000,
    "grossProfitRatio": 0.4595817478,
    "researchAndDevelopmentExpenses": 123778000,
    "generalAndAdministrativeExpenses": 0,
    "sellingAndMarketingExpenses": 0,
    "sellingGeneralAndAdministrativeExpenses": 542802000,
    "otherExpenses": 0,
    "operatingExpenses": 666580000,
    "costAndExpenses": 1809844000,
    "interestIncome": 702000,
    "interestExpense": 41528000,
    "depreciationAndAmortization": 99972000,
    "ebitda": 385568000,
    "ebitdaratio": 0.1822571032,
    "operatingIncome": 305673000,
    "operatingIncomeRatio": 0.1444909212,
    "totalOtherIncomeExpensesNet": -61605000,
    "incomeBeforeTax": 244068000,
    "incomeBeforeTaxRatio": 0.11537038,
    "incomeTaxExpense": 28362000,
    "netIncome": 233680000,
    "netIncomeRatio": 0.1104599964,
    "eps": 2.1345,
    "epsdiluted": 2.1183,
    "weightedAverageShsOut": 109478000,
    "weightedAverageShsOutDil": 110313000,
    "link": null,
    "finalLink": null
  },
  {
    "date": "2015-12-31",
    "symbol": "RVTY",
    "reportedCurrency": "USD",
    "cik": "0000031791",
    "fillingDate": "2015-12-31",
    "acceptedDate": "2015-12-31 00:00:00",
    "calendarYear": "2015",
    "period": "FY",
    "revenue": 2104822999,
    "costOfRevenue": 1174792000,
    "grossProfit": 930031000,
    "grossProfitRatio": 0.4418571065,
    "researchAndDevelopmentExpenses": 112039000,
    "generalAndAdministrativeExpenses": 0,
    "sellingAndMarketingExpenses": 0,
    "sellingGeneralAndAdministrativeExpenses": 551200000,
    "otherExpenses": 0,
    "operatingExpenses": 663239000,
    "costAndExpenses": 1838031000,
    "interestIncome": 673000,
    "interestExpense": 37997000,
    "depreciationAndAmortization": 105364000,
    "ebitda": 352168000,
    "ebitdaratio": 0.1673147814,
    "operatingIncome": 266791999,
    "operatingIncomeRatio": 0.1267527004,
    "totalOtherIncomeExpensesNet": -57984999,
    "incomeBeforeTax": 208807000,
    "incomeBeforeTaxRatio": 0.0992040661,
    "incomeTaxExpense": 20022000,
    "netIncome": 212453000,
    "netIncomeRatio": 0.1009362783,
    "eps": 1.8884,
    "epsdiluted": 1.8749,
    "weightedAverageShsOut": 112507000,
    "weightedAverageShsOutDil": 113315000,
    "link": null,
    "finalLink": null
  },
  {
    "date": "2014-12-31",
    "symbol": "RVTY",
    "reportedCurrency": "USD",
    "cik": "0000031791",
    "fillingDate": "2014-12-31",
    "acceptedDate": "2014-12-31 00:00:00",
    "calendarYear": "2014",
    "period": "FY",
    "revenue": 2237219000,
    "costOfRevenue": 1266211000,
    "grossProfit": 971008000,
    "grossProfitRatio": 0.4340245635,
    "researchAndDevelopmentExpenses": 120541000,
    "generalAndAdministrativeExpenses": 0,
    "sellingAndMarketingExpenses": 0,
    "sellingGeneralAndAdministrativeExpenses": 619974000,
    "otherExpenses": 0,
    "operatingExpenses": 740515000,
    "costAndExpenses": 2006726000,
    "interestIncome": 667000,
    "interestExpense": 36270000,
    "depreciationAndAmortization": 116736000,
    "ebitda": 322609000,
    "ebitdaratio": 0.144200903,
    "operatingIncome": 230493000,
    "operatingIncomeRatio": 0.10302657,
    "totalOtherIncomeExpensesNet": -60890000,
    "incomeBeforeTax": 169603000,
    "incomeBeforeTaxRatio": 0.0758097442,
    "incomeTaxExpense": 8437000,
    "netIncome": 158038000,
    "netIncomeRatio": 0.0706403799,
    "eps": 1.4036,
    "epsdiluted": 1.3895,
    "weightedAverageShsOut": 112593000,
    "weightedAverageShsOutDil": 113739000,
    "link": null,
    "finalLink": null
  },
  {
    "date": "2013-12-31",
    "symbol": "RVTY",
    "reportedCurrency": "USD",
    "cik": "0000031791",
    "fillingDate": "2013-12-31",
    "acceptedDate": "2013-12-31 00:00:00",
    "calendarYear": "2013",
    "period": "FY",
    "revenue": 2166232000,
    "costOfRevenue": 1226258000,
    "grossProfit": 939974000,
    "grossProfitRatio": 0.4339212051,
    "researchAndDevelopmentExpenses": 132523000,
    "generalAndAdministrativeExpenses": 0,
    "sellingAndMarketingExpenses": 0,
    "sellingGeneralAndAdministrativeExpenses": 548694000,
    "otherExpenses": 0,
    "operatingExpenses": 681217000,
    "costAndExpenses": 1907475000,
    "interestIncome": 650000,
    "interestExpense": 49924000,
    "depreciationAndAmortization": 128471000,
    "ebitda": 331727000,
    "ebitdaratio": 0.1531354906,
    "operatingIncome": 258757000,
    "operatingIncomeRatio": 0.1194502713,
    "totalOtherIncomeExpensesNet": -105425000,
    "incomeBeforeTax": 153332000,
    "incomeBeforeTaxRatio": 0.0707828155,
    "incomeTaxExpense": -14592000,
    "netIncome": 167924000,
    "netIncomeRatio": 0.0775189361,
    "eps": 1.4959,
    "epsdiluted": 1.4795,
    "weightedAverageShsOut": 112254000,
    "weightedAverageShsOutDil": 113503000,
    "link": null,
    "finalLink": null
  },
  {
    "date": "2012-12-31",
    "symbol": "RVTY",
    "reportedCurrency": "USD",
    "cik": "0000031791",
    "fillingDate": "2012-12-31",
    "acceptedDate": "2012-12-31 00:00:00",
    "calendarYear": "2012",
    "period": "FY",
    "revenue": 2115205000,
    "costOfRevenue": 1191399000,
    "grossProfit": 923806000,
    "grossProfitRatio": 0.4367453746,
    "researchAndDevelopmentExpenses": 132139000,
    "generalAndAdministrativeExpenses": 0,
    "sellingAndMarketingExpenses": 0,
    "sellingGeneralAndAdministrativeExpenses": 590886000,
    "otherExpenses": 0,
    "operatingExpenses": 723025000,
    "costAndExpenses": 1914424000,
    "interestIncome": 747000,
    "interestExpense": 45787000,
    "depreciationAndAmortization": 126865000,
    "ebitda": 223239000,
    "ebitdaratio": 0.105540125,
    "operatingIncome": 200781000,
    "operatingIncomeRatio": 0.0949227143,
    "totalOtherIncomeExpensesNet": -150194000,
    "incomeBeforeTax": 50587000,
    "incomeBeforeTaxRatio": 0.0239158852,
    "incomeTaxExpense": -17854000,
    "netIncome": 68441000,
    "netIncomeRatio": 0.0323566746,
    "eps": 0.6018,
    "epsdiluted": 0.5959,
    "weightedAverageShsOut": 113728000,
    "weightedAverageShsOutDil": 114860000,
    "link": null,
    "finalLink": null
  },
  {
    "date": "2011-12-31",
    "symbol": "RVTY",
    "reportedCurrency": "USD",
    "cik": "0000031791",
    "fillingDate": "2011-12-31",
    "acceptedDate": "2011-12-31 00:00:00",
    "calendarYear": "2011",
    "period": "FY",
    "revenue": 1921287000,
    "costOfRevenue": 1097308000,
    "grossProfit": 823979000,
    "grossProfitRatio": 0.4288682534,
    "researchAndDevelopmentExpenses": 115121000,
    "generalAndAdministrativeExpenses": 0,
    "sellingAndMarketingExpenses": 0,
    "sellingGeneralAndAdministrativeExpenses": 590916000,
    "otherExpenses": 0,
    "operatingExpenses": 706037000,
    "costAndExpenses": 1803345000,
    "interestIncome": 1884000,
    "interestExpense": 24783000,
    "depreciationAndAmortization": 110921000,
    "ebitda": 200058000,
    "ebitdaratio": 0.1041270773,
    "operatingIncome": 117942000,
    "operatingIncomeRatio": 0.0613869765,
    "totalOtherIncomeExpensesNet": -53588000,
    "incomeBeforeTax": 64354000,
    "incomeBeforeTaxRatio": 0.033495256,
    "incomeTaxExpense": 63182000,
    "netIncome": 1172000,
    "netIncomeRatio": 0.0006100078,
    "eps": 0.0104,
    "epsdiluted": 0.0103,
    "weightedAverageShsOut": 112976000,
    "weightedAverageShsOutDil": 113864000,
    "link": null,
    "finalLink": null
  },
  {
    "date": "2010-12-31",
    "symbol": "RVTY",
    "reportedCurrency": "USD",
    "cik": "0000031791",
    "fillingDate": "2010-12-31",
    "acceptedDate": "2010-12-31 00:00:00",
    "calendarYear": "2010",
    "period": "FY",
    "revenue": 1704346000,
    "costOfRevenue": 963915000,
    "grossProfit": 740431000,
    "grossProfitRatio": 0.4344370216,
    "researchAndDevelopmentExpenses": 93809000,
    "generalAndAdministrativeExpenses": 0,
    "sellingAndMarketingExpenses": 0,
    "sellingGeneralAndAdministrativeExpenses": 473861000,
    "otherExpenses": 0,
    "operatingExpenses": 567670000,
    "costAndExpenses": 1531585000,
    "interestIncome": 832000,
    "interestExpense": 15891000,
    "depreciationAndAmortization": 89163000,
    "ebitda": 267038000,
    "ebitdaratio": 0.1566806271,
    "operatingIncome": 172761000,
    "operatingIncomeRatio": 0.1013649811,
    "totalOtherIncomeExpensesNet": -10777000,
    "incomeBeforeTax": 161984000,
    "incomeBeforeTaxRatio": 0.0950417345,
    "incomeTaxExpense": 26062000,
    "netIncome": 383919000,
    "netIncomeRatio": 0.2252588383,
    "eps": 3.28,
    "epsdiluted": 3.25,
    "weightedAverageShsOut": 117109000,
    "weightedAverageShsOutDil": 117982000,
    "link": null,
    "finalLink": null
  },
  {
    "date": "2009-12-31",
    "symbol": "RVTY",
    "reportedCurrency": "USD",
    "cik": "0000031791",
    "fillingDate": "2009-12-31",
    "acceptedDate": "2009-12-31 00:00:00",
    "calendarYear": "2009",
    "period": "FY",
    "revenue": 1550766000,
    "costOfRevenue": 851784000,
    "grossProfit": 698982000,
    "grossProfitRatio": 0.4507333795,
    "researchAndDevelopmentExpenses": 90781000,
    "generalAndAdministrativeExpenses": 0,
    "sellingAndMarketingExpenses": 0,
    "sellingGeneralAndAdministrativeExpenses": 468106000,
    "otherExpenses": 0,
    "operatingExpenses": 558887000,
    "costAndExpenses": 1410671000,
    "interestIncome": 1034999,
    "interestExpense": 17156000,
    "depreciationAndAmortization": 80762000,
    "ebitda": 200905000,
    "ebitdaratio": 0.1295521052,
    "operatingIncome": 140095000,
    "operatingIncomeRatio": 0.0903392259,
    "totalOtherIncomeExpensesNet": -33960000,
    "incomeBeforeTax": 106135000,
    "incomeBeforeTaxRatio": 0.0684403708,
    "incomeTaxExpense": 31800000,
    "netIncome": 85599000,
    "netIncomeRatio": 0.0551978829,
    "eps": 0.74,
    "epsdiluted": 0.73,
    "weightedAverageShsOut": 116250000,
    "weightedAverageShsOutDil": 116590000,
    "link": null,
    "finalLink": null
  },
  {
    "date": "2008-12-31",
    "symbol": "RVTY",
    "reportedCurrency": "USD",
    "cik": "0000031791",
    "fillingDate": "2008-12-31",
    "acceptedDate": "2008-12-31 00:00:00",
    "calendarYear": "2008",
    "period": "FY",
    "revenue": 1959991000,
    "costOfRevenue": 1124921000,
    "grossProfit": 835070000,
    "grossProfitRatio": 0.4260580788,
    "researchAndDevelopmentExpenses": 108943000,
    "generalAndAdministrativeExpenses": 0,
    "sellingAndMarketingExpenses": 0,
    "sellingGeneralAndAdministrativeExpenses": 524816000,
    "otherExpenses": 0,
    "operatingExpenses": 633759000,
    "costAndExpenses": 1758680000,
    "interestIncome": 4022999,
    "interestExpense": 82135000,
    "depreciationAndAmortization": 88613000,
    "ebitda": 262648000,
    "ebitdaratio": 0.134004697,
    "operatingIncome": 201311000,
    "operatingIncomeRatio": 0.1027101655,
    "totalOtherIncomeExpensesNet": -52498000,
    "incomeBeforeTax": 148813000,
    "incomeBeforeTaxRatio": 0.0759253486,
    "incomeTaxExpense": 21040000,
    "netIncome": 128406000,
    "netIncomeRatio": 0.0655135661,
    "eps": 1.07,
    "epsdiluted": 1.06,
    "weightedAverageShsOut": 117659000,
    "weightedAverageShsOutDil": 118687000,
    "link": null,
    "finalLink": null
  },
  {
    "date": "2007-12-31",
    "symbol": "RVTY",
    "reportedCurrency": "USD",
    "cik": "0000031791",
    "fillingDate": "2007-12-31",
    "acceptedDate": "2007-12-31 00:00:00",
    "calendarYear": "2007",
    "period": "FY",
    "revenue": 1787331000,
    "costOfRevenue": 1072191000,
    "grossProfit": 715140000,
    "grossProfitRatio": 0.4001161508,
    "researchAndDevelopmentExpenses": 109919000,
    "generalAndAdministrativeExpenses": 0,
    "sellingAndMarketingExpenses": 0,
    "sellingGeneralAndAdministrativeExpenses": 430570000,
    "otherExpenses": 0,
    "operatingExpenses": 540489000,
    "costAndExpenses": 1612680000,
    "interestIncome": 4688000,
    "interestExpense": 41697000,
    "depreciationAndAmortization": 77997000,
    "ebitda": 244611000,
    "ebitdaratio": 0.136858254,
    "operatingIncome": 174651000,
    "operatingIncomeRatio": 0.0977160918,
    "totalOtherIncomeExpensesNet": -23362000,
    "incomeBeforeTax": 151289000,
    "incomeBeforeTaxRatio": 0.0846452056,
    "incomeTaxExpense": 17455000,
    "netIncome": 132918000,
    "netIncomeRatio": 0.0743667513,
    "eps": 1.1178,
    "epsdiluted": 1.1021,
    "weightedAverageShsOut": 118916000,
    "weightedAverageShsOutDil": 120812844,
    "link": null,
    "finalLink": null
  },
  {
    "date": "2006-12-31",
    "symbol": "RVTY",
    "reportedCurrency": "USD",
    "cik": "0000031791",
    "fillingDate": "2006-12-31",
    "acceptedDate": "2006-12-31 00:00:00",
    "calendarYear": "2006",
    "period": "FY",
    "revenue": 1546358000,
    "costOfRevenue": 922887000,
    "grossProfit": 623471000,
    "grossProfitRatio": 0.4031867136,
    "researchAndDevelopmentExpenses": 98119000,
    "generalAndAdministrativeExpenses": 0,
    "sellingAndMarketingExpenses": 0,
    "sellingGeneralAndAdministrativeExpenses": 373849000,
    "otherExpenses": 0,
    "operatingExpenses": 471968000,
    "costAndExpenses": 1394855000,
    "interestIncome": 9390000,
    "interestExpense": 0,
    "depreciationAndAmortization": 69184000,
    "ebitda": 229077000,
    "ebitdaratio": 0.1481396934,
    "operatingIncome": 151503000,
    "operatingIncomeRatio": 0.0979740784,
    "totalOtherIncomeExpensesNet": -767000,
    "incomeBeforeTax": 150736000,
    "incomeBeforeTaxRatio": 0.0974780743,
    "incomeTaxExpense": 32412000,
    "netIncome": 117150000,
    "netIncomeRatio": 0.0757586536,
    "eps": 0.9357,
    "epsdiluted": 0.926,
    "weightedAverageShsOut": 125203000,
    "weightedAverageShsOutDil": 125876842,
    "link": null,
    "finalLink": null
  },
  {
    "date": "2005-12-31",
    "symbol": "RVTY",
    "reportedCurrency": "USD",
    "cik": "0000031791",
    "fillingDate": "2005-12-31",
    "acceptedDate": "2005-12-31 00:00:00",
    "calendarYear": "2005",
    "period": "FY",
    "revenue": 1473831000,
    "costOfRevenue": 859295000,
    "grossProfit": 614536000,
    "grossProfitRatio": 0.4169650387,
    "researchAndDevelopmentExpenses": 87371000,
    "generalAndAdministrativeExpenses": 0,
    "sellingAndMarketingExpenses": 0,
    "sellingGeneralAndAdministrativeExpenses": 365457000,
    "otherExpenses": 0,
    "operatingExpenses": 452828000,
    "costAndExpenses": 1312123000,
    "interestIncome": 3321000,
    "interestExpense": 0,
    "depreciationAndAmortization": 66998000,
    "ebitda": 160949000,
    "ebitdaratio": 0.1092045153,
    "operatingIncome": 161708000,
    "operatingIncomeRatio": 0.1097194997,
    "totalOtherIncomeExpensesNet": -95048000,
    "incomeBeforeTax": 66660000,
    "incomeBeforeTaxRatio": 0.0452290663,
    "incomeTaxExpense": 128000,
    "netIncome": 81746000,
    "netIncomeRatio": 0.0554649753,
    "eps": 0.6324,
    "epsdiluted": 0.6234,
    "weightedAverageShsOut": 129267000,
    "weightedAverageShsOutDil": 131425490,
    "link": null,
    "finalLink": null
  },
  {
    "date": "2004-12-31",
    "symbol": "RVTY",
    "reportedCurrency": "USD",
    "cik": "0000031791",
    "fillingDate": "2004-12-31",
    "acceptedDate": "2004-12-31 00:00:00",
    "calendarYear": "2004",
    "period": "FY",
    "revenue": 1429089000,
    "costOfRevenue": 846326000,
    "grossProfit": 582763000,
    "grossProfitRatio": 0.407786359,
    "researchAndDevelopmentExpenses": 82356000,
    "generalAndAdministrativeExpenses": 0,
    "sellingAndMarketingExpenses": 0,
    "sellingGeneralAndAdministrativeExpenses": 362322000,
    "otherExpenses": 0,
    "operatingExpenses": 444678000,
    "costAndExpenses": 1291004000,
    "interestIncome": 2401000,
    "interestExpense": 47706000,
    "depreciationAndAmortization": 67599000,
    "ebitda": 203146000,
    "ebitdaratio": 0.1421506988,
    "operatingIncome": 138085000,
    "operatingIncomeRatio": 0.0966244929,
    "totalOtherIncomeExpensesNet": -38741000,
    "incomeBeforeTax": 99344000,
    "incomeBeforeTaxRatio": 0.0695156145,
    "incomeTaxExpense": 23465000,
    "netIncome": 75879000,
    "netIncomeRatio": 0.0530960633,
    "eps": 0.6,
    "epsdiluted": 0.58,
    "weightedAverageShsOut": 127345000,
    "weightedAverageShsOutDil": 129787838,
    "link": null,
    "finalLink": null
  },
  {
    "date": "2003-12-31",
    "symbol": "RVTY",
    "reportedCurrency": "USD",
    "cik": "0000031791",
    "fillingDate": "2003-12-31",
    "acceptedDate": "2003-12-31 00:00:00",
    "calendarYear": "2003",
    "period": "FY",
    "revenue": 1535222000,
    "costOfRevenue": 906269000,
    "grossProfit": 628953000,
    "grossProfitRatio": 0.4096821176,
    "researchAndDevelopmentExpenses": 83145000,
    "generalAndAdministrativeExpenses": 0,
    "sellingAndMarketingExpenses": 0,
    "sellingGeneralAndAdministrativeExpenses": 386404000,
    "otherExpenses": 25672000,
    "operatingExpenses": 495221000,
    "costAndExpenses": 1401490000,
    "interestIncome": 0,
    "interestExpense": 105076000,
    "depreciationAndAmortization": 89781000,
    "ebitda": 223513000,
    "ebitdaratio": 0.1455900189,
    "operatingIncome": 183906000,
    "operatingIncomeRatio": 0.1197911442,
    "totalOtherIncomeExpensesNet": -56387000,
    "incomeBeforeTax": 80884000,
    "incomeBeforeTaxRatio": 0.0526855399,
    "incomeTaxExpense": 25871000,
    "netIncome": 52959000,
    "netIncomeRatio": 0.0344959882,
    "eps": 0.42,
    "epsdiluted": 0.41,
    "weightedAverageShsOut": 126092857,
    "weightedAverageShsOutDil": 129168293,
    "link": null,
    "finalLink": null
  },
  {
    "date": "2002-12-31",
    "symbol": "RVTY",
    "reportedCurrency": "USD",
    "cik": "0000031791",
    "fillingDate": "2002-12-31",
    "acceptedDate": "2002-12-31 00:00:00",
    "calendarYear": "2002",
    "period": "FY",
    "revenue": 1504981000,
    "costOfRevenue": 904100000,
    "grossProfit": 600881000,
    "grossProfitRatio": 0.3992615189,
    "researchAndDevelopmentExpenses": 86451000,
    "generalAndAdministrativeExpenses": 0,
    "sellingAndMarketingExpenses": 0,
    "sellingGeneralAndAdministrativeExpenses": 431304000,
    "otherExpenses": 23110000,
    "operatingExpenses": 540865000,
    "costAndExpenses": 1444965000,
    "interestIncome": 0,
    "interestExpense": 279719000,
    "depreciationAndAmortization": 96111000,
    "ebitda": 156127000,
    "ebitdaratio": 0.1037401801,
    "operatingIncome": 123366000,
    "operatingIncomeRatio": 0.081971799,
    "totalOtherIncomeExpensesNet": -32868000,
    "incomeBeforeTax": -8550000,
    "incomeBeforeTaxRatio": -0.0056811348,
    "incomeTaxExpense": -4415000,
    "netIncome": -4135000,
    "netIncomeRatio": -0.002747543,
    "eps": -0.0329,
    "epsdiluted": -0.0329,
    "weightedAverageShsOut": 125568595,
    "weightedAverageShsOutDil": 125568595,
    "link": null,
    "finalLink": null
  },
  {
    "date": "2001-12-31",
    "symbol": "RVTY",
    "reportedCurrency": "USD",
    "cik": "0000031791",
    "fillingDate": "2001-12-31",
    "acceptedDate": "2001-12-31 00:00:00",
    "calendarYear": "2001",
    "period": "FY",
    "revenue": 1330054000,
    "costOfRevenue": 721725000,
    "grossProfit": 608329000,
    "grossProfitRatio": 0.4573716556,
    "researchAndDevelopmentExpenses": 81315000,
    "generalAndAdministrativeExpenses": 0,
    "sellingAndMarketingExpenses": 0,
    "sellingGeneralAndAdministrativeExpenses": 411145000,
    "otherExpenses": 0,
    "operatingExpenses": 492460000,
    "costAndExpenses": 1214185000,
    "interestIncome": 0,
    "interestExpense": 128305000,
    "depreciationAndAmortization": 84259000,
    "ebitda": 200128000,
    "ebitdaratio": 0.1504660713,
    "operatingIncome": 197584000,
    "operatingIncomeRatio": 0.148553367,
    "totalOtherIncomeExpensesNet": -163430000,
    "incomeBeforeTax": 34154000,
    "incomeBeforeTaxRatio": 0.0256786567,
    "incomeTaxExpense": 34774000,
    "netIncome": -620000,
    "netIncomeRatio": -0.0004661465,
    "eps": -0.0059,
    "epsdiluted": -0.0057,
    "weightedAverageShsOut": 104560606,
    "weightedAverageShsOutDil": 107828125,
    "link": null,
    "finalLink": null
  },
  {
    "date": "2000-12-31",
    "symbol": "RVTY",
    "reportedCurrency": "USD",
    "cik": "0000031791",
    "fillingDate": "2000-12-31",
    "acceptedDate": "2000-12-31 00:00:00",
    "calendarYear": "2000",
    "period": "FY",
    "revenue": 1695267000,
    "costOfRevenue": 918427000,
    "grossProfit": 776840000,
    "grossProfitRatio": 0.4582405013,
    "researchAndDevelopmentExpenses": 86117000,
    "generalAndAdministrativeExpenses": 0,
    "sellingAndMarketingExpenses": 0,
    "sellingGeneralAndAdministrativeExpenses": 418979000,
    "otherExpenses": 87715000,
    "operatingExpenses": 592811000,
    "costAndExpenses": 1511238000,
    "interestIncome": 0,
    "interestExpense": 74627000,
    "depreciationAndAmortization": 127255000,
    "ebitda": 311284000,
    "ebitdaratio": 0.1836194535,
    "operatingIncome": 184029000,
    "operatingIncomeRatio": 0.1085545817,
    "totalOtherIncomeExpensesNet": -39540000,
    "incomeBeforeTax": 144489000,
    "incomeBeforeTaxRatio": 0.085230822,
    "incomeTaxExpense": 58422000,
    "netIncome": 90520000,
    "netIncomeRatio": 0.0533957188,
    "eps": 0.92,
    "epsdiluted": 0.89,
    "weightedAverageShsOut": 98391304,
    "weightedAverageShsOutDil": 101707865,
    "link": null,
    "finalLink": null
  },
  {
    "date": "1999-12-31",
    "symbol": "RVTY",
    "reportedCurrency": "USD",
    "cik": "0000031791",
    "fillingDate": "1999-12-31",
    "acceptedDate": "1999-12-31 00:00:00",
    "calendarYear": "1999",
    "period": "FY",
    "revenue": 1363100000,
    "costOfRevenue": 787300000,
    "grossProfit": 575800000,
    "grossProfitRatio": 0.422419485,
    "researchAndDevelopmentExpenses": 71200000,
    "generalAndAdministrativeExpenses": 0,
    "sellingAndMarketingExpenses": 0,
    "sellingGeneralAndAdministrativeExpenses": 327100000,
    "otherExpenses": 66100000,
    "operatingExpenses": 464400000,
    "costAndExpenses": 1251700000,
    "interestIncome": 0,
    "interestExpense": 7000000,
    "depreciationAndAmortization": 66100000,
    "ebitda": 177500000,
    "ebitdaratio": 0.1302178857,
    "operatingIncome": 104400000,
    "operatingIncomeRatio": 0.0765901254,
    "totalOtherIncomeExpensesNet": -66500000,
    "incomeBeforeTax": 44900000,
    "incomeBeforeTaxRatio": 0.0329396229,
    "incomeTaxExpense": 16500000,
    "netIncome": 28400000,
    "netIncomeRatio": 0.0208348617,
    "eps": 0.31,
    "epsdiluted": 0.31,
    "weightedAverageShsOut": 91301775,
    "weightedAverageShsOutDil": 91301775,
    "link": null,
    "finalLink": null
  },
  {
    "date": "1998-12-31",
    "symbol": "RVTY",
    "reportedCurrency": "USD",
    "cik": "0000031791",
    "fillingDate": "1998-12-31",
    "acceptedDate": "1998-12-31 00:00:00",
    "calendarYear": "1998",
    "period": "FY",
    "revenue": 1407900000,
    "costOfRevenue": 991300000,
    "grossProfit": 416600000,
    "grossProfitRatio": 0.2959016976,
    "researchAndDevelopmentExpenses": 46000000,
    "generalAndAdministrativeExpenses": 0,
    "sellingAndMarketingExpenses": 0,
    "sellingGeneralAndAdministrativeExpenses": 226300000,
    "otherExpenses": 50400000,
    "operatingExpenses": 322700000,
    "costAndExpenses": 1314000000,
    "interestIncome": 0,
    "interestExpense": 0,
    "depreciationAndAmortization": 50400000,
    "ebitda": 82100000,
    "ebitdaratio": 0.0583138007,
    "operatingIncome": 31700000,
    "operatingIncomeRatio": 0.0225158037,
    "totalOtherIncomeExpensesNet": 124300000,
    "incomeBeforeTax": 156000000,
    "incomeBeforeTaxRatio": 0.1108033241,
    "incomeTaxExpense": 54000000,
    "netIncome": 102000000,
    "netIncomeRatio": 0.0724483273,
    "eps": 1.13,
    "epsdiluted": 1.11,
    "weightedAverageShsOut": 90265487,
    "weightedAverageShsOutDil": 91891892,
    "link": null,
    "finalLink": null
  },
  {
    "date": "1997-12-31",
    "symbol": "RVTY",
    "reportedCurrency": "USD",
    "cik": "0000031791",
    "fillingDate": "1997-12-31",
    "acceptedDate": "1997-12-31 00:00:00",
    "calendarYear": "1997",
    "period": "FY",
    "revenue": 1460800000,
    "costOfRevenue": 1040100000,
    "grossProfit": 420700000,
    "grossProfitRatio": 0.2879928806,
    "researchAndDevelopmentExpenses": 44900000,
    "generalAndAdministrativeExpenses": 0,
    "sellingAndMarketingExpenses": 0,
    "sellingGeneralAndAdministrativeExpenses": 243400000,
    "otherExpenses": 44600000,
    "operatingExpenses": 332900000,
    "costAndExpenses": 1373000000,
    "interestIncome": 0,
    "interestExpense": 64600000,
    "depreciationAndAmortization": 44600000,
    "ebitda": 166200000,
    "ebitdaratio": 0.1137732749,
    "operatingIncome": 121600000,
    "operatingIncomeRatio": 0.0832420591,
    "totalOtherIncomeExpensesNet": -35800000,
    "incomeBeforeTax": 54000000,
    "incomeBeforeTaxRatio": 0.036966046,
    "incomeTaxExpense": 23400000,
    "netIncome": 33700000,
    "netIncomeRatio": 0.0230695509,
    "eps": 0.37,
    "epsdiluted": 0.37,
    "weightedAverageShsOut": 91081081,
    "weightedAverageShsOutDil": 91081081,
    "link": null,
    "finalLink": null
  },
  {
    "date": "1996-12-31",
    "symbol": "RVTY",
    "reportedCurrency": "USD",
    "cik": "0000031791",
    "fillingDate": "1996-12-31",
    "acceptedDate": "1996-12-31 00:00:00",
    "calendarYear": "1996",
    "period": "FY",
    "revenue": 1427300000,
    "costOfRevenue": 1007800000,
    "grossProfit": 419500000,
    "grossProfitRatio": 0.2939115813,
    "researchAndDevelopmentExpenses": 0,
    "generalAndAdministrativeExpenses": 0,
    "sellingAndMarketingExpenses": 0,
    "sellingGeneralAndAdministrativeExpenses": 290900000,
    "otherExpenses": 40900000,
    "operatingExpenses": 331800000,
    "costAndExpenses": 1339600000,
    "interestIncome": 0,
    "interestExpense": 8900000,
    "depreciationAndAmortization": 48200000,
    "ebitda": 135900000,
    "ebitdaratio": 0.0952147411,
    "operatingIncome": 87700000,
    "operatingIncomeRatio": 0.0614446858,
    "totalOtherIncomeExpensesNet": -7300000,
    "incomeBeforeTax": 80400000,
    "incomeBeforeTaxRatio": 0.0563301338,
    "incomeTaxExpense": 25900000,
    "netIncome": 60200000,
    "netIncomeRatio": 0.042177538,
    "eps": 0.64,
    "epsdiluted": 0.64,
    "weightedAverageShsOut": 94803150,
    "weightedAverageShsOutDil": 94803150,
    "link": null,
    "finalLink": null
  },
  {
    "date": "1995-12-31",
    "symbol": "RVTY",
    "reportedCurrency": "USD",
    "cik": "0000031791",
    "fillingDate": "1995-12-31",
    "acceptedDate": "1995-12-31 00:00:00",
    "calendarYear": "1995",
    "period": "FY",
    "revenue": 1419600000,
    "costOfRevenue": 1012600000,
    "grossProfit": 407000000,
    "grossProfitRatio": 0.286700479,
    "researchAndDevelopmentExpenses": 0,
    "generalAndAdministrativeExpenses": 0,
    "sellingAndMarketingExpenses": 0,
    "sellingGeneralAndAdministrativeExpenses": 284900000,
    "otherExpenses": 39400000,
    "operatingExpenses": 324300000,
    "costAndExpenses": 1336900000,
    "interestIncome": 0,
    "interestExpense": 0,
    "depreciationAndAmortization": 36000000,
    "ebitda": 118700000,
    "ebitdaratio": 0.0836151028,
    "operatingIncome": 82700000,
    "operatingIncomeRatio": 0.0582558467,
    "totalOtherIncomeExpensesNet": 3400000,
    "incomeBeforeTax": 86100000,
    "incomeBeforeTaxRatio": 0.0606508876,
    "incomeTaxExpense": 31800000,
    "netIncome": 54300000,
    "netIncomeRatio": 0.0382502113,
    "eps": 0.53,
    "epsdiluted": 0.51,
    "weightedAverageShsOut": 103030303,
    "weightedAverageShsOutDil": 105977011,
    "link": null,
    "finalLink": null
  },
  {
    "date": "1994-12-31",
    "symbol": "RVTY",
    "reportedCurrency": "USD",
    "cik": "0000031791",
    "fillingDate": "1994-12-31",
    "acceptedDate": "1994-12-31 00:00:00",
    "calendarYear": "1994",
    "period": "FY",
    "revenue": 1332600000,
    "costOfRevenue": 957800000,
    "grossProfit": 374800000,
    "grossProfitRatio": 0.2812546901,
    "researchAndDevelopmentExpenses": 0,
    "generalAndAdministrativeExpenses": 0,
    "sellingAndMarketingExpenses": 0,
    "sellingGeneralAndAdministrativeExpenses": 278200000,
    "otherExpenses": 36800000,
    "operatingExpenses": 315000000,
    "costAndExpenses": 1272800000,
    "interestIncome": 0,
    "interestExpense": 121800000,
    "depreciationAndAmortization": 36800000,
    "ebitda": 168000000,
    "ebitdaratio": 0.1260693381,
    "operatingIncome": 131200000,
    "operatingIncomeRatio": 0.0984541498,
    "totalOtherIncomeExpensesNet": -76900000,
    "incomeBeforeTax": -17100000,
    "incomeBeforeTaxRatio": -0.0128320576,
    "incomeTaxExpense": 15000000,
    "netIncome": -32100000,
    "netIncomeRatio": -0.0240882485,
    "eps": -0.29,
    "epsdiluted": -0.29,
    "weightedAverageShsOut": 112000000,
    "weightedAverageShsOutDil": 112000000,
    "link": null,
    "finalLink": null
  },
  {
    "date": "1993-12-31",
    "symbol": "RVTY",
    "reportedCurrency": "USD",
    "cik": "0000031791",
    "fillingDate": "1993-12-31",
    "acceptedDate": "1993-12-31 00:00:00",
    "calendarYear": "1993",
    "period": "FY",
    "revenue": 2697900000,
    "costOfRevenue": 2304700000,
    "grossProfit": 393200000,
    "grossProfitRatio": 0.1457429853,
    "researchAndDevelopmentExpenses": 0,
    "generalAndAdministrativeExpenses": 0,
    "sellingAndMarketingExpenses": 0,
    "sellingGeneralAndAdministrativeExpenses": 234600000,
    "otherExpenses": 37800000,
    "operatingExpenses": 272400000,
    "costAndExpenses": 2577100000,
    "interestIncome": 0,
    "interestExpense": 12100000,
    "depreciationAndAmortization": 30500000,
    "ebitda": 151300000,
    "ebitdaratio": 0.0560806553,
    "operatingIncome": 120800000,
    "operatingIncomeRatio": 0.0447755662,
    "totalOtherIncomeExpensesNet": 1100000,
    "incomeBeforeTax": 121900000,
    "incomeBeforeTaxRatio": 0.0451832907,
    "incomeTaxExpense": 42300000,
    "netIncome": 79600000,
    "netIncomeRatio": 0.0295044294,
    "eps": 0.71,
    "epsdiluted": 0.71,
    "weightedAverageShsOut": 112571429,
    "weightedAverageShsOutDil": 112571429,
    "link": null,
    "finalLink": null
  },
  {
    "date": "1992-12-31",
    "symbol": "RVTY",
    "reportedCurrency": "USD",
    "cik": "0000031791",
    "fillingDate": "1992-12-31",
    "acceptedDate": "1992-12-31 00:00:00",
    "calendarYear": "1992",
    "period": "FY",
    "revenue": 2788800000,
    "costOfRevenue": 2387300000,
    "grossProfit": 401500000,
    "grossProfitRatio": 0.1439687321,
    "researchAndDevelopmentExpenses": 0,
    "generalAndAdministrativeExpenses": 0,
    "sellingAndMarketingExpenses": 0,
    "sellingGeneralAndAdministrativeExpenses": 242000000,
    "otherExpenses": 36300000,
    "operatingExpenses": 278300000,
    "costAndExpenses": 2665600000,
    "interestIncome": 0,
    "interestExpense": 0,
    "depreciationAndAmortization": 31100000,
    "ebitda": 154300000,
    "ebitdaratio": 0.0553284567,
    "operatingIncome": 123200000,
    "operatingIncomeRatio": 0.0441767068,
    "totalOtherIncomeExpensesNet": -2100000,
    "incomeBeforeTax": 121100000,
    "incomeBeforeTaxRatio": 0.0434236948,
    "incomeTaxExpense": 33300000,
    "netIncome": 87800000,
    "netIncomeRatio": 0.0314830752,
    "eps": 0.78,
    "epsdiluted": 0.78,
    "weightedAverageShsOut": 112564103,
    "weightedAverageShsOutDil": 112564103,
    "link": null,
    "finalLink": null
  },
  {
    "date": "1991-12-31",
    "symbol": "RVTY",
    "reportedCurrency": "USD",
    "cik": "0000031791",
    "fillingDate": "1991-12-31",
    "acceptedDate": "1991-12-31 00:00:00",
    "calendarYear": "1991",
    "period": "FY",
    "revenue": 2688500000,
    "costOfRevenue": 2306500000,
    "grossProfit": 382000000,
    "grossProfitRatio": 0.1420866654,
    "researchAndDevelopmentExpenses": 0,
    "generalAndAdministrativeExpenses": 0,
    "sellingAndMarketingExpenses": 0,
    "sellingGeneralAndAdministrativeExpenses": 223100000,
    "otherExpenses": 33700000,
    "operatingExpenses": 256800000,
    "costAndExpenses": 2563300000,
    "interestIncome": 0,
    "interestExpense": 900000,
    "depreciationAndAmortization": 29700000,
    "ebitda": 154900000,
    "ebitdaratio": 0.0576157709,
    "operatingIncome": 125200000,
    "operatingIncomeRatio": 0.0465687186,
    "totalOtherIncomeExpensesNet": -4900000,
    "incomeBeforeTax": 120300000,
    "incomeBeforeTaxRatio": 0.044746141,
    "incomeTaxExpense": 39100000,
    "netIncome": 81200000,
    "netIncomeRatio": 0.0302027153,
    "eps": 0.73,
    "epsdiluted": 0.73,
    "weightedAverageShsOut": 111232877,
    "weightedAverageShsOutDil": 111232877,
    "link": null,
    "finalLink": null
  },
  {
    "date": "1990-12-31",
    "symbol": "RVTY",
    "reportedCurrency": "USD",
    "cik": "0000031791",
    "fillingDate": "1990-12-31",
    "acceptedDate": "1990-12-31 00:00:00",
    "calendarYear": "1990",
    "period": "FY",
    "revenue": 2474300000,
    "costOfRevenue": 2140800000,
    "grossProfit": 333500000,
    "grossProfitRatio": 0.1347855959,
    "researchAndDevelopmentExpenses": 0,
    "generalAndAdministrativeExpenses": 0,
    "sellingAndMarketingExpenses": 0,
    "sellingGeneralAndAdministrativeExpenses": 195900000,
    "otherExpenses": 29900000,
    "operatingExpenses": 225800000,
    "costAndExpenses": 2366600000,
    "interestIncome": 0,
    "interestExpense": 0,
    "depreciationAndAmortization": 19900000,
    "ebitda": 127600000,
    "ebitdaratio": 0.051570141,
    "operatingIncome": 107700000,
    "operatingIncomeRatio": 0.0435274623,
    "totalOtherIncomeExpensesNet": -500000,
    "incomeBeforeTax": 107200000,
    "incomeBeforeTaxRatio": 0.043325385,
    "incomeTaxExpense": 33200000,
    "netIncome": 74000000,
    "netIncomeRatio": 0.0299074486,
    "eps": 0.65,
    "epsdiluted": 0.65,
    "weightedAverageShsOut": 113846154,
    "weightedAverageShsOutDil": 113846154,
    "link": null,
    "finalLink": null
  },
  {
    "date": "1989-12-31",
    "symbol": "RVTY",
    "reportedCurrency": "USD",
    "cik": "0000031791",
    "fillingDate": "1989-12-31",
    "acceptedDate": "1989-12-31 00:00:00",
    "calendarYear": "1989",
    "period": "FY",
    "revenue": 1650200000,
    "costOfRevenue": 1346400000,
    "grossProfit": 303800000,
    "grossProfitRatio": 0.1840988971,
    "researchAndDevelopmentExpenses": 0,
    "generalAndAdministrativeExpenses": 0,
    "sellingAndMarketingExpenses": 0,
    "sellingGeneralAndAdministrativeExpenses": 179900000,
    "otherExpenses": 25500000,
    "operatingExpenses": 205400000,
    "costAndExpenses": 1551800000,
    "interestIncome": 0,
    "interestExpense": 0,
    "depreciationAndAmortization": 15000000,
    "ebitda": 113400000,
    "ebitdaratio": 0.0687189432,
    "operatingIncome": 98400000,
    "operatingIncomeRatio": 0.0596291359,
    "totalOtherIncomeExpensesNet": 1400000,
    "incomeBeforeTax": 99800000,
    "incomeBeforeTaxRatio": 0.0604775179,
    "incomeTaxExpense": 29900000,
    "netIncome": 69900000,
    "netIncomeRatio": 0.042358502,
    "eps": 0.6,
    "epsdiluted": 0.6,
    "weightedAverageShsOut": 116500000,
    "weightedAverageShsOutDil": 116500000,
    "link": null,
    "finalLink": null
  },
  {
    "date": "1988-12-31",
    "symbol": "RVTY",
    "reportedCurrency": "USD",
    "cik": "0000031791",
    "fillingDate": "1988-12-31",
    "acceptedDate": "1988-12-31 00:00:00",
    "calendarYear": "1988",
    "period": "FY",
    "revenue": 1406300000,
    "costOfRevenue": 1114300000,
    "grossProfit": 292000000,
    "grossProfitRatio": 0.2076370618,
    "researchAndDevelopmentExpenses": 0,
    "generalAndAdministrativeExpenses": 0,
    "sellingAndMarketingExpenses": 0,
    "sellingGeneralAndAdministrativeExpenses": 169300000,
    "otherExpenses": 24600000,
    "operatingExpenses": 193900000,
    "costAndExpenses": 1308200000,
    "interestIncome": 0,
    "interestExpense": 0,
    "depreciationAndAmortization": 17700000,
    "ebitda": 115800000,
    "ebitdaratio": 0.0823437389,
    "operatingIncome": 98100000,
    "operatingIncomeRatio": 0.0697575197,
    "totalOtherIncomeExpensesNet": -700000,
    "incomeBeforeTax": 97400000,
    "incomeBeforeTaxRatio": 0.0692597597,
    "incomeTaxExpense": 28700000,
    "netIncome": 68700000,
    "netIncomeRatio": 0.0488515964,
    "eps": 0.57,
    "epsdiluted": 0.57,
    "weightedAverageShsOut": 119478261,
    "weightedAverageShsOutDil": 119478261,
    "link": null,
    "finalLink": null
  },
  {
    "date": "1987-12-31",
    "symbol": "RVTY",
    "reportedCurrency": "USD",
    "cik": "0000031791",
    "fillingDate": "1987-12-31",
    "acceptedDate": "1987-12-31 00:00:00",
    "calendarYear": "1987",
    "period": "FY",
    "revenue": 1235900000,
    "costOfRevenue": 984000000,
    "grossProfit": 251900000,
    "grossProfitRatio": 0.2038190792,
    "researchAndDevelopmentExpenses": 0,
    "generalAndAdministrativeExpenses": 0,
    "sellingAndMarketingExpenses": 0,
    "sellingGeneralAndAdministrativeExpenses": 151400000,
    "otherExpenses": 21200000,
    "operatingExpenses": 172600000,
    "costAndExpenses": 1156600000,
    "interestIncome": 0,
    "interestExpense": 0,
    "depreciationAndAmortization": 12200000,
    "ebitda": 91500000,
    "ebitdaratio": 0.0740351161,
    "operatingIncome": 79300000,
    "operatingIncomeRatio": 0.0641637673,
    "totalOtherIncomeExpensesNet": 1700000,
    "incomeBeforeTax": 81000000,
    "incomeBeforeTaxRatio": 0.0655392831,
    "incomeTaxExpense": 25500000,
    "netIncome": 55500000,
    "netIncomeRatio": 0.0449065458,
    "eps": 0.5,
    "epsdiluted": 0.5,
    "weightedAverageShsOut": 111000000,
    "weightedAverageShsOutDil": 111000000,
    "link": null,
    "finalLink": null
  },
  {
    "date": "1986-12-31",
    "symbol": "RVTY",
    "reportedCurrency": "USD",
    "cik": "0000031791",
    "fillingDate": "1986-12-31",
    "acceptedDate": "1986-12-31 00:00:00",
    "calendarYear": "1986",
    "period": "FY",
    "revenue": 1145100000,
    "costOfRevenue": 935300000,
    "grossProfit": 209800000,
    "grossProfitRatio": 0.1832154397,
    "researchAndDevelopmentExpenses": 0,
    "generalAndAdministrativeExpenses": 0,
    "sellingAndMarketingExpenses": 0,
    "sellingGeneralAndAdministrativeExpenses": 133200000,
    "otherExpenses": 16400000,
    "operatingExpenses": 149600000,
    "costAndExpenses": 1084900000,
    "interestIncome": 0,
    "interestExpense": 0,
    "depreciationAndAmortization": 16400000,
    "ebitda": 57200000,
    "ebitdaratio": 0.0499519693,
    "operatingIncome": 40800000,
    "operatingIncomeRatio": 0.035630076,
    "totalOtherIncomeExpensesNet": 31500000,
    "incomeBeforeTax": 72300000,
    "incomeBeforeTaxRatio": 0.0631385905,
    "incomeTaxExpense": 27400000,
    "netIncome": 44900000,
    "netIncomeRatio": 0.0392105493,
    "eps": 0.42,
    "epsdiluted": 0.42,
    "weightedAverageShsOut": 108192771,
    "weightedAverageShsOutDil": 108192771,
    "link": null,
    "finalLink": null
  },
  {
    "date": "1985-12-31",
    "symbol": "RVTY",
    "reportedCurrency": "USD",
    "cik": "0000031791",
    "fillingDate": "1985-12-31",
    "acceptedDate": "1985-12-31 00:00:00",
    "calendarYear": "1985",
    "period": "FY",
    "revenue": 1155100000,
    "costOfRevenue": 927900000,
    "grossProfit": 227200000,
    "grossProfitRatio": 0.196692927,
    "researchAndDevelopmentExpenses": 0,
    "generalAndAdministrativeExpenses": 0,
    "sellingAndMarketingExpenses": 0,
    "sellingGeneralAndAdministrativeExpenses": 130100000,
    "otherExpenses": 15100000,
    "operatingExpenses": 145200000,
    "costAndExpenses": 1073100000,
    "interestIncome": 0,
    "interestExpense": 0,
    "depreciationAndAmortization": 15100000,
    "ebitda": 79000000,
    "ebitdaratio": 0.068392347,
    "operatingIncome": 63900000,
    "operatingIncomeRatio": 0.0553198857,
    "totalOtherIncomeExpensesNet": 24700000,
    "incomeBeforeTax": 88600000,
    "incomeBeforeTaxRatio": 0.0767033157,
    "incomeTaxExpense": 32900000,
    "netIncome": 55700000,
    "netIncomeRatio": 0.0482209333,
    "eps": 0.52,
    "epsdiluted": 0.52,
    "weightedAverageShsOut": 107115385,
    "weightedAverageShsOutDil": 107115385,
    "link": null,
    "finalLink": null
  }
]