[
  {
    "date": "2025-06-29",
    "symbol": "RVTY",
    "reportedCurrency": "USD",
    "cik": "0000031791",
    "fillingDate": "2025-08-05",
    "acceptedDate": "2025-08-05 16:10:32",
    "calendarYear": "2025",
    "period": "Q2",
    "revenue": 720284000,
    "costOfRevenue": 413017000,
    "grossProfit": 307267000,
    "grossProfitRatio": 0.4265914556,
    "researchAndDevelopmentExpenses": 53270000,
    "generalAndAdministrativeExpenses": 0,
    "sellingAndMarketingExpenses": 0,
    "sellingGeneralAndAdministrativeExpenses": 163237000,
    "otherExpenses": 0,
    "operatingExpenses": 216507000,
    "costAndExpenses": 629524000,
    "interestIncome": 8345000,
    "interestExpense": 22937000,
    "depreciationAndAmortization": 102778000,
    "ebitda": 194365000,
    "ebitdaratio": 0.26984495,
    "operatingIncome": 90760000,
    "operatingIncomeRatio": 0.1260058532,
    "totalOtherIncomeExpensesNet": -22110000,
    "incomeBeforeTax": 68650000,
    "incomeBeforeTaxRatio": 0.0953096279,
    "incomeTaxExpense": 13428000,
    "netIncome": 55222000,
    "netIncomeRatio": 0.0766669814,
    "eps": 0,
    "epsdiluted": 0.4698,
    "weightedAverageShsOut": 117538000,
    "weightedAverageShsOutDil": 117538000,
    "link": "https://www.sec.gov/Archives/edgar/data/31791/000003179125000026/0000031791-25-000026-index.htm",
    "finalLink": "https://www.sec.gov/Archives/edgar/data/31791/000003179125000026/revv-20250629.htm"
  },
  {
    "date": "2025-03-30",
    "symbol": "RVTY",
    "reportedCurrency": "USD",
    "cik": "0000031791",
    "fillingDate": "2025-05-06",
    "acceptedDate": "2025-05-06 16:07:57",
    "calendarYear": "2025",
    "period": "Q1",
    "revenue": 664762000,
    "costOfRevenue": 337516000,
    "grossProfit": 327246000,
    "grossProfitRatio": 0.4922754309,
    "researchAndDevelopmentExpenses": 53597000,
    "generalAndAdministrativeExpenses": 0,
    "sellingAndMarketingExpenses": 0,
    "sellingGeneralAndAdministrativeExpenses": 185678000,
    "otherExpenses": 0,
    "operatingExpenses": 239275000,
    "costAndExpenses": 576791000,
    "interestIncome": 10081000,
    "interestExpense": 22964000,
    "depreciationAndAmortization": 97422000,
    "ebitda": 172768000,
    "ebitdaratio": 0.2598945186,
    "operatingIncome": 87971000,
    "operatingIncomeRatio": 0.1323345799,
    "totalOtherIncomeExpensesNet": -35589000,
    "incomeBeforeTax": 52382000,
    "incomeBeforeTaxRatio": 0.0787981262,
    "incomeTaxExpense": 10713000,
    "netIncome": 41437000,
    "netIncomeRatio": 0.0623335871,
    "eps": 0.3449,
    "epsdiluted": 0.3446,
    "weightedAverageShsOut": 120137000,
    "weightedAverageShsOutDil": 120233000,
    "link": "https://www.sec.gov/Archives/edgar/data/31791/000003179125000015/0000031791-25-000015-index.htm",
    "finalLink": "https://www.sec.gov/Archives/edgar/data/31791/000003179125000015/revv-20250330.htm"
  },
  {
    "date": "2024-12-29",
    "symbol": "RVTY",
    "reportedCurrency": "USD",
    "cik": "0000031791",
    "fillingDate": "2025-02-25",
    "acceptedDate": "2025-02-25 16:15:49",
    "calendarYear": "2024",
    "period": "Q4",
    "revenue": 729372000,
    "costOfRevenue": 369682000,
    "grossProfit": 359690000,
    "grossProfitRatio": 0.4931502717,
    "researchAndDevelopmentExpenses": 49208000,
    "generalAndAdministrativeExpenses": 0,
    "sellingAndMarketingExpenses": 0,
    "sellingGeneralAndAdministrativeExpenses": 178194000,
    "otherExpenses": 0,
    "operatingExpenses": 227402000,
    "costAndExpenses": 597084000,
    "interestIncome": 9828000,
    "interestExpense": 22781000,
    "depreciationAndAmortization": 105033000,
    "ebitda": 222372000,
    "ebitdaratio": 0.3048814597,
    "operatingIncome": 132288000,
    "operatingIncomeRatio": 0.1813724684,
    "totalOtherIncomeExpensesNet": -37730000,
    "incomeBeforeTax": 94558000,
    "incomeBeforeTaxRatio": 0.1296430354,
    "incomeTaxExpense": 6175000,
    "netIncome": 95036000,
    "netIncomeRatio": 0.1302983937,
    "eps": 0.78,
    "epsdiluted": 0.78,
    "weightedAverageShsOut": 121832470,
    "weightedAverageShsOutDil": 121581000,
    "link": "https://www.sec.gov/Archives/edgar/data/31791/000003179125000009/0000031791-25-000009-index.htm",
    "finalLink": "https://www.sec.gov/Archives/edgar/data/31791/000003179125000009/revv-20241229.htm"
  },
  {
    "date": "2024-09-29",
    "symbol": "RVTY",
    "reportedCurrency": "USD",
    "cik": "0000031791",
    "fillingDate": "2024-11-06",
    "acceptedDate": "2024-11-06 16:13:11",
    "calendarYear": "2024",
    "period": "Q3",
    "revenue": 684049000,
    "costOfRevenue": 299233000,
    "grossProfit": 384816000,
    "grossProfitRatio": 0.5625561912,
    "researchAndDevelopmentExpenses": 49144000,
    "generalAndAdministrativeExpenses": 0,
    "sellingAndMarketingExpenses": 0,
    "sellingGeneralAndAdministrativeExpenses": 233073000,
    "otherExpenses": 0,
    "operatingExpenses": 282217000,
    "costAndExpenses": 581450000,
    "interestIncome": 22764000,
    "interestExpense": 24383000,
    "depreciationAndAmortization": 107670000,
    "ebitda": 232410000,
    "ebitdaratio": 0.3397563625,
    "operatingIncome": 102599000,
    "operatingIncomeRatio": 0.1499877933,
    "totalOtherIncomeExpensesNet": -2242000,
    "incomeBeforeTax": 100357000,
    "incomeBeforeTaxRatio": 0.1467102503,
    "incomeTaxExpense": 6971000,
    "netIncome": 93965000,
    "netIncomeRatio": 0.1373658905,
    "eps": 0.7651,
    "epsdiluted": 0.7638,
    "weightedAverageShsOut": 122810000,
    "weightedAverageShsOutDil": 123026000,
    "link": "https://www.sec.gov/Archives/edgar/data/31791/000003179124000028/0000031791-24-000028-index.htm",
    "finalLink": "https://www.sec.gov/Archives/edgar/data/31791/000003179124000028/pki-20240929.htm"
  },
  {
    "date": "2024-06-30",
    "symbol": "RVTY",
    "reportedCurrency": "USD",
    "cik": "0000031791",
    "fillingDate": "2024-08-06",
    "acceptedDate": "2024-08-06 16:09:24",
    "calendarYear": "2024",
    "period": "Q2",
    "revenue": 691685000,
    "costOfRevenue": 306179000,
    "grossProfit": 385506000,
    "grossProfitRatio": 0.5573432993,
    "researchAndDevelopmentExpenses": 48132000,
    "generalAndAdministrativeExpenses": 0,
    "sellingAndMarketingExpenses": 0,
    "sellingGeneralAndAdministrativeExpenses": 235850000,
    "otherExpenses": 0,
    "operatingExpenses": 283982000,
    "costAndExpenses": 590161000,
    "interestIncome": 20512000,
    "interestExpense": 24717000,
    "depreciationAndAmortization": 107244000,
    "ebitda": 218623000,
    "ebitdaratio": 0.3160730679,
    "operatingIncome": 101524000,
    "operatingIncomeRatio": 0.1467777963,
    "totalOtherIncomeExpensesNet": -14862000,
    "incomeBeforeTax": 86662000,
    "incomeBeforeTaxRatio": 0.1252911369,
    "incomeTaxExpense": 14056000,
    "netIncome": 79109000,
    "netIncomeRatio": 0.1143714263,
    "eps": 0.6413,
    "epsdiluted": 0.6407,
    "weightedAverageShsOut": 123354000,
    "weightedAverageShsOutDil": 123477000,
    "link": "https://www.sec.gov/Archives/edgar/data/31791/000003179124000021/0000031791-24-000021-index.htm",
    "finalLink": "https://www.sec.gov/Archives/edgar/data/31791/000003179124000021/pki-20240630.htm"
  },
  {
    "date": "2024-03-31",
    "symbol": "RVTY",
    "reportedCurrency": "USD",
    "cik": "0000031791",
    "fillingDate": "2024-05-07",
    "acceptedDate": "2024-05-07 14:05:49",
    "calendarYear": "2024",
    "period": "Q1",
    "revenue": 649920000,
    "costOfRevenue": 294873000,
    "grossProfit": 355047000,
    "grossProfitRatio": 0.54629339,
    "researchAndDevelopmentExpenses": 50360000,
    "generalAndAdministrativeExpenses": 0,
    "sellingAndMarketingExpenses": 0,
    "sellingGeneralAndAdministrativeExpenses": 230580000,
    "otherExpenses": 0,
    "operatingExpenses": 280940000,
    "costAndExpenses": 575813000,
    "interestIncome": 20086000,
    "interestExpense": 24397000,
    "depreciationAndAmortization": 107802000,
    "ebitda": 166748000,
    "ebitdaratio": 0.2565669621,
    "operatingIncome": 74107000,
    "operatingIncomeRatio": 0.1140248031,
    "totalOtherIncomeExpensesNet": -39558000,
    "incomeBeforeTax": 34549000,
    "incomeBeforeTaxRatio": 0.0531588503,
    "incomeTaxExpense": 5853000,
    "netIncome": 27723000,
    "netIncomeRatio": 0.0426560192,
    "eps": 0.2246,
    "epsdiluted": 0.2244,
    "weightedAverageShsOut": 123428000,
    "weightedAverageShsOutDil": 123538000,
    "link": "https://www.sec.gov/Archives/edgar/data/31791/000003179124000014/0000031791-24-000014-index.htm",
    "finalLink": "https://www.sec.gov/Archives/edgar/data/31791/000003179124000014/pki-20240331.htm"
  },
  {
    "date": "2023-12-31",
    "symbol": "RVTY",
    "reportedCurrency": "USD",
    "cik": "0000031791",
    "fillingDate": "2023-12-31",
    "acceptedDate": "2023-12-31 00:00:00",
    "calendarYear": "2023",
    "period": "Q4",
    "revenue": 695901000,
    "costOfRevenue": 402047000,
    "grossProfit": 293854000,
    "grossProfitRatio": 0.4222640864,
    "researchAndDevelopmentExpenses": 49596000,
    "generalAndAdministrativeExpenses": 0,
    "sellingAndMarketingExpenses": 0,
    "sellingGeneralAndAdministrativeExpenses": 144904000,
    "otherExpenses": 0,
    "operatingExpenses": 194500000,
    "costAndExpenses": 596547000,
    "interestIncome": 18363000,
    "interestExpense": 24582000,
    "depreciationAndAmortization": 105568000,
    "ebitda": 161529000,
    "ebitdaratio": 0.2321149129,
    "operatingIncome": 99354000,
    "operatingIncomeRatio": 0.1427703078,
    "totalOtherIncomeExpensesNet": -67975000,
    "incomeBeforeTax": 31379000,
    "incomeBeforeTaxRatio": 0.0450911839,
    "incomeTaxExpense": -32188000,
    "netIncome": 102720000,
    "netIncomeRatio": 0.1476072027,
    "eps": 0.8322,
    "epsdiluted": 0.8322,
    "weightedAverageShsOut": 123426000,
    "weightedAverageShsOutDil": 123426000,
    "link": null,
    "finalLink": null
  },
  {
    "date": "2023-09-30",
    "symbol": "RVTY",
    "reportedCurrency": "USD",
    "cik": "0000031791",
    "fillingDate": "2023-09-30",
    "acceptedDate": "2023-09-29 20:00:00",
    "calendarYear": "2023",
    "period": "Q3",
    "revenue": 670739000,
    "costOfRevenue": 298223000,
    "grossProfit": 372516000,
    "grossProfitRatio": 0.5553814524,
    "researchAndDevelopmentExpenses": 53039000,
    "generalAndAdministrativeExpenses": 0,
    "sellingAndMarketingExpenses": 0,
    "sellingGeneralAndAdministrativeExpenses": 226234000,
    "otherExpenses": 0,
    "operatingExpenses": 279273000,
    "costAndExpenses": 577496000,
    "interestIncome": 23450000,
    "interestExpense": 25486000,
    "depreciationAndAmortization": 108263000,
    "ebitda": 184352000,
    "ebitdaratio": 0.2748490844,
    "operatingIncome": 93243000,
    "operatingIncomeRatio": 0.1390153249,
    "totalOtherIncomeExpensesNet": -42640000,
    "incomeBeforeTax": 50603000,
    "incomeBeforeTaxRatio": 0.0754436524,
    "incomeTaxExpense": 18134000,
    "netIncome": 9555000,
    "netIncomeRatio": 0.0142454815,
    "eps": 0.0771,
    "epsdiluted": 0.0769,
    "weightedAverageShsOut": 123992000,
    "weightedAverageShsOutDil": 124203000,
    "link": null,
    "finalLink": null
  },
  {
    "date": "2023-06-30",
    "symbol": "RVTY",
    "reportedCurrency": "USD",
    "cik": "0000031791",
    "fillingDate": "2023-06-30",
    "acceptedDate": "2023-06-30 00:00:00",
    "calendarYear": "2023",
    "period": "Q2",
    "revenue": 709066000,
    "costOfRevenue": 306735000,
    "grossProfit": 402331000,
    "grossProfitRatio": 0.5674098039,
    "researchAndDevelopmentExpenses": 57253000,
    "generalAndAdministrativeExpenses": 0,
    "sellingAndMarketingExpenses": 0,
    "sellingGeneralAndAdministrativeExpenses": 233989000,
    "otherExpenses": 0,
    "operatingExpenses": 291242000,
    "costAndExpenses": 597977000,
    "interestIncome": 25046000,
    "interestExpense": 26007000,
    "depreciationAndAmortization": 108930000,
    "ebitda": 206491000,
    "ebitdaratio": 0.2912154863,
    "operatingIncome": 111089000,
    "operatingIncomeRatio": 0.1566694779,
    "totalOtherIncomeExpensesNet": -39535000,
    "incomeBeforeTax": 71554000,
    "incomeBeforeTaxRatio": 0.1009130321,
    "incomeTaxExpense": 12932000,
    "netIncome": 35559000,
    "netIncomeRatio": 0.0501490693,
    "eps": 0.284,
    "epsdiluted": 0.2836,
    "weightedAverageShsOut": 125215000,
    "weightedAverageShsOutDil": 125398000,
    "link": null,
    "finalLink": null
  },
  {
    "date": "2023-04-02",
    "symbol": "RVTY",
    "reportedCurrency": "USD",
    "cik": "0000031791",
    "fillingDate": "2023-04-02",
    "acceptedDate": "2023-04-02 00:00:00",
    "calendarYear": "2023",
    "period": "Q1",
    "revenue": 674865000,
    "costOfRevenue": 293499000,
    "grossProfit": 381366000,
    "grossProfitRatio": 0.5650996866,
    "researchAndDevelopmentExpenses": 56690000,
    "generalAndAdministrativeExpenses": 0,
    "sellingAndMarketingExpenses": 0,
    "sellingGeneralAndAdministrativeExpenses": 228871000,
    "otherExpenses": 0,
    "operatingExpenses": 285561000,
    "costAndExpenses": 579060000,
    "interestIncome": 5272000,
    "interestExpense": 22738000,
    "depreciationAndAmortization": 109008000,
    "ebitda": 161186000,
    "ebitdaratio": 0.2388418424,
    "operatingIncome": 95805000,
    "operatingIncomeRatio": 0.1419617257,
    "totalOtherIncomeExpensesNet": -66365000,
    "incomeBeforeTax": 29440000,
    "incomeBeforeTaxRatio": 0.0436235395,
    "incomeTaxExpense": 4595000,
    "netIncome": 569475000,
    "netIncomeRatio": 0.8438354338,
    "eps": 4.5094,
    "epsdiluted": 4.5029,
    "weightedAverageShsOut": 126285000,
    "weightedAverageShsOutDil": 126469000,
    "link": null,
    "finalLink": null
  },
  {
    "date": "2023-01-01",
    "symbol": "RVTY",
    "reportedCurrency": "USD",
    "cik": "0000031791",
    "fillingDate": "2023-01-01",
    "acceptedDate": "2023-01-01 00:00:00",
    "calendarYear": "2022",
    "period": "Q4",
    "revenue": 741214000,
    "costOfRevenue": 395053000,
    "grossProfit": 346161000,
    "grossProfitRatio": 0.4670189716,
    "researchAndDevelopmentExpenses": 54536000,
    "generalAndAdministrativeExpenses": 0,
    "sellingAndMarketingExpenses": 0,
    "sellingGeneralAndAdministrativeExpenses": 140863000,
    "otherExpenses": 0,
    "operatingExpenses": 195399000,
    "costAndExpenses": 590452000,
    "interestIncome": 1565000,
    "interestExpense": 22508000,
    "depreciationAndAmortization": 104234000,
    "ebitda": 265189000,
    "ebitdaratio": 0.3577765666,
    "operatingIncome": 150762000,
    "operatingIncomeRatio": 0.2033987485,
    "totalOtherIncomeExpensesNet": -12315000,
    "incomeBeforeTax": 138447000,
    "incomeBeforeTaxRatio": 0.1867841136,
    "incomeTaxExpense": 30950000,
    "netIncome": 137658000,
    "netIncomeRatio": 0.1857196437,
    "eps": 1.0899,
    "epsdiluted": 1.0884,
    "weightedAverageShsOut": 126300000,
    "weightedAverageShsOutDil": 126476000,
    "link": null,
    "finalLink": null
  },
  {
    "date": "2022-10-02",
    "symbol": "RVTY",
    "reportedCurrency": "USD",
    "cik": "0000031791",
    "fillingDate": "2022-10-02",
    "acceptedDate": "2022-10-01 20:00:00",
    "calendarYear": "2022",
    "period": "Q3",
    "revenue": 711803000,
    "costOfRevenue": 360959000,
    "grossProfit": 350844000,
    "grossProfitRatio": 0.4928948038,
    "researchAndDevelopmentExpenses": 53521000,
    "generalAndAdministrativeExpenses": 0,
    "sellingAndMarketingExpenses": 0,
    "sellingGeneralAndAdministrativeExpenses": 177401000,
    "otherExpenses": 0,
    "operatingExpenses": 230922000,
    "costAndExpenses": 591881000,
    "interestIncome": 667000,
    "interestExpense": 25931000,
    "depreciationAndAmortization": 83309000,
    "ebitda": 191382000,
    "ebitdaratio": 0.268869336,
    "operatingIncome": 119922000,
    "operatingIncomeRatio": 0.1684763902,
    "totalOtherIncomeExpensesNet": -37780000,
    "incomeBeforeTax": 82142000,
    "incomeBeforeTaxRatio": 0.115399907,
    "incomeTaxExpense": 12634000,
    "netIncome": 69508000,
    "netIncomeRatio": 0.097650614,
    "eps": 0.551,
    "epsdiluted": 0.5493,
    "weightedAverageShsOut": 126155000,
    "weightedAverageShsOutDil": 126540000,
    "link": null,
    "finalLink": null
  },
  {
    "date": "2022-06-30",
    "symbol": "RVTY",
    "reportedCurrency": "USD",
    "cik": "0000031791",
    "fillingDate": "2022-07-03",
    "acceptedDate": "2022-07-02 20:00:00",
    "calendarYear": "2022",
    "period": "Q2",
    "revenue": 895642000,
    "costOfRevenue": 343926000,
    "grossProfit": 551716000,
    "grossProfitRatio": 0.6160005895,
    "researchAndDevelopmentExpenses": 56036000,
    "generalAndAdministrativeExpenses": 0,
    "sellingAndMarketingExpenses": 0,
    "sellingGeneralAndAdministrativeExpenses": 250258000,
    "otherExpenses": 0,
    "operatingExpenses": 306294000,
    "costAndExpenses": 650220000,
    "interestIncome": 762000,
    "interestExpense": 27128000,
    "depreciationAndAmortization": 108700000,
    "ebitda": 342172000,
    "ebitdaratio": 0.3820410387,
    "operatingIncome": 245422000,
    "operatingIncomeRatio": 0.274017967,
    "totalOtherIncomeExpensesNet": -39078000,
    "incomeBeforeTax": 206344000,
    "incomeBeforeTaxRatio": 0.2303866947,
    "incomeTaxExpense": 44743000,
    "netIncome": 179212000,
    "netIncomeRatio": 0.2000933409,
    "eps": 1.4209,
    "epsdiluted": 1.4166,
    "weightedAverageShsOut": 126126000,
    "weightedAverageShsOutDil": 126509000,
    "link": null,
    "finalLink": null
  },
  {
    "date": "2022-03-31",
    "symbol": "RVTY",
    "reportedCurrency": "USD",
    "cik": "0000031791",
    "fillingDate": "2022-03-31",
    "acceptedDate": "2022-03-31 00:00:00",
    "calendarYear": "2022",
    "period": "Q1",
    "revenue": 963163000,
    "costOfRevenue": 368423000,
    "grossProfit": 594740000,
    "grossProfitRatio": 0.6174863445,
    "researchAndDevelopmentExpenses": 57524000,
    "generalAndAdministrativeExpenses": 0,
    "sellingAndMarketingExpenses": 0,
    "sellingGeneralAndAdministrativeExpenses": 256767000,
    "otherExpenses": 0,
    "operatingExpenses": 314291000,
    "costAndExpenses": 682714000,
    "interestIncome": 595000,
    "interestExpense": 28388000,
    "depreciationAndAmortization": 109330000,
    "ebitda": 362622000,
    "ebitdaratio": 0.3764907913,
    "operatingIncome": 280449000,
    "operatingIncomeRatio": 0.291175014,
    "totalOtherIncomeExpensesNet": -55545000,
    "incomeBeforeTax": 224904000,
    "incomeBeforeTaxRatio": 0.2335056475,
    "incomeTaxExpense": 40834000,
    "netIncome": 176962000,
    "netIncomeRatio": 0.1837300644,
    "eps": 1.4029,
    "epsdiluted": 1.3974,
    "weightedAverageShsOut": 126137000,
    "weightedAverageShsOutDil": 126635000,
    "link": null,
    "finalLink": null
  },
  {
    "date": "2021-12-31",
    "symbol": "RVTY",
    "reportedCurrency": "USD",
    "cik": "0000031791",
    "fillingDate": "2021-12-31",
    "acceptedDate": "2021-12-31 00:00:00",
    "calendarYear": "2021",
    "period": "Q4",
    "revenue": 1027910000,
    "costOfRevenue": 482037000,
    "grossProfit": 545873000,
    "grossProfitRatio": 0.5310513566,
    "researchAndDevelopmentExpenses": 60584000,
    "generalAndAdministrativeExpenses": 0,
    "sellingAndMarketingExpenses": 0,
    "sellingGeneralAndAdministrativeExpenses": 178709000,
    "otherExpenses": 0,
    "operatingExpenses": 239293000,
    "costAndExpenses": 721330000,
    "interestIncome": 919000,
    "interestExpense": 27721000,
    "depreciationAndAmortization": 114057000,
    "ebitda": 441482000,
    "ebitdaratio": 0.4294948001,
    "operatingIncome": 306580000,
    "operatingIncomeRatio": 0.2982556839,
    "totalOtherIncomeExpensesNet": -6876000,
    "incomeBeforeTax": 299704000,
    "incomeBeforeTaxRatio": 0.2915663823,
    "incomeTaxExpense": 115615000,
    "netIncome": 190184000,
    "netIncomeRatio": 0.1850200893,
    "eps": 1.5065,
    "epsdiluted": 1.5009,
    "weightedAverageShsOut": 126241000,
    "weightedAverageShsOutDil": 126715000,
    "link": null,
    "finalLink": null
  },
  {
    "date": "2021-09-30",
    "symbol": "RVTY",
    "reportedCurrency": "USD",
    "cik": "0000031791",
    "fillingDate": "2021-09-30",
    "acceptedDate": "2021-09-30 00:00:00",
    "calendarYear": "2021",
    "period": "Q3",
    "revenue": 861316000,
    "costOfRevenue": 373254000,
    "grossProfit": 488062000,
    "grossProfitRatio": 0.566646852,
    "researchAndDevelopmentExpenses": 49421000,
    "generalAndAdministrativeExpenses": 0,
    "sellingAndMarketingExpenses": 0,
    "sellingGeneralAndAdministrativeExpenses": 170094000,
    "otherExpenses": 0,
    "operatingExpenses": 219515000,
    "costAndExpenses": 592769000,
    "interestIncome": 544000,
    "interestExpense": 43531000,
    "depreciationAndAmortization": 51564000,
    "ebitda": 230107000,
    "ebitdaratio": 0.267157466,
    "operatingIncome": 268547000,
    "operatingIncomeRatio": 0.3117868471,
    "totalOtherIncomeExpensesNet": -133535000,
    "incomeBeforeTax": 135012000,
    "incomeBeforeTaxRatio": 0.1567508324,
    "incomeTaxExpense": 27381000,
    "netIncome": 107631000,
    "netIncomeRatio": 0.124961106,
    "eps": 0.9399,
    "epsdiluted": 0.9357,
    "weightedAverageShsOut": 114508000,
    "weightedAverageShsOutDil": 115022000,
    "link": null,
    "finalLink": null
  },
  {
    "date": "2021-06-30",
    "symbol": "RVTY",
    "reportedCurrency": "USD",
    "cik": "0000031791",
    "fillingDate": "2021-06-30",
    "acceptedDate": "2021-06-30 00:00:00",
    "calendarYear": "2021",
    "period": "Q2",
    "revenue": 1228471000,
    "costOfRevenue": 580177000,
    "grossProfit": 648294000,
    "grossProfitRatio": 0.5277243012,
    "researchAndDevelopmentExpenses": 65824000,
    "generalAndAdministrativeExpenses": 0,
    "sellingAndMarketingExpenses": 0,
    "sellingGeneralAndAdministrativeExpenses": 234082000,
    "otherExpenses": 0,
    "operatingExpenses": 299906000,
    "costAndExpenses": 880083000,
    "interestIncome": 367000,
    "interestExpense": 16750000,
    "depreciationAndAmortization": 75636000,
    "ebitda": 418443000,
    "ebitdaratio": 0.3406209833,
    "operatingIncome": 348388000,
    "operatingIncomeRatio": 0.2835948101,
    "totalOtherIncomeExpensesNet": -22331000,
    "incomeBeforeTax": 326057000,
    "incomeBeforeTaxRatio": 0.2654169288,
    "incomeTaxExpense": 80089000,
    "netIncome": 245968000,
    "netIncomeRatio": 0.2002228787,
    "eps": 2.1967,
    "epsdiluted": 2.188,
    "weightedAverageShsOut": 111973000,
    "weightedAverageShsOutDil": 112417000,
    "link": null,
    "finalLink": null
  },
  {
    "date": "2021-03-31",
    "symbol": "RVTY",
    "reportedCurrency": "USD",
    "cik": "0000031791",
    "fillingDate": "2021-03-31",
    "acceptedDate": "2021-03-31 00:00:00",
    "calendarYear": "2021",
    "period": "Q1",
    "revenue": 1307689000,
    "costOfRevenue": 556443000,
    "grossProfit": 751246000,
    "grossProfitRatio": 0.5744836884,
    "researchAndDevelopmentExpenses": 60216000,
    "generalAndAdministrativeExpenses": 0,
    "sellingAndMarketingExpenses": 0,
    "sellingGeneralAndAdministrativeExpenses": 212870000,
    "otherExpenses": 0,
    "operatingExpenses": 273086000,
    "costAndExpenses": 829529000,
    "interestIncome": 411000,
    "interestExpense": 14126000,
    "depreciationAndAmortization": 70186000,
    "ebitda": 564794000,
    "ebitdaratio": 0.4319023866,
    "operatingIncome": 478160000,
    "operatingIncomeRatio": 0.3656526896,
    "totalOtherIncomeExpensesNet": 2322000,
    "incomeBeforeTax": 480482000,
    "incomeBeforeTaxRatio": 0.3674283411,
    "incomeTaxExpense": 101139000,
    "netIncome": 379343000,
    "netIncomeRatio": 0.2900865573,
    "eps": 3.3861,
    "epsdiluted": 3.3721,
    "weightedAverageShsOut": 112028000,
    "weightedAverageShsOutDil": 112495000,
    "link": null,
    "finalLink": null
  },
  {
    "date": "2020-12-31",
    "symbol": "RVTY",
    "reportedCurrency": "USD",
    "cik": "0000031791",
    "fillingDate": "2020-12-31",
    "acceptedDate": "2020-12-31 00:00:00",
    "calendarYear": "2020",
    "period": "Q4",
    "revenue": 1354606000,
    "costOfRevenue": 552804000,
    "grossProfit": 801802000,
    "grossProfitRatio": 0.5919079053,
    "researchAndDevelopmentExpenses": 56823000,
    "generalAndAdministrativeExpenses": 0,
    "sellingAndMarketingExpenses": 0,
    "sellingGeneralAndAdministrativeExpenses": 223073000,
    "otherExpenses": 0,
    "operatingExpenses": 279896000,
    "costAndExpenses": 832700000,
    "interestIncome": 348000,
    "interestExpense": 12404000,
    "depreciationAndAmortization": 63986000,
    "ebitda": 549481000,
    "ebitdaratio": 0.4056389828,
    "operatingIncome": 521905999,
    "operatingIncomeRatio": 0.3852825095,
    "totalOtherIncomeExpensesNet": -48814999,
    "incomeBeforeTax": 473091000,
    "incomeBeforeTaxRatio": 0.3492462015,
    "incomeTaxExpense": 92657000,
    "netIncome": 380434000,
    "netIncomeRatio": 0.2808447622,
    "eps": 3.394,
    "epsdiluted": 3.3805,
    "weightedAverageShsOut": 112090000,
    "weightedAverageShsOutDil": 112537000,
    "link": null,
    "finalLink": null
  },
  {
    "date": "2020-09-30",
    "symbol": "RVTY",
    "reportedCurrency": "USD",
    "cik": "0000031791",
    "fillingDate": "2020-09-30",
    "acceptedDate": "2020-09-30 00:00:00",
    "calendarYear": "2020",
    "period": "Q3",
    "revenue": 964025000,
    "costOfRevenue": 468780000,
    "grossProfit": 495245000,
    "grossProfitRatio": 0.5137263038,
    "researchAndDevelopmentExpenses": 50131000,
    "generalAndAdministrativeExpenses": 0,
    "sellingAndMarketingExpenses": 0,
    "sellingGeneralAndAdministrativeExpenses": 195488000,
    "otherExpenses": 0,
    "operatingExpenses": 245619000,
    "costAndExpenses": 714399000,
    "interestIncome": 205000,
    "interestExpense": 12057000,
    "depreciationAndAmortization": 62474000,
    "ebitda": 308288000,
    "ebitdaratio": 0.3197925365,
    "operatingIncome": 249626000,
    "operatingIncomeRatio": 0.2589414175,
    "totalOtherIncomeExpensesNet": -15869000,
    "incomeBeforeTax": 233757000,
    "incomeBeforeTaxRatio": 0.2424802261,
    "incomeTaxExpense": 57021000,
    "netIncome": 176699000,
    "netIncomeRatio": 0.1832929644,
    "eps": 1.5821,
    "epsdiluted": 1.5736,
    "weightedAverageShsOut": 111684000,
    "weightedAverageShsOutDil": 112292000,
    "link": null,
    "finalLink": null
  },
  {
    "date": "2020-06-30",
    "symbol": "RVTY",
    "reportedCurrency": "USD",
    "cik": "0000031791",
    "fillingDate": "2020-06-30",
    "acceptedDate": "2020-06-30 00:00:00",
    "calendarYear": "2020",
    "period": "Q2",
    "revenue": 811718000,
    "costOfRevenue": 395074000,
    "grossProfit": 416644000,
    "grossProfitRatio": 0.513286634,
    "researchAndDevelopmentExpenses": 49521000,
    "generalAndAdministrativeExpenses": 0,
    "sellingAndMarketingExpenses": 0,
    "sellingGeneralAndAdministrativeExpenses": 193205000,
    "otherExpenses": 0,
    "operatingExpenses": 242726000,
    "costAndExpenses": 637800000,
    "interestIncome": 192000,
    "interestExpense": 11586000,
    "depreciationAndAmortization": 59289000,
    "ebitda": 235702000,
    "ebitdaratio": 0.2903742433,
    "operatingIncome": 173918000,
    "operatingIncomeRatio": 0.2142591393,
    "totalOtherIncomeExpensesNet": -9091000,
    "incomeBeforeTax": 164827000,
    "incomeBeforeTaxRatio": 0.2030594369,
    "incomeTaxExpense": 27614000,
    "netIncome": 137162000,
    "netIncomeRatio": 0.1689774035,
    "eps": 1.232,
    "epsdiluted": 1.2261,
    "weightedAverageShsOut": 111329000,
    "weightedAverageShsOutDil": 111869000,
    "link": null,
    "finalLink": null
  },
  {
    "date": "2020-03-31",
    "symbol": "RVTY",
    "reportedCurrency": "USD",
    "cik": "0000031791",
    "fillingDate": "2020-03-31",
    "acceptedDate": "2020-03-31 00:00:00",
    "calendarYear": "2020",
    "period": "Q1",
    "revenue": 652396000,
    "costOfRevenue": 375573000,
    "grossProfit": 276823000,
    "grossProfitRatio": 0.4243174391,
    "researchAndDevelopmentExpenses": 48914000,
    "generalAndAdministrativeExpenses": 0,
    "sellingAndMarketingExpenses": 0,
    "sellingGeneralAndAdministrativeExpenses": 152244000,
    "otherExpenses": 0,
    "operatingExpenses": 201158000,
    "costAndExpenses": 576731000,
    "interestIncome": 265000,
    "interestExpense": 13665000,
    "depreciationAndAmortization": 60758000,
    "ebitda": 109112000,
    "ebitdaratio": 0.1672481131,
    "operatingIncome": 75665000,
    "operatingIncomeRatio": 0.1159801716,
    "totalOtherIncomeExpensesNet": -40976000,
    "incomeBeforeTax": 34689000,
    "incomeBeforeTaxRatio": 0.0531716933,
    "incomeTaxExpense": 974000,
    "netIncome": 33715000,
    "netIncomeRatio": 0.051678735,
    "eps": 0.3034,
    "epsdiluted": 0.302,
    "weightedAverageShsOut": 111121000,
    "weightedAverageShsOutDil": 111644000,
    "link": null,
    "finalLink": null
  },
  {
    "date": "2019-12-31",
    "symbol": "RVTY",
    "reportedCurrency": "USD",
    "cik": "0000031791",
    "fillingDate": "2019-12-31",
    "acceptedDate": "2019-12-31 00:00:00",
    "calendarYear": "2019",
    "period": "Q4",
    "revenue": 805496000,
    "costOfRevenue": 434715000,
    "grossProfit": 370781000,
    "grossProfitRatio": 0.4603138936,
    "researchAndDevelopmentExpenses": 47636000,
    "generalAndAdministrativeExpenses": 0,
    "sellingAndMarketingExpenses": 0,
    "sellingGeneralAndAdministrativeExpenses": 178555000,
    "otherExpenses": 0,
    "operatingExpenses": 226191000,
    "costAndExpenses": 660906000,
    "interestIncome": 570000,
    "interestExpense": 14421000,
    "depreciationAndAmortization": 56908000,
    "ebitda": 136625000,
    "ebitdaratio": 0.1696159882,
    "operatingIncome": 144590000,
    "operatingIncomeRatio": 0.1795043054,
    "totalOtherIncomeExpensesNet": -79294000,
    "incomeBeforeTax": 65296000,
    "incomeBeforeTaxRatio": 0.0810630965,
    "incomeTaxExpense": 747000,
    "netIncome": 64501000,
    "netIncomeRatio": 0.080076127,
    "eps": 0.5804,
    "epsdiluted": 0.5778,
    "weightedAverageShsOut": 111140000,
    "weightedAverageShsOutDil": 111625000,
    "link": null,
    "finalLink": null
  },
  {
    "date": "2019-09-30",
    "symbol": "RVTY",
    "reportedCurrency": "USD",
    "cik": "0000031791",
    "fillingDate": "2019-09-30",
    "acceptedDate": "2019-09-30 00:00:00",
    "calendarYear": "2019",
    "period": "Q3",
    "revenue": 706923000,
    "costOfRevenue": 390748000,
    "grossProfit": 316175000,
    "grossProfitRatio": 0.4472552173,
    "researchAndDevelopmentExpenses": 45376000,
    "generalAndAdministrativeExpenses": 0,
    "sellingAndMarketingExpenses": 0,
    "sellingGeneralAndAdministrativeExpenses": 175233000,
    "otherExpenses": 0,
    "operatingExpenses": 220609000,
    "costAndExpenses": 611357000,
    "interestIncome": 292000,
    "interestExpense": 16149000,
    "depreciationAndAmortization": 53324000,
    "ebitda": 132727000,
    "ebitdaratio": 0.1877531216,
    "operatingIncome": 95566000,
    "operatingIncomeRatio": 0.1351858689,
    "totalOtherIncomeExpensesNet": -32312000,
    "incomeBeforeTax": 63254000,
    "incomeBeforeTaxRatio": 0.0894779205,
    "incomeTaxExpense": 4644000,
    "netIncome": 58558000,
    "netIncomeRatio": 0.0828350471,
    "eps": 0.5278,
    "epsdiluted": 0.5249,
    "weightedAverageShsOut": 110946000,
    "weightedAverageShsOutDil": 111559000,
    "link": null,
    "finalLink": null
  },
  {
    "date": "2019-06-30",
    "symbol": "RVTY",
    "reportedCurrency": "USD",
    "cik": "0000031791",
    "fillingDate": "2019-06-30",
    "acceptedDate": "2019-06-30 00:00:00",
    "calendarYear": "2019",
    "period": "Q2",
    "revenue": 722517000,
    "costOfRevenue": 400324000,
    "grossProfit": 322193000,
    "grossProfitRatio": 0.445931376,
    "researchAndDevelopmentExpenses": 48344000,
    "generalAndAdministrativeExpenses": 0,
    "sellingAndMarketingExpenses": 0,
    "sellingGeneralAndAdministrativeExpenses": 174594000,
    "otherExpenses": 0,
    "operatingExpenses": 222938000,
    "costAndExpenses": 623262000,
    "interestIncome": 350000,
    "interestExpense": 17207000,
    "depreciationAndAmortization": 53324000,
    "ebitda": 142358000,
    "ebitdaratio": 0.1970306581,
    "operatingIncome": 99255000,
    "operatingIncomeRatio": 0.1373739303,
    "totalOtherIncomeExpensesNet": -27428000,
    "incomeBeforeTax": 71827000,
    "incomeBeforeTaxRatio": 0.0994121938,
    "incomeTaxExpense": 2686000,
    "netIncome": 69087000,
    "netIncomeRatio": 0.0956198954,
    "eps": 0.6233,
    "epsdiluted": 0.6195,
    "weightedAverageShsOut": 110845000,
    "weightedAverageShsOutDil": 111528000,
    "link": null,
    "finalLink": null
  },
  {
    "date": "2019-03-31",
    "symbol": "RVTY",
    "reportedCurrency": "USD",
    "cik": "0000031791",
    "fillingDate": "2019-03-31",
    "acceptedDate": "2019-03-31 00:00:00",
    "calendarYear": "2019",
    "period": "Q1",
    "revenue": 648737000,
    "costOfRevenue": 364831000,
    "grossProfit": 283906000,
    "grossProfitRatio": 0.437628808,
    "researchAndDevelopmentExpenses": 47980000,
    "generalAndAdministrativeExpenses": 0,
    "sellingAndMarketingExpenses": 0,
    "sellingGeneralAndAdministrativeExpenses": 168055000,
    "otherExpenses": 0,
    "operatingExpenses": 216035000,
    "costAndExpenses": 580866000,
    "interestIncome": 283000,
    "interestExpense": 15850000,
    "depreciationAndAmortization": 50469000,
    "ebitda": 103084000,
    "ebitdaratio": 0.1588995232,
    "operatingIncome": 67871000,
    "operatingIncomeRatio": 0.1046202082,
    "totalOtherIncomeExpensesNet": -31106000,
    "incomeBeforeTax": 36765000,
    "incomeBeforeTaxRatio": 0.0566716558,
    "incomeTaxExpense": 1312000,
    "netIncome": 35412000,
    "netIncomeRatio": 0.0545860649,
    "eps": 0.3204,
    "epsdiluted": 0.3182,
    "weightedAverageShsOut": 110543000,
    "weightedAverageShsOutDil": 111293000,
    "link": null,
    "finalLink": null
  },
  {
    "date": "2018-12-31",
    "symbol": "RVTY",
    "reportedCurrency": "USD",
    "cik": "0000031791",
    "fillingDate": "2018-12-31",
    "acceptedDate": "2018-12-31 00:00:00",
    "calendarYear": "2018",
    "period": "Q4",
    "revenue": 756349000,
    "costOfRevenue": 403999000,
    "grossProfit": 352350000,
    "grossProfitRatio": 0.4658563705,
    "researchAndDevelopmentExpenses": 47870000,
    "generalAndAdministrativeExpenses": 0,
    "sellingAndMarketingExpenses": 0,
    "sellingGeneralAndAdministrativeExpenses": 176404000,
    "otherExpenses": 0,
    "operatingExpenses": 224274000,
    "costAndExpenses": 628273000,
    "interestIncome": 387000,
    "interestExpense": 16231000,
    "depreciationAndAmortization": 47202000,
    "ebitda": 142862000,
    "ebitdaratio": 0.1888837032,
    "operatingIncome": 128076000,
    "operatingIncomeRatio": 0.1693345268,
    "totalOtherIncomeExpensesNet": -48647000,
    "incomeBeforeTax": 79429000,
    "incomeBeforeTaxRatio": 0.1050163351,
    "incomeTaxExpense": 8106999,
    "netIncome": 71292000,
    "netIncomeRatio": 0.094258074,
    "eps": 0.6446,
    "epsdiluted": 0.6388,
    "weightedAverageShsOut": 110597000,
    "weightedAverageShsOutDil": 111609000,
    "link": null,
    "finalLink": null
  },
  {
    "date": "2018-09-30",
    "symbol": "RVTY",
    "reportedCurrency": "USD",
    "cik": "0000031791",
    "fillingDate": "2018-09-30",
    "acceptedDate": "2018-09-30 00:00:00",
    "calendarYear": "2018",
    "period": "Q3",
    "revenue": 674313000,
    "costOfRevenue": 365686000,
    "grossProfit": 308627000,
    "grossProfitRatio": 0.4576910129,
    "researchAndDevelopmentExpenses": 45148000,
    "generalAndAdministrativeExpenses": 0,
    "sellingAndMarketingExpenses": 0,
    "sellingGeneralAndAdministrativeExpenses": 167829000,
    "otherExpenses": 0,
    "operatingExpenses": 212977000,
    "costAndExpenses": 578663000,
    "interestIncome": 316000,
    "interestExpense": 16684000,
    "depreciationAndAmortization": 45161000,
    "ebitda": 139886000,
    "ebitdaratio": 0.2074496562,
    "operatingIncome": 95650000,
    "operatingIncomeRatio": 0.1418480735,
    "totalOtherIncomeExpensesNet": -17609000,
    "incomeBeforeTax": 78041000,
    "incomeBeforeTaxRatio": 0.1157340879,
    "incomeTaxExpense": 2596000,
    "netIncome": 76856000,
    "netIncomeRatio": 0.1139767437,
    "eps": 0.6941,
    "epsdiluted": 0.6878,
    "weightedAverageShsOut": 110724000,
    "weightedAverageShsOutDil": 111747000,
    "link": null,
    "finalLink": null
  },
  {
    "date": "2018-06-30",
    "symbol": "RVTY",
    "reportedCurrency": "USD",
    "cik": "0000031791",
    "fillingDate": "2018-06-30",
    "acceptedDate": "2018-06-30 00:00:00",
    "calendarYear": "2018",
    "period": "Q2",
    "revenue": 703362000,
    "costOfRevenue": 384122000,
    "grossProfit": 319240000,
    "grossProfitRatio": 0.4538772353,
    "researchAndDevelopmentExpenses": 47196000,
    "generalAndAdministrativeExpenses": 0,
    "sellingAndMarketingExpenses": 0,
    "sellingGeneralAndAdministrativeExpenses": 173032000,
    "otherExpenses": 0,
    "operatingExpenses": 220228000,
    "costAndExpenses": 604350000,
    "interestIncome": 173000,
    "interestExpense": 16411000,
    "depreciationAndAmortization": 43772000,
    "ebitda": 131891000,
    "ebitdaratio": 0.187515106,
    "operatingIncome": 99012000,
    "operatingIncomeRatio": 0.1407696179,
    "totalOtherIncomeExpensesNet": -27304000,
    "incomeBeforeTax": 71708000,
    "incomeBeforeTaxRatio": 0.101950347,
    "incomeTaxExpense": 7035000,
    "netIncome": 64614000,
    "netIncomeRatio": 0.0918645022,
    "eps": 0.5849,
    "epsdiluted": 0.5798,
    "weightedAverageShsOut": 110477000,
    "weightedAverageShsOutDil": 111452000,
    "link": null,
    "finalLink": null
  },
  {
    "date": "2018-03-31",
    "symbol": "RVTY",
    "reportedCurrency": "USD",
    "cik": "0000031791",
    "fillingDate": "2018-03-31",
    "acceptedDate": "2018-03-31 00:00:00",
    "calendarYear": "2018",
    "period": "Q1",
    "revenue": 643972000,
    "costOfRevenue": 372850000,
    "grossProfit": 271122000,
    "grossProfitRatio": 0.4210151994,
    "researchAndDevelopmentExpenses": 45984000,
    "generalAndAdministrativeExpenses": 0,
    "sellingAndMarketingExpenses": 0,
    "sellingGeneralAndAdministrativeExpenses": 171708000,
    "otherExpenses": 0,
    "operatingExpenses": 217692000,
    "costAndExpenses": 590542000,
    "interestIncome": 265000,
    "interestExpense": 17650000,
    "depreciationAndAmortization": 44453000,
    "ebitda": 90608000,
    "ebitdaratio": 0.1407017696,
    "operatingIncome": 53430000,
    "operatingIncomeRatio": 0.0829694459,
    "totalOtherIncomeExpensesNet": -24925000,
    "incomeBeforeTax": 28505000,
    "incomeBeforeTaxRatio": 0.0442643469,
    "incomeTaxExpense": 2470000,
    "netIncome": 26024000,
    "netIncomeRatio": 0.0404116949,
    "eps": 0.236,
    "epsdiluted": 0.2338,
    "weightedAverageShsOut": 110296000,
    "weightedAverageShsOutDil": 111330000,
    "link": null,
    "finalLink": null
  },
  {
    "date": "2017-12-31",
    "symbol": "RVTY",
    "reportedCurrency": "USD",
    "cik": "0000031791",
    "fillingDate": "2017-12-31",
    "acceptedDate": "2017-12-31 00:00:00",
    "calendarYear": "2017",
    "period": "Q4",
    "revenue": 641630000,
    "costOfRevenue": 347701000,
    "grossProfit": 293929000,
    "grossProfitRatio": 0.4580973458,
    "researchAndDevelopmentExpenses": 37633000,
    "generalAndAdministrativeExpenses": 0,
    "sellingAndMarketingExpenses": 0,
    "sellingGeneralAndAdministrativeExpenses": 200975000,
    "otherExpenses": 0,
    "operatingExpenses": 238608000,
    "costAndExpenses": 586309000,
    "interestIncome": 1059000,
    "interestExpense": 11430000,
    "depreciationAndAmortization": 29493000,
    "ebitda": 121812000,
    "ebitdaratio": 0.1898477316,
    "operatingIncome": 55321000,
    "operatingIncomeRatio": 0.0862194723,
    "totalOtherIncomeExpensesNet": 25568000,
    "incomeBeforeTax": 80889000,
    "incomeBeforeTaxRatio": 0.1260679831,
    "incomeTaxExpense": 119333000,
    "netIncome": -82761000,
    "netIncomeRatio": -0.1289855524,
    "eps": -0.7519,
    "epsdiluted": -0.7519,
    "weightedAverageShsOut": 110064000,
    "weightedAverageShsOutDil": 110361000,
    "link": null,
    "finalLink": null
  },
  {
    "date": "2017-09-30",
    "symbol": "RVTY",
    "reportedCurrency": "USD",
    "cik": "0000031791",
    "fillingDate": "2017-09-30",
    "acceptedDate": "2017-09-30 00:00:00",
    "calendarYear": "2017",
    "period": "Q3",
    "revenue": 554275000,
    "costOfRevenue": 296053000,
    "grossProfit": 258221999,
    "grossProfitRatio": 0.4658734365,
    "researchAndDevelopmentExpenses": 34787000,
    "generalAndAdministrativeExpenses": 0,
    "sellingAndMarketingExpenses": 0,
    "sellingGeneralAndAdministrativeExpenses": 108908000,
    "otherExpenses": 0,
    "operatingExpenses": 143695000,
    "costAndExpenses": 439748000,
    "interestIncome": 802000,
    "interestExpense": 10974000,
    "depreciationAndAmortization": 26002000,
    "ebitda": 142030000,
    "ebitdaratio": 0.2562446439,
    "operatingIncome": 114527000,
    "operatingIncomeRatio": 0.2066248703,
    "totalOtherIncomeExpensesNet": -9473000,
    "incomeBeforeTax": 105054000,
    "incomeBeforeTaxRatio": 0.189534076,
    "incomeTaxExpense": 8508000,
    "netIncome": 96684000,
    "netIncomeRatio": 0.1744332687,
    "eps": 0.8789,
    "epsdiluted": 0.8711,
    "weightedAverageShsOut": 110003000,
    "weightedAverageShsOutDil": 110993000,
    "link": null,
    "finalLink": null
  },
  {
    "date": "2017-06-30",
    "symbol": "RVTY",
    "reportedCurrency": "USD",
    "cik": "0000031791",
    "fillingDate": "2017-06-30",
    "acceptedDate": "2017-06-30 00:00:00",
    "calendarYear": "2017",
    "period": "Q2",
    "revenue": 546962000,
    "costOfRevenue": 299760000,
    "grossProfit": 247202000,
    "grossProfitRatio": 0.4519546148,
    "researchAndDevelopmentExpenses": 33560000,
    "generalAndAdministrativeExpenses": 0,
    "sellingAndMarketingExpenses": 0,
    "sellingGeneralAndAdministrativeExpenses": 133860999,
    "otherExpenses": 0,
    "operatingExpenses": 167421000,
    "costAndExpenses": 467181000,
    "interestIncome": 490000,
    "interestExpense": 10672000,
    "depreciationAndAmortization": 24758000,
    "ebitda": 106222000,
    "ebitdaratio": 0.1942036193,
    "operatingIncome": 79781000,
    "operatingIncomeRatio": 0.1458620526,
    "totalOtherIncomeExpensesNet": -8989000,
    "incomeBeforeTax": 70792000,
    "incomeBeforeTaxRatio": 0.1294276385,
    "incomeTaxExpense": 8066000,
    "netIncome": 23692000,
    "netIncomeRatio": 0.0433156234,
    "eps": 0.2156,
    "epsdiluted": 0.2139,
    "weightedAverageShsOut": 109894000,
    "weightedAverageShsOutDil": 110762000,
    "link": null,
    "finalLink": null
  },
  {
    "date": "2017-03-31",
    "symbol": "RVTY",
    "reportedCurrency": "USD",
    "cik": "0000031791",
    "fillingDate": "2017-03-31",
    "acceptedDate": "2017-03-31 00:00:00",
    "calendarYear": "2017",
    "period": "Q1",
    "revenue": 514115000,
    "costOfRevenue": 284504000,
    "grossProfit": 229611000,
    "grossProfitRatio": 0.4466140844,
    "researchAndDevelopmentExpenses": 33287999,
    "generalAndAdministrativeExpenses": 0,
    "sellingAndMarketingExpenses": 0,
    "sellingGeneralAndAdministrativeExpenses": 131681999,
    "otherExpenses": 0,
    "operatingExpenses": 164970000,
    "costAndExpenses": 449474000,
    "interestIncome": 220000,
    "interestExpense": 10864000,
    "depreciationAndAmortization": 24747000,
    "ebitda": 75594000,
    "ebitdaratio": 0.1470371415,
    "operatingIncome": 64641000,
    "operatingIncomeRatio": 0.1257325696,
    "totalOtherIncomeExpensesNet": -24658000,
    "incomeBeforeTax": 39983000,
    "incomeBeforeTaxRatio": 0.0777705377,
    "incomeTaxExpense": 3921000,
    "netIncome": 38603000,
    "netIncomeRatio": 0.0750863134,
    "eps": 0.3526,
    "epsdiluted": 0,
    "weightedAverageShsOut": 109468000,
    "weightedAverageShsOutDil": 110204000,
    "link": null,
    "finalLink": null
  },
  {
    "date": "2016-12-31",
    "symbol": "RVTY",
    "reportedCurrency": "USD",
    "cik": "0000031791",
    "fillingDate": "2016-12-31",
    "acceptedDate": "2016-12-31 00:00:00",
    "calendarYear": "2016",
    "period": "Q4",
    "revenue": 566770000,
    "costOfRevenue": 300607000,
    "grossProfit": 266163000,
    "grossProfitRatio": 0.4696137763,
    "researchAndDevelopmentExpenses": 32926000,
    "generalAndAdministrativeExpenses": 0,
    "sellingAndMarketingExpenses": 0,
    "sellingGeneralAndAdministrativeExpenses": 146090000,
    "otherExpenses": 0,
    "operatingExpenses": 179016000,
    "costAndExpenses": 479623000,
    "interestIncome": 341000,
    "interestExpense": 10750000,
    "depreciationAndAmortization": 25465000,
    "ebitda": 105401000,
    "ebitdaratio": 0.1859678529,
    "operatingIncome": 87147000,
    "operatingIncomeRatio": 0.1537607848,
    "totalOtherIncomeExpensesNet": -17961000,
    "incomeBeforeTax": 69186000,
    "incomeBeforeTaxRatio": 0.1220706812,
    "incomeTaxExpense": 6897000,
    "netIncome": 64849000,
    "netIncomeRatio": 0.1144185472,
    "eps": 0.593,
    "epsdiluted": 0.5888,
    "weightedAverageShsOut": 109913559,
    "weightedAverageShsOutDil": 110137000,
    "link": null,
    "finalLink": null
  },
  {
    "date": "2016-09-30",
    "symbol": "RVTY",
    "reportedCurrency": "USD",
    "cik": "0000031791",
    "fillingDate": "2016-09-30",
    "acceptedDate": "2016-09-30 00:00:00",
    "calendarYear": "2016",
    "period": "Q3",
    "revenue": 548054000,
    "costOfRevenue": 297355000,
    "grossProfit": 250699000,
    "grossProfitRatio": 0.4574348513,
    "researchAndDevelopmentExpenses": 33075000,
    "generalAndAdministrativeExpenses": 0,
    "sellingAndMarketingExpenses": 0,
    "sellingGeneralAndAdministrativeExpenses": 131342000,
    "otherExpenses": 0,
    "operatingExpenses": 164417000,
    "costAndExpenses": 461772000,
    "interestIncome": 124000,
    "interestExpense": 10998000,
    "depreciationAndAmortization": 25891000,
    "ebitda": 106854000,
    "ebitdaratio": 0.1949698387,
    "operatingIncome": 86282000,
    "operatingIncomeRatio": 0.1574333916,
    "totalOtherIncomeExpensesNet": -16317000,
    "incomeBeforeTax": 69965000,
    "incomeBeforeTaxRatio": 0.127660778,
    "incomeTaxExpense": 12216000,
    "netIncome": 57497000,
    "netIncomeRatio": 0.1049111949,
    "eps": 0.5266,
    "epsdiluted": 0.5223,
    "weightedAverageShsOut": 109192000,
    "weightedAverageShsOutDil": 110078000,
    "link": null,
    "finalLink": null
  },
  {
    "date": "2016-06-30",
    "symbol": "RVTY",
    "reportedCurrency": "USD",
    "cik": "0000031791",
    "fillingDate": "2016-06-30",
    "acceptedDate": "2016-06-30 00:00:00",
    "calendarYear": "2016",
    "period": "Q2",
    "revenue": 572667000,
    "costOfRevenue": 307384000,
    "grossProfit": 265283000,
    "grossProfitRatio": 0.4632412903,
    "researchAndDevelopmentExpenses": 35007000,
    "generalAndAdministrativeExpenses": 0,
    "sellingAndMarketingExpenses": 0,
    "sellingGeneralAndAdministrativeExpenses": 153994000,
    "otherExpenses": -1143000,
    "operatingExpenses": 189001000,
    "costAndExpenses": 496385000,
    "interestIncome": 127000,
    "interestExpense": 9939000,
    "depreciationAndAmortization": 30512000,
    "ebitda": 100385000,
    "ebitdaratio": 0.1752938444,
    "operatingIncome": 71193000,
    "operatingIncomeRatio": 0.1243183211,
    "totalOtherIncomeExpensesNet": -5393000,
    "incomeBeforeTax": 65800000,
    "incomeBeforeTaxRatio": 0.1149009808,
    "incomeTaxExpense": 4578000,
    "netIncome": 63857000,
    "netIncomeRatio": 0.1115080841,
    "eps": 0.59,
    "epsdiluted": 0.58,
    "weightedAverageShsOut": 108970000,
    "weightedAverageShsOutDil": 109844000,
    "link": null,
    "finalLink": null
  },
  {
    "date": "2016-03-31",
    "symbol": "RVTY",
    "reportedCurrency": "USD",
    "cik": "0000031791",
    "fillingDate": "2016-03-31",
    "acceptedDate": "2016-03-31 00:00:00",
    "calendarYear": "2016",
    "period": "Q1",
    "revenue": 538684000,
    "costOfRevenue": 288587000,
    "grossProfit": 250097000,
    "grossProfitRatio": 0.4642740456,
    "researchAndDevelopmentExpenses": 33785000,
    "generalAndAdministrativeExpenses": 0,
    "sellingAndMarketingExpenses": 0,
    "sellingGeneralAndAdministrativeExpenses": 147545000,
    "otherExpenses": -1355000,
    "operatingExpenses": 181330000,
    "costAndExpenses": 469917000,
    "interestIncome": 110000,
    "interestExpense": 9841000,
    "depreciationAndAmortization": 25712000,
    "ebitda": 87826000,
    "ebitdaratio": 0.1630380706,
    "operatingIncome": 68767000,
    "operatingIncomeRatio": 0.1276574021,
    "totalOtherIncomeExpensesNet": -11086000,
    "incomeBeforeTax": 57681000,
    "incomeBeforeTaxRatio": 0.1070776188,
    "incomeTaxExpense": 10176000,
    "netIncome": 47466000,
    "netIncomeRatio": 0.0881147389,
    "eps": 0.43,
    "epsdiluted": 0.43,
    "weightedAverageShsOut": 110409000,
    "weightedAverageShsOutDil": 111195000,
    "link": null,
    "finalLink": null
  },
  {
    "date": "2015-12-31",
    "symbol": "RVTY",
    "reportedCurrency": "USD",
    "cik": "0000031791",
    "fillingDate": "2015-12-31",
    "acceptedDate": "2015-12-31 00:00:00",
    "calendarYear": "2015",
    "period": "Q4",
    "revenue": 608116000,
    "costOfRevenue": 326105000,
    "grossProfit": 282011000,
    "grossProfitRatio": 0.4637454038,
    "researchAndDevelopmentExpenses": 30030000,
    "generalAndAdministrativeExpenses": 0,
    "sellingAndMarketingExpenses": 0,
    "sellingGeneralAndAdministrativeExpenses": 158505000,
    "otherExpenses": -663000,
    "operatingExpenses": 188535000,
    "costAndExpenses": 514640000,
    "interestIncome": 185000,
    "interestExpense": 9433000,
    "depreciationAndAmortization": 36524000,
    "ebitda": 112496000,
    "ebitdaratio": 0.1849910214,
    "operatingIncome": 84724000,
    "operatingIncomeRatio": 0.139322103,
    "totalOtherIncomeExpensesNet": -9911000,
    "incomeBeforeTax": 74813000,
    "incomeBeforeTaxRatio": 0.1230242256,
    "incomeTaxExpense": 6329000,
    "netIncome": 68254000,
    "netIncomeRatio": 0.1122384545,
    "eps": 0.61,
    "epsdiluted": 0.61,
    "weightedAverageShsOut": 112034000,
    "weightedAverageShsOutDil": 112563000,
    "link": null,
    "finalLink": null
  },
  {
    "date": "2015-09-30",
    "symbol": "RVTY",
    "reportedCurrency": "USD",
    "cik": "0000031791",
    "fillingDate": "2015-09-30",
    "acceptedDate": "2015-09-30 00:00:00",
    "calendarYear": "2015",
    "period": "Q3",
    "revenue": 563436000,
    "costOfRevenue": 308833000,
    "grossProfit": 254603000,
    "grossProfitRatio": 0.4518756345,
    "researchAndDevelopmentExpenses": 31095000,
    "generalAndAdministrativeExpenses": 0,
    "sellingAndMarketingExpenses": 0,
    "sellingGeneralAndAdministrativeExpenses": 147728000,
    "otherExpenses": 0,
    "operatingExpenses": 178823000,
    "costAndExpenses": 487656000,
    "interestIncome": 147000,
    "interestExpense": 9874000,
    "depreciationAndAmortization": 24976000,
    "ebitda": 103914000,
    "ebitdaratio": 0.18442911,
    "operatingIncome": 75898000,
    "operatingIncomeRatio": 0.1347056276,
    "totalOtherIncomeExpensesNet": -11944000,
    "incomeBeforeTax": 63954000,
    "incomeBeforeTaxRatio": 0.1135071241,
    "incomeTaxExpense": 9057000,
    "netIncome": 54863000,
    "netIncomeRatio": 0.0973721949,
    "eps": 0.49,
    "epsdiluted": 0.48,
    "weightedAverageShsOut": 112632000,
    "weightedAverageShsOutDil": 113422000,
    "link": null,
    "finalLink": null
  },
  {
    "date": "2015-06-30",
    "symbol": "RVTY",
    "reportedCurrency": "USD",
    "cik": "0000031791",
    "fillingDate": "2015-06-30",
    "acceptedDate": "2015-06-30 00:00:00",
    "calendarYear": "2015",
    "period": "Q2",
    "revenue": 563906000,
    "costOfRevenue": 311394000,
    "grossProfit": 252512000,
    "grossProfitRatio": 0.4477909439,
    "researchAndDevelopmentExpenses": 32683000,
    "generalAndAdministrativeExpenses": 0,
    "sellingAndMarketingExpenses": 0,
    "sellingGeneralAndAdministrativeExpenses": 146742000,
    "otherExpenses": -1673000,
    "operatingExpenses": 179425000,
    "costAndExpenses": 490819000,
    "interestIncome": 132000,
    "interestExpense": 9302000,
    "depreciationAndAmortization": 31674000,
    "ebitda": 103065000,
    "ebitdaratio": 0.1827698233,
    "operatingIncome": 68131000,
    "operatingIncomeRatio": 0.120819782,
    "totalOtherIncomeExpensesNet": -10843000,
    "incomeBeforeTax": 57288000,
    "incomeBeforeTaxRatio": 0.1015914,
    "incomeTaxExpense": 8292000,
    "netIncome": 48974000,
    "netIncomeRatio": 0.086847808,
    "eps": 0.43,
    "epsdiluted": 0.43,
    "weightedAverageShsOut": 113018000,
    "weightedAverageShsOutDil": 113833000,
    "link": null,
    "finalLink": null
  },
  {
    "date": "2015-03-31",
    "symbol": "RVTY",
    "reportedCurrency": "USD",
    "cik": "0000031791",
    "fillingDate": "2015-03-31",
    "acceptedDate": "2015-03-31 00:00:00",
    "calendarYear": "2015",
    "period": "Q1",
    "revenue": 526901000,
    "costOfRevenue": 291527000,
    "grossProfit": 235374000,
    "grossProfitRatio": 0.4467138988,
    "researchAndDevelopmentExpenses": 32120000,
    "generalAndAdministrativeExpenses": 0,
    "sellingAndMarketingExpenses": 0,
    "sellingGeneralAndAdministrativeExpenses": 145873000,
    "otherExpenses": -242000,
    "operatingExpenses": 177993000,
    "costAndExpenses": 469520000,
    "interestIncome": 209000,
    "interestExpense": 9388000,
    "depreciationAndAmortization": 28301000,
    "ebitda": 90785000,
    "ebitdaratio": 0.1722999197,
    "operatingIncome": 57381000,
    "operatingIncomeRatio": 0.108902811,
    "totalOtherIncomeExpensesNet": -9421000,
    "incomeBeforeTax": 47960000,
    "incomeBeforeTaxRatio": 0.0910227918,
    "incomeTaxExpense": 7649000,
    "netIncome": 40334000,
    "netIncomeRatio": 0.0765494846,
    "eps": 0.36,
    "epsdiluted": 0.36,
    "weightedAverageShsOut": 112641000,
    "weightedAverageShsOutDil": 113439000,
    "link": null,
    "finalLink": null
  },
  {
    "date": "2014-12-31",
    "symbol": "RVTY",
    "reportedCurrency": "USD",
    "cik": "0000031791",
    "fillingDate": "2014-12-31",
    "acceptedDate": "2014-12-31 00:00:00",
    "calendarYear": "2014",
    "period": "Q4",
    "revenue": 608390000,
    "costOfRevenue": 330788000,
    "grossProfit": 277602000,
    "grossProfitRatio": 0.4562895511,
    "researchAndDevelopmentExpenses": 30966000,
    "generalAndAdministrativeExpenses": 0,
    "sellingAndMarketingExpenses": 0,
    "sellingGeneralAndAdministrativeExpenses": 216648000,
    "otherExpenses": -1149000,
    "operatingExpenses": 247614000,
    "costAndExpenses": 578402000,
    "interestIncome": 292000,
    "interestExpense": 9063000,
    "depreciationAndAmortization": 28467000,
    "ebitda": 57380000,
    "ebitdaratio": 0.0943145022,
    "operatingIncome": 30567000,
    "operatingIncomeRatio": 0.0502424432,
    "totalOtherIncomeExpensesNet": -9920000,
    "incomeBeforeTax": 20647000,
    "incomeBeforeTaxRatio": 0.0339371127,
    "incomeTaxExpense": -10667000,
    "netIncome": 30787000,
    "netIncomeRatio": 0.0506040533,
    "eps": 0.27,
    "epsdiluted": 0.27,
    "weightedAverageShsOut": 112481000,
    "weightedAverageShsOutDil": 113448000,
    "link": null,
    "finalLink": null
  },
  {
    "date": "2014-09-30",
    "symbol": "RVTY",
    "reportedCurrency": "USD",
    "cik": "0000031791",
    "fillingDate": "2014-09-30",
    "acceptedDate": "2014-09-30 00:00:00",
    "calendarYear": "2014",
    "period": "Q3",
    "revenue": 542049000,
    "costOfRevenue": 298740000,
    "grossProfit": 243309000,
    "grossProfitRatio": 0.4488690137,
    "researchAndDevelopmentExpenses": 30444000,
    "generalAndAdministrativeExpenses": 0,
    "sellingAndMarketingExpenses": 0,
    "sellingGeneralAndAdministrativeExpenses": 142997000,
    "otherExpenses": 0,
    "operatingExpenses": 173441000,
    "costAndExpenses": 472181000,
    "interestIncome": 130000,
    "interestExpense": 8909000,
    "depreciationAndAmortization": 37961000,
    "ebitda": 98847000,
    "ebitdaratio": 0.1823580525,
    "operatingIncome": 58776000,
    "operatingIncomeRatio": 0.1084330014,
    "totalOtherIncomeExpensesNet": -10966000,
    "incomeBeforeTax": 47810000,
    "incomeBeforeTaxRatio": 0.0882023581,
    "incomeTaxExpense": 4912000,
    "netIncome": 42277000,
    "netIncomeRatio": 0.0779947938,
    "eps": 0.38,
    "epsdiluted": 0.37,
    "weightedAverageShsOut": 112646000,
    "weightedAverageShsOutDil": 113759000,
    "link": null,
    "finalLink": null
  },
  {
    "date": "2014-06-30",
    "symbol": "RVTY",
    "reportedCurrency": "USD",
    "cik": "0000031791",
    "fillingDate": "2014-06-30",
    "acceptedDate": "2014-06-30 00:00:00",
    "calendarYear": "2014",
    "period": "Q2",
    "revenue": 556170000,
    "costOfRevenue": 308186000,
    "grossProfit": 247984000,
    "grossProfitRatio": 0.4458780589,
    "researchAndDevelopmentExpenses": 30352000,
    "generalAndAdministrativeExpenses": 0,
    "sellingAndMarketingExpenses": 0,
    "sellingGeneralAndAdministrativeExpenses": 147253000,
    "otherExpenses": -36000,
    "operatingExpenses": 177605000,
    "costAndExpenses": 485791000,
    "interestIncome": 151000,
    "interestExpense": 9079000,
    "depreciationAndAmortization": 29436000,
    "ebitda": 100835000,
    "ebitdaratio": 0.1813024795,
    "operatingIncome": 69637000,
    "operatingIncomeRatio": 0.1252081198,
    "totalOtherIncomeExpensesNet": -8964000,
    "incomeBeforeTax": 60673000,
    "incomeBeforeTaxRatio": 0.1090907456,
    "incomeTaxExpense": 8670000,
    "netIncome": 50490000,
    "netIncomeRatio": 0.0907815956,
    "eps": 0.45,
    "epsdiluted": 0.44,
    "weightedAverageShsOut": 112788000,
    "weightedAverageShsOutDil": 113971000,
    "link": null,
    "finalLink": null
  },
  {
    "date": "2014-03-31",
    "symbol": "RVTY",
    "reportedCurrency": "USD",
    "cik": "0000031791",
    "fillingDate": "2014-03-31",
    "acceptedDate": "2014-03-31 00:00:00",
    "calendarYear": "2014",
    "period": "Q1",
    "revenue": 531904000,
    "costOfRevenue": 296384000,
    "grossProfit": 235520000,
    "grossProfitRatio": 0.4427866683,
    "researchAndDevelopmentExpenses": 29449000,
    "generalAndAdministrativeExpenses": 0,
    "sellingAndMarketingExpenses": 0,
    "sellingGeneralAndAdministrativeExpenses": 153204000,
    "otherExpenses": 0,
    "operatingExpenses": 182653000,
    "costAndExpenses": 479037000,
    "interestIncome": 94000,
    "interestExpense": 9219000,
    "depreciationAndAmortization": 29508000,
    "ebitda": 86580000,
    "ebitdaratio": 0.1627737336,
    "operatingIncome": 50732000,
    "operatingIncomeRatio": 0.0953781133,
    "totalOtherIncomeExpensesNet": -11289000,
    "incomeBeforeTax": 39443000,
    "incomeBeforeTaxRatio": 0.0741543587,
    "incomeTaxExpense": 5124000,
    "netIncome": 34224000,
    "netIncomeRatio": 0.0643424377,
    "eps": 0.3,
    "epsdiluted": 0.3,
    "weightedAverageShsOut": 112553000,
    "weightedAverageShsOutDil": 113777000,
    "link": null,
    "finalLink": null
  },
  {
    "date": "2013-12-31",
    "symbol": "RVTY",
    "reportedCurrency": "USD",
    "cik": "0000031791",
    "fillingDate": "2013-12-31",
    "acceptedDate": "2013-12-31 00:00:00",
    "calendarYear": "2013",
    "period": "Q4",
    "revenue": 593280000,
    "costOfRevenue": 317002000,
    "grossProfit": 276278000,
    "grossProfitRatio": 0.4656789374,
    "researchAndDevelopmentExpenses": 32702000,
    "generalAndAdministrativeExpenses": 0,
    "sellingAndMarketingExpenses": 0,
    "sellingGeneralAndAdministrativeExpenses": 141949000,
    "otherExpenses": 0,
    "operatingExpenses": 174651000,
    "costAndExpenses": 491653000,
    "interestIncome": 362000,
    "interestExpense": 14614000,
    "depreciationAndAmortization": 36713000,
    "ebitda": 121394000,
    "ebitdaratio": 0.2046150216,
    "operatingIncome": 84681000,
    "operatingIncomeRatio": 0.1427336165,
    "totalOtherIncomeExpensesNet": -26865000,
    "incomeBeforeTax": 57816000,
    "incomeBeforeTaxRatio": 0.0974514563,
    "incomeTaxExpense": -8184000,
    "netIncome": 66873000,
    "netIncomeRatio": 0.1127174353,
    "eps": 0.57,
    "epsdiluted": 0.57,
    "weightedAverageShsOut": 112626000,
    "weightedAverageShsOutDil": 113463000,
    "link": null,
    "finalLink": null
  },
  {
    "date": "2013-09-30",
    "symbol": "RVTY",
    "reportedCurrency": "USD",
    "cik": "0000031791",
    "fillingDate": "2013-09-30",
    "acceptedDate": "2013-09-30 00:00:00",
    "calendarYear": "2013",
    "period": "Q3",
    "revenue": 524277000,
    "costOfRevenue": 290765000,
    "grossProfit": 233512000,
    "grossProfitRatio": 0.4453981388,
    "researchAndDevelopmentExpenses": 31541000,
    "generalAndAdministrativeExpenses": 0,
    "sellingAndMarketingExpenses": 0,
    "sellingGeneralAndAdministrativeExpenses": 143649000,
    "otherExpenses": -755000,
    "operatingExpenses": 175190000,
    "costAndExpenses": 465955000,
    "interestIncome": 119000,
    "interestExpense": 11704000,
    "depreciationAndAmortization": 34133000,
    "ebitda": 91639000,
    "ebitdaratio": 0.1747911886,
    "operatingIncome": 57196000,
    "operatingIncomeRatio": 0.1090950013,
    "totalOtherIncomeExpensesNet": -11582000,
    "incomeBeforeTax": 44856000,
    "incomeBeforeTaxRatio": 0.0855578253,
    "incomeTaxExpense": 4557000,
    "netIncome": 40198000,
    "netIncomeRatio": 0.076673209,
    "eps": 0.36,
    "epsdiluted": 0.36,
    "weightedAverageShsOut": 111827000,
    "weightedAverageShsOutDil": 113115000,
    "link": null,
    "finalLink": null
  },
  {
    "date": "2013-06-30",
    "symbol": "RVTY",
    "reportedCurrency": "USD",
    "cik": "0000031791",
    "fillingDate": "2013-06-30",
    "acceptedDate": "2013-06-30 00:00:00",
    "calendarYear": "2013",
    "period": "Q2",
    "revenue": 543297000,
    "costOfRevenue": 300998000,
    "grossProfit": 242299000,
    "grossProfitRatio": 0.4459789029,
    "researchAndDevelopmentExpenses": 34603000,
    "generalAndAdministrativeExpenses": 0,
    "sellingAndMarketingExpenses": 0,
    "sellingGeneralAndAdministrativeExpenses": 148755000,
    "otherExpenses": -1016000,
    "operatingExpenses": 183358000,
    "costAndExpenses": 484356000,
    "interestIncome": 64000,
    "interestExpense": 11913000,
    "depreciationAndAmortization": 32239000,
    "ebitda": 70673000,
    "ebitdaratio": 0.1300817049,
    "operatingIncome": 47092000,
    "operatingIncomeRatio": 0.0866781889,
    "totalOtherIncomeExpensesNet": -32200000,
    "incomeBeforeTax": 26799000,
    "incomeBeforeTaxRatio": 0.0493266114,
    "incomeTaxExpense": -137000,
    "netIncome": 27925000,
    "netIncomeRatio": 0.0513991426,
    "eps": 0.25,
    "epsdiluted": 0.25,
    "weightedAverageShsOut": 111575000,
    "weightedAverageShsOutDil": 112718000,
    "link": null,
    "finalLink": null
  },
  {
    "date": "2013-03-31",
    "symbol": "RVTY",
    "reportedCurrency": "USD",
    "cik": "0000031791",
    "fillingDate": "2013-03-31",
    "acceptedDate": "2013-03-31 00:00:00",
    "calendarYear": "2013",
    "period": "Q1",
    "revenue": 505378000,
    "costOfRevenue": 280493000,
    "grossProfit": 224885000,
    "grossProfitRatio": 0.4449837547,
    "researchAndDevelopmentExpenses": 34177000,
    "generalAndAdministrativeExpenses": 0,
    "sellingAndMarketingExpenses": 0,
    "sellingGeneralAndAdministrativeExpenses": 151497000,
    "otherExpenses": -452000,
    "operatingExpenses": 185674000,
    "costAndExpenses": 466167000,
    "interestIncome": 105000,
    "interestExpense": 11693000,
    "depreciationAndAmortization": 33534000,
    "ebitda": 69435000,
    "ebitdaratio": 0.1373922094,
    "operatingIncome": 35901000,
    "operatingIncomeRatio": 0.0710379162,
    "totalOtherIncomeExpensesNet": -16020000,
    "incomeBeforeTax": 23861000,
    "incomeBeforeTaxRatio": 0.0472141644,
    "incomeTaxExpense": -8428000,
    "netIncome": 32216000,
    "netIncomeRatio": 0.0637463443,
    "eps": 0.28,
    "epsdiluted": 0.28,
    "weightedAverageShsOut": 113454000,
    "weightedAverageShsOutDil": 114716000,
    "link": null,
    "finalLink": null
  },
  {
    "date": "2012-12-31",
    "symbol": "RVTY",
    "reportedCurrency": "USD",
    "cik": "0000031791",
    "fillingDate": "2012-12-31",
    "acceptedDate": "2012-12-31 00:00:00",
    "calendarYear": "2012",
    "period": "Q4",
    "revenue": 572921000,
    "costOfRevenue": 311263000,
    "grossProfit": 261658000,
    "grossProfitRatio": 0.4567086911,
    "researchAndDevelopmentExpenses": 33538000,
    "generalAndAdministrativeExpenses": 0,
    "sellingAndMarketingExpenses": 0,
    "sellingGeneralAndAdministrativeExpenses": 180708000,
    "otherExpenses": -558000,
    "operatingExpenses": 214246000,
    "costAndExpenses": 525509000,
    "interestIncome": 313000,
    "interestExpense": 11651000,
    "depreciationAndAmortization": 32074000,
    "ebitda": 985000,
    "ebitdaratio": 0.0017192597,
    "operatingIncome": 47167000,
    "operatingIncomeRatio": 0.0823272319,
    "totalOtherIncomeExpensesNet": -89907000,
    "incomeBeforeTax": -42740000,
    "incomeBeforeTaxRatio": -0.074600163,
    "incomeTaxExpense": -26548000,
    "netIncome": -16192000,
    "netIncomeRatio": -0.0282621862,
    "eps": -0.14,
    "epsdiluted": -0.14,
    "weightedAverageShsOut": 115036000,
    "weightedAverageShsOutDil": 115036000,
    "link": null,
    "finalLink": null
  },
  {
    "date": "2012-09-30",
    "symbol": "RVTY",
    "reportedCurrency": "USD",
    "cik": "0000031791",
    "fillingDate": "2012-09-30",
    "acceptedDate": "2012-09-30 00:00:00",
    "calendarYear": "2012",
    "period": "Q3",
    "revenue": 509604000,
    "costOfRevenue": 278864000,
    "grossProfit": 230740000,
    "grossProfitRatio": 0.4527829452,
    "researchAndDevelopmentExpenses": 32408000,
    "generalAndAdministrativeExpenses": 0,
    "sellingAndMarketingExpenses": 0,
    "sellingGeneralAndAdministrativeExpenses": 145442000,
    "otherExpenses": -586000,
    "operatingExpenses": 177850000,
    "costAndExpenses": 456714000,
    "interestIncome": 74000,
    "interestExpense": 11360000,
    "depreciationAndAmortization": 40374000,
    "ebitda": 73334000,
    "ebitdaratio": 0.143903894,
    "operatingIncome": 43218000,
    "operatingIncomeRatio": 0.0848070266,
    "totalOtherIncomeExpensesNet": -11872000,
    "incomeBeforeTax": 31346000,
    "incomeBeforeTaxRatio": 0.0615105062,
    "incomeTaxExpense": 2357000,
    "netIncome": 29594000,
    "netIncomeRatio": 0.0580725426,
    "eps": 0.26,
    "epsdiluted": 0.26,
    "weightedAverageShsOut": 113860000,
    "weightedAverageShsOutDil": 114998000,
    "link": null,
    "finalLink": null
  },
  {
    "date": "2012-06-30",
    "symbol": "RVTY",
    "reportedCurrency": "USD",
    "cik": "0000031791",
    "fillingDate": "2012-06-30",
    "acceptedDate": "2012-06-30 00:00:00",
    "calendarYear": "2012",
    "period": "Q2",
    "revenue": 521790000,
    "costOfRevenue": 282996000,
    "grossProfit": 238794000,
    "grossProfitRatio": 0.4576438797,
    "researchAndDevelopmentExpenses": 34069000,
    "generalAndAdministrativeExpenses": 0,
    "sellingAndMarketingExpenses": 0,
    "sellingGeneralAndAdministrativeExpenses": 149735000,
    "otherExpenses": -169000,
    "operatingExpenses": 183804000,
    "costAndExpenses": 466800000,
    "interestIncome": 150000,
    "interestExpense": 11339000,
    "depreciationAndAmortization": 37509000,
    "ebitda": 81924000,
    "ebitdaratio": 0.1570056919,
    "operatingIncome": 49787000,
    "operatingIncomeRatio": 0.0954157803,
    "totalOtherIncomeExpensesNet": -11358000,
    "incomeBeforeTax": 38429000,
    "incomeBeforeTaxRatio": 0.0736484026,
    "incomeTaxExpense": 4861000,
    "netIncome": 33633000,
    "netIncomeRatio": 0.0644569654,
    "eps": 0.3,
    "epsdiluted": 0.29,
    "weightedAverageShsOut": 113515000,
    "weightedAverageShsOutDil": 114578000,
    "link": null,
    "finalLink": null
  },
  {
    "date": "2012-03-31",
    "symbol": "RVTY",
    "reportedCurrency": "USD",
    "cik": "0000031791",
    "fillingDate": "2012-03-31",
    "acceptedDate": "2012-03-31 00:00:00",
    "calendarYear": "2012",
    "period": "Q1",
    "revenue": 510890000,
    "costOfRevenue": 278876000,
    "grossProfit": 232014000,
    "grossProfitRatio": 0.4541368984,
    "researchAndDevelopmentExpenses": 32624000,
    "generalAndAdministrativeExpenses": 0,
    "sellingAndMarketingExpenses": 0,
    "sellingGeneralAndAdministrativeExpenses": 156849000,
    "otherExpenses": -1603000,
    "operatingExpenses": 189473000,
    "costAndExpenses": 468349000,
    "interestIncome": 210000,
    "interestExpense": 11437000,
    "depreciationAndAmortization": 38376000,
    "ebitda": 74758000,
    "ebitdaratio": 0.1463289554,
    "operatingIncome": 36382000,
    "operatingIncomeRatio": 0.0712129813,
    "totalOtherIncomeExpensesNet": -12830000,
    "incomeBeforeTax": 23552000,
    "incomeBeforeTaxRatio": 0.0460999432,
    "incomeTaxExpense": 1476000,
    "netIncome": 22569000,
    "netIncomeRatio": 0.04417585,
    "eps": 0.2,
    "epsdiluted": 0.2,
    "weightedAverageShsOut": 113097000,
    "weightedAverageShsOutDil": 114119000,
    "link": null,
    "finalLink": null
  },
  {
    "date": "2011-12-31",
    "symbol": "RVTY",
    "reportedCurrency": "USD",
    "cik": "0000031791",
    "fillingDate": "2011-12-31",
    "acceptedDate": "2011-12-31 00:00:00",
    "calendarYear": "2011",
    "period": "Q4",
    "revenue": 540192000,
    "costOfRevenue": 298386000,
    "grossProfit": 241806000,
    "grossProfitRatio": 0.4476297317,
    "researchAndDevelopmentExpenses": 31105000,
    "generalAndAdministrativeExpenses": 0,
    "sellingAndMarketingExpenses": 0,
    "sellingGeneralAndAdministrativeExpenses": 217495000,
    "otherExpenses": 0,
    "operatingExpenses": 248600000,
    "costAndExpenses": 546986000,
    "interestIncome": 530000,
    "interestExpense": 12205000,
    "depreciationAndAmortization": 32203000,
    "ebitda": 11665000,
    "ebitdaratio": 0.0215941739,
    "operatingIncome": -6264000,
    "operatingIncomeRatio": -0.011595877,
    "totalOtherIncomeExpensesNet": -26479000,
    "incomeBeforeTax": -32743000,
    "incomeBeforeTaxRatio": -0.0606136337,
    "incomeTaxExpense": 46579000,
    "netIncome": -79322000,
    "netIncomeRatio": -0.1468403827,
    "eps": -0.7,
    "epsdiluted": -0.7,
    "weightedAverageShsOut": 112976000,
    "weightedAverageShsOutDil": 113864000,
    "link": null,
    "finalLink": null
  },
  {
    "date": "2011-09-30",
    "symbol": "RVTY",
    "reportedCurrency": "USD",
    "cik": "0000031791",
    "fillingDate": "2011-09-30",
    "acceptedDate": "2011-09-30 00:00:00",
    "calendarYear": "2011",
    "period": "Q3",
    "revenue": 453740000,
    "costOfRevenue": 254193000,
    "grossProfit": 199547000,
    "grossProfitRatio": 0.4397826949,
    "researchAndDevelopmentExpenses": 30234000,
    "generalAndAdministrativeExpenses": 0,
    "sellingAndMarketingExpenses": 0,
    "sellingGeneralAndAdministrativeExpenses": 135105000,
    "otherExpenses": 0,
    "operatingExpenses": 165339000,
    "costAndExpenses": 419532000,
    "interestIncome": 549000,
    "interestExpense": 4449000,
    "depreciationAndAmortization": 28666000,
    "ebitda": 62874000,
    "ebitdaratio": 0.1385683431,
    "operatingIncome": 34208000,
    "operatingIncomeRatio": 0.0753911932,
    "totalOtherIncomeExpensesNet": -3916000,
    "incomeBeforeTax": 30292000,
    "incomeBeforeTaxRatio": 0.0667607,
    "incomeTaxExpense": 3591000,
    "netIncome": 26701000,
    "netIncomeRatio": 0.058846476,
    "eps": 0.24,
    "epsdiluted": 0.24,
    "weightedAverageShsOut": 112703000,
    "weightedAverageShsOutDil": 113425000,
    "link": null,
    "finalLink": null
  },
  {
    "date": "2011-06-30",
    "symbol": "RVTY",
    "reportedCurrency": "USD",
    "cik": "0000031791",
    "fillingDate": "2011-06-30",
    "acceptedDate": "2011-06-30 00:00:00",
    "calendarYear": "2011",
    "period": "Q2",
    "revenue": 479491000,
    "costOfRevenue": 270486000,
    "grossProfit": 209005000,
    "grossProfitRatio": 0.4358893076,
    "researchAndDevelopmentExpenses": 28165000,
    "generalAndAdministrativeExpenses": 0,
    "sellingAndMarketingExpenses": 0,
    "sellingGeneralAndAdministrativeExpenses": 140010000,
    "otherExpenses": 0,
    "operatingExpenses": 168175000,
    "costAndExpenses": 438661000,
    "interestIncome": 483000,
    "interestExpense": 4213000,
    "depreciationAndAmortization": 30471000,
    "ebitda": 66009000,
    "ebitdaratio": 0.137664732,
    "operatingIncome": 37490000,
    "operatingIncomeRatio": 0.0781870775,
    "totalOtherIncomeExpensesNet": -4271000,
    "incomeBeforeTax": 33219000,
    "incomeBeforeTaxRatio": 0.0692797154,
    "incomeTaxExpense": 5326000,
    "netIncome": 29761000,
    "netIncomeRatio": 0.0620679012,
    "eps": 0.26,
    "epsdiluted": 0.26,
    "weightedAverageShsOut": 112494000,
    "weightedAverageShsOutDil": 113623000,
    "link": null,
    "finalLink": null
  },
  {
    "date": "2011-03-31",
    "symbol": "RVTY",
    "reportedCurrency": "USD",
    "cik": "0000031791",
    "fillingDate": "2011-03-31",
    "acceptedDate": "2011-03-31 00:00:00",
    "calendarYear": "2011",
    "period": "Q1",
    "revenue": 447864000,
    "costOfRevenue": 247643000,
    "grossProfit": 200221000,
    "grossProfitRatio": 0.4470575889,
    "researchAndDevelopmentExpenses": 26317000,
    "generalAndAdministrativeExpenses": 0,
    "sellingAndMarketingExpenses": 0,
    "sellingGeneralAndAdministrativeExpenses": 134562000,
    "otherExpenses": 0,
    "operatingExpenses": 160879000,
    "costAndExpenses": 408522000,
    "interestIncome": 322000,
    "interestExpense": 3916000,
    "depreciationAndAmortization": 24275000,
    "ebitda": 63544000,
    "ebitdaratio": 0.1418823571,
    "operatingIncome": 39342000,
    "operatingIncomeRatio": 0.0878436311,
    "totalOtherIncomeExpensesNet": -3667000,
    "incomeBeforeTax": 33586000,
    "incomeBeforeTaxRatio": 0.0749915153,
    "incomeTaxExpense": 7686000,
    "netIncome": 24913000,
    "netIncomeRatio": 0.0556262615,
    "eps": 0.22,
    "epsdiluted": 0.22,
    "weightedAverageShsOut": 113998000,
    "weightedAverageShsOutDil": 115140000,
    "link": null,
    "finalLink": null
  },
  {
    "date": "2010-12-31",
    "symbol": "RVTY",
    "reportedCurrency": "USD",
    "cik": "0000031791",
    "fillingDate": "2010-12-31",
    "acceptedDate": "2010-12-31 00:00:00",
    "calendarYear": "2010",
    "period": "Q4",
    "revenue": 469970000,
    "costOfRevenue": 261641000,
    "grossProfit": 208329000,
    "grossProfitRatio": 0.4432814861,
    "researchAndDevelopmentExpenses": 25612000,
    "generalAndAdministrativeExpenses": 0,
    "sellingAndMarketingExpenses": 0,
    "sellingGeneralAndAdministrativeExpenses": 125266000,
    "otherExpenses": 0,
    "operatingExpenses": 150878000,
    "costAndExpenses": 412519000,
    "interestIncome": 290000,
    "interestExpense": 3954000,
    "depreciationAndAmortization": 32713000,
    "ebitda": 72100000,
    "ebitdaratio": 0.1534140477,
    "operatingIncome": 48321000,
    "operatingIncomeRatio": 0.1028172011,
    "totalOtherIncomeExpensesNet": -3468000,
    "incomeBeforeTax": 44853000,
    "incomeBeforeTaxRatio": 0.0954380067,
    "incomeTaxExpense": 2291000,
    "netIncome": 42562000,
    "netIncomeRatio": 0.0905632274,
    "eps": 0.36,
    "epsdiluted": 0.36,
    "weightedAverageShsOut": 117109000,
    "weightedAverageShsOutDil": 117982000,
    "link": null,
    "finalLink": null
  },
  {
    "date": "2010-09-30",
    "symbol": "RVTY",
    "reportedCurrency": "USD",
    "cik": "0000031791",
    "fillingDate": "2010-09-30",
    "acceptedDate": "2010-09-30 00:00:00",
    "calendarYear": "2010",
    "period": "Q3",
    "revenue": 419143000,
    "costOfRevenue": 233360000,
    "grossProfit": 185783000,
    "grossProfitRatio": 0.4432449069,
    "researchAndDevelopmentExpenses": 23814000,
    "generalAndAdministrativeExpenses": 0,
    "sellingAndMarketingExpenses": 0,
    "sellingGeneralAndAdministrativeExpenses": 120552000,
    "otherExpenses": 0,
    "operatingExpenses": 144366000,
    "costAndExpenses": 377726000,
    "interestIncome": 192000,
    "interestExpense": 4185000,
    "depreciationAndAmortization": 17544000,
    "ebitda": 61715000,
    "ebitdaratio": 0.1472409178,
    "operatingIncome": 41417000,
    "operatingIncomeRatio": 0.0988135314,
    "totalOtherIncomeExpensesNet": -6680000,
    "incomeBeforeTax": 34737000,
    "incomeBeforeTaxRatio": 0.0828762499,
    "incomeTaxExpense": 8192000,
    "netIncome": 26545000,
    "netIncomeRatio": 0.0633316076,
    "eps": 0.23,
    "epsdiluted": 0.22,
    "weightedAverageShsOut": 117475000,
    "weightedAverageShsOutDil": 118207000,
    "link": null,
    "finalLink": null
  },
  {
    "date": "2010-06-30",
    "symbol": "RVTY",
    "reportedCurrency": "USD",
    "cik": "0000031791",
    "fillingDate": "2010-06-30",
    "acceptedDate": "2010-06-30 00:00:00",
    "calendarYear": "2010",
    "period": "Q2",
    "revenue": 497839000,
    "costOfRevenue": 285035000,
    "grossProfit": 212804000,
    "grossProfitRatio": 0.4274554625,
    "researchAndDevelopmentExpenses": 27039000,
    "generalAndAdministrativeExpenses": 0,
    "sellingAndMarketingExpenses": 0,
    "sellingGeneralAndAdministrativeExpenses": 133294000,
    "otherExpenses": 0,
    "operatingExpenses": 160333000,
    "costAndExpenses": 445368000,
    "interestIncome": 169000,
    "interestExpense": 4230000,
    "depreciationAndAmortization": 34948000,
    "ebitda": 77569000,
    "ebitdaratio": 0.1558114169,
    "operatingIncome": 42621000,
    "operatingIncomeRatio": 0.0856120151,
    "totalOtherIncomeExpensesNet": -88141000,
    "incomeBeforeTax": 63992000,
    "incomeBeforeTaxRatio": 0.1285395479,
    "incomeTaxExpense": 10137000,
    "netIncome": 57643000,
    "netIncomeRatio": 0.1157864289,
    "eps": 0.49,
    "epsdiluted": 0.49,
    "weightedAverageShsOut": 117361000,
    "weightedAverageShsOutDil": 118304000,
    "link": null,
    "finalLink": null
  },
  {
    "date": "2010-03-31",
    "symbol": "RVTY",
    "reportedCurrency": "USD",
    "cik": "0000031791",
    "fillingDate": "2010-03-31",
    "acceptedDate": "2010-03-31 00:00:00",
    "calendarYear": "2010",
    "period": "Q1",
    "revenue": 465092000,
    "costOfRevenue": 266460000,
    "grossProfit": 198632000,
    "grossProfitRatio": 0.4270810936,
    "researchAndDevelopmentExpenses": 27089000,
    "generalAndAdministrativeExpenses": 0,
    "sellingAndMarketingExpenses": 0,
    "sellingGeneralAndAdministrativeExpenses": 132094000,
    "otherExpenses": 0,
    "operatingExpenses": 159183000,
    "costAndExpenses": 425643000,
    "interestIncome": 181000,
    "interestExpense": 4071000,
    "depreciationAndAmortization": 23770000,
    "ebitda": 51301000,
    "ebitdaratio": 0.1103029078,
    "operatingIncome": 39449000,
    "operatingIncomeRatio": 0.0848197776,
    "totalOtherIncomeExpensesNet": -3122000,
    "incomeBeforeTax": 36060000,
    "incomeBeforeTaxRatio": 0.0775330472,
    "incomeTaxExpense": 9953000,
    "netIncome": 24391000,
    "netIncomeRatio": 0.0524433875,
    "eps": 0.21,
    "epsdiluted": 0.21,
    "weightedAverageShsOut": 117189000,
    "weightedAverageShsOutDil": 117931000,
    "link": null,
    "finalLink": null
  },
  {
    "date": "2009-12-31",
    "symbol": "RVTY",
    "reportedCurrency": "USD",
    "cik": "0000031791",
    "fillingDate": "2009-12-31",
    "acceptedDate": "2009-12-31 00:00:00",
    "calendarYear": "2009",
    "period": "Q4",
    "revenue": 508988000,
    "costOfRevenue": 292192000,
    "grossProfit": 216796000,
    "grossProfitRatio": 0.4259353855,
    "researchAndDevelopmentExpenses": 28374000,
    "generalAndAdministrativeExpenses": 0,
    "sellingAndMarketingExpenses": 0,
    "sellingGeneralAndAdministrativeExpenses": 130892000,
    "otherExpenses": 0,
    "operatingExpenses": 159266000,
    "costAndExpenses": 451458000,
    "interestIncome": 1035000,
    "interestExpense": 3317000,
    "depreciationAndAmortization": 25828000,
    "ebitda": 82493000,
    "ebitdaratio": 0.1620725832,
    "operatingIncome": 57505000,
    "operatingIncomeRatio": 0.1129790879,
    "totalOtherIncomeExpensesNet": -3097000,
    "incomeBeforeTax": 54408000,
    "incomeBeforeTaxRatio": 0.1068944651,
    "incomeTaxExpense": 15701000,
    "netIncome": 39946000,
    "netIncomeRatio": 0.0784812216,
    "eps": 0.34,
    "epsdiluted": 0.34,
    "weightedAverageShsOut": 116250000,
    "weightedAverageShsOutDil": 116590000,
    "link": null,
    "finalLink": null
  },
  {
    "date": "2009-09-30",
    "symbol": "RVTY",
    "reportedCurrency": "USD",
    "cik": "0000031791",
    "fillingDate": "2009-09-30",
    "acceptedDate": "2009-09-30 00:00:00",
    "calendarYear": "2009",
    "period": "Q3",
    "revenue": 437065000,
    "costOfRevenue": 249495000,
    "grossProfit": 187570000,
    "grossProfitRatio": 0.4291581344,
    "researchAndDevelopmentExpenses": 27336000,
    "generalAndAdministrativeExpenses": 0,
    "sellingAndMarketingExpenses": 0,
    "sellingGeneralAndAdministrativeExpenses": 121431000,
    "otherExpenses": 0,
    "operatingExpenses": 148767000,
    "costAndExpenses": 398262000,
    "interestIncome": 124000,
    "interestExpense": 4147000,
    "depreciationAndAmortization": 23196000,
    "ebitda": 35083000,
    "ebitdaratio": 0.0802695251,
    "operatingIncome": 38927000,
    "operatingIncomeRatio": 0.0890645556,
    "totalOtherIncomeExpensesNet": -4550000,
    "incomeBeforeTax": 21599000,
    "incomeBeforeTaxRatio": 0.0494182787,
    "incomeTaxExpense": 5578000,
    "netIncome": 13589000,
    "netIncomeRatio": 0.0310914852,
    "eps": 0.12,
    "epsdiluted": 0.12,
    "weightedAverageShsOut": 116211000,
    "weightedAverageShsOutDil": 116641000,
    "link": null,
    "finalLink": null
  },
  {
    "date": "2009-06-30",
    "symbol": "RVTY",
    "reportedCurrency": "USD",
    "cik": "0000031791",
    "fillingDate": "2009-06-30",
    "acceptedDate": "2009-06-30 00:00:00",
    "calendarYear": "2009",
    "period": "Q2",
    "revenue": 434575000,
    "costOfRevenue": 247102000,
    "grossProfit": 187473000,
    "grossProfitRatio": 0.4313938906,
    "researchAndDevelopmentExpenses": 25568000,
    "generalAndAdministrativeExpenses": 0,
    "sellingAndMarketingExpenses": 0,
    "sellingGeneralAndAdministrativeExpenses": 123962000,
    "otherExpenses": 0,
    "operatingExpenses": 149530000,
    "costAndExpenses": 396632000,
    "interestIncome": 176000,
    "interestExpense": 4229000,
    "depreciationAndAmortization": 22454000,
    "ebitda": 60397000,
    "ebitdaratio": 0.1389794627,
    "operatingIncome": 37943000,
    "operatingIncomeRatio": 0.0873105908,
    "totalOtherIncomeExpensesNet": -4181000,
    "incomeBeforeTax": 33762000,
    "incomeBeforeTaxRatio": 0.0776896968,
    "incomeTaxExpense": 10807000,
    "netIncome": 21505000,
    "netIncomeRatio": 0.0494851291,
    "eps": 0.19,
    "epsdiluted": 0.18,
    "weightedAverageShsOut": 116063000,
    "weightedAverageShsOutDil": 116268000,
    "link": null,
    "finalLink": null
  },
  {
    "date": "2009-03-31",
    "symbol": "RVTY",
    "reportedCurrency": "USD",
    "cik": "0000031791",
    "fillingDate": "2009-03-31",
    "acceptedDate": "2009-03-31 00:00:00",
    "calendarYear": "2009",
    "period": "Q1",
    "revenue": 431574000,
    "costOfRevenue": 243619000,
    "grossProfit": 187955000,
    "grossProfitRatio": 0.4355104802,
    "researchAndDevelopmentExpenses": 25973000,
    "generalAndAdministrativeExpenses": 0,
    "sellingAndMarketingExpenses": 0,
    "sellingGeneralAndAdministrativeExpenses": 128414000,
    "otherExpenses": 0,
    "operatingExpenses": 154387000,
    "costAndExpenses": 398006000,
    "interestIncome": 477000,
    "interestExpense": 5314000,
    "depreciationAndAmortization": 29901000,
    "ebitda": 46747000,
    "ebitdaratio": 0.1083174612,
    "operatingIncome": 25745000,
    "operatingIncomeRatio": 0.0596537326,
    "totalOtherIncomeExpensesNet": -5261000,
    "incomeBeforeTax": 20908000,
    "incomeBeforeTaxRatio": 0.0484459212,
    "incomeTaxExpense": 5847000,
    "netIncome": 15061000,
    "netIncomeRatio": 0.0348978391,
    "eps": 0.13,
    "epsdiluted": 0.13,
    "weightedAverageShsOut": 116408000,
    "weightedAverageShsOutDil": 116552000,
    "link": null,
    "finalLink": null
  },
  {
    "date": "2008-12-31",
    "symbol": "RVTY",
    "reportedCurrency": "USD",
    "cik": "0000031791",
    "fillingDate": "2008-12-31",
    "acceptedDate": "2008-12-31 00:00:00",
    "calendarYear": "2008",
    "period": "Q4",
    "revenue": 421369000,
    "costOfRevenue": 219641000,
    "grossProfit": 201728000,
    "grossProfitRatio": 0.4787442835,
    "researchAndDevelopmentExpenses": 21528000,
    "generalAndAdministrativeExpenses": 0,
    "sellingAndMarketingExpenses": 0,
    "sellingGeneralAndAdministrativeExpenses": 116666000,
    "otherExpenses": 0,
    "operatingExpenses": 138194000,
    "costAndExpenses": 357835000,
    "interestIncome": 0,
    "interestExpense": 47706000,
    "depreciationAndAmortization": 19235000,
    "ebitda": 82769000,
    "ebitdaratio": 0.1964287833,
    "operatingIncome": 86103000,
    "operatingIncomeRatio": 0.2043410882,
    "totalOtherIncomeExpensesNet": -29301000,
    "incomeBeforeTax": 34952000,
    "incomeBeforeTaxRatio": 0.0829486744,
    "incomeTaxExpense": 7734000,
    "netIncome": 30663000,
    "netIncomeRatio": 0.0727699475,
    "eps": 0.26,
    "epsdiluted": 0.26,
    "weightedAverageShsOut": 117659000,
    "weightedAverageShsOutDil": 118687000,
    "link": null,
    "finalLink": null
  },
  {
    "date": "2008-09-30",
    "symbol": "RVTY",
    "reportedCurrency": "USD",
    "cik": "0000031791",
    "fillingDate": "2008-09-30",
    "acceptedDate": "2008-09-30 00:00:00",
    "calendarYear": "2008",
    "period": "Q3",
    "revenue": 505117000,
    "costOfRevenue": 293957000,
    "grossProfit": 211160000,
    "grossProfitRatio": 0.4180417606,
    "researchAndDevelopmentExpenses": 27526000,
    "generalAndAdministrativeExpenses": 0,
    "sellingAndMarketingExpenses": 0,
    "sellingGeneralAndAdministrativeExpenses": 131118000,
    "otherExpenses": 0,
    "operatingExpenses": 158644000,
    "costAndExpenses": 452601000,
    "interestIncome": 0,
    "interestExpense": 13077000,
    "depreciationAndAmortization": 23569000,
    "ebitda": 77672000,
    "ebitdaratio": 0.1537703146,
    "operatingIncome": 39439000,
    "operatingIncomeRatio": 0.0780789401,
    "totalOtherIncomeExpensesNet": -6050000,
    "incomeBeforeTax": 39252000,
    "incomeBeforeTaxRatio": 0.0777087289,
    "incomeTaxExpense": -4506000,
    "netIncome": 51902000,
    "netIncomeRatio": 0.1027524316,
    "eps": 0.44,
    "epsdiluted": 0.43,
    "weightedAverageShsOut": 118347000,
    "weightedAverageShsOutDil": 119609000,
    "link": null,
    "finalLink": null
  },
  {
    "date": "2008-06-30",
    "symbol": "RVTY",
    "reportedCurrency": "USD",
    "cik": "0000031791",
    "fillingDate": "2008-06-30",
    "acceptedDate": "2008-06-30 00:00:00",
    "calendarYear": "2008",
    "period": "Q2",
    "revenue": 528636000,
    "costOfRevenue": 308996000,
    "grossProfit": 219640000,
    "grossProfitRatio": 0.4154843787,
    "researchAndDevelopmentExpenses": 29890000,
    "generalAndAdministrativeExpenses": 0,
    "sellingAndMarketingExpenses": 0,
    "sellingGeneralAndAdministrativeExpenses": 143022000,
    "otherExpenses": 0,
    "operatingExpenses": 172912000,
    "costAndExpenses": 481908000,
    "interestIncome": 827000,
    "interestExpense": 12407000,
    "depreciationAndAmortization": 22549000,
    "ebitda": 67001000,
    "ebitdaratio": 0.1267431654,
    "operatingIncome": 47033000,
    "operatingIncomeRatio": 0.0889704825,
    "totalOtherIncomeExpensesNet": -4949000,
    "incomeBeforeTax": 42085000,
    "incomeBeforeTaxRatio": 0.0796105449,
    "incomeTaxExpense": 10339000,
    "netIncome": 31746000,
    "netIncomeRatio": 0.0600526638,
    "eps": 0.27,
    "epsdiluted": 0.27,
    "weightedAverageShsOut": 117811000,
    "weightedAverageShsOutDil": 119263000,
    "link": null,
    "finalLink": null
  },
  {
    "date": "2008-03-31",
    "symbol": "RVTY",
    "reportedCurrency": "USD",
    "cik": "0000031791",
    "fillingDate": "2008-03-31",
    "acceptedDate": "2008-03-31 00:00:00",
    "calendarYear": "2008",
    "period": "Q1",
    "revenue": 482343000,
    "costOfRevenue": 284766000,
    "grossProfit": 197577000,
    "grossProfitRatio": 0.4096192958,
    "researchAndDevelopmentExpenses": 29118000,
    "generalAndAdministrativeExpenses": 0,
    "sellingAndMarketingExpenses": 0,
    "sellingGeneralAndAdministrativeExpenses": 132077000,
    "otherExpenses": 0,
    "operatingExpenses": 161195000,
    "costAndExpenses": 445961000,
    "interestIncome": 0,
    "interestExpense": 8945000,
    "depreciationAndAmortization": 22723000,
    "ebitda": 59105000,
    "ebitdaratio": 0.1225372816,
    "operatingIncome": 36382000,
    "operatingIncomeRatio": 0.0754276521,
    "totalOtherIncomeExpensesNet": -5310000,
    "incomeBeforeTax": 31072000,
    "incomeBeforeTaxRatio": 0.0644188886,
    "incomeTaxExpense": 7649000,
    "netIncome": 20138000,
    "netIncomeRatio": 0.0417503727,
    "eps": 0.17,
    "epsdiluted": 0.17,
    "weightedAverageShsOut": 117305000,
    "weightedAverageShsOutDil": 118459000,
    "link": null,
    "finalLink": null
  },
  {
    "date": "2007-12-31",
    "symbol": "RVTY",
    "reportedCurrency": "USD",
    "cik": "0000031791",
    "fillingDate": "2007-12-31",
    "acceptedDate": "2007-12-31 00:00:00",
    "calendarYear": "2007",
    "period": "Q4",
    "revenue": 511473000,
    "costOfRevenue": 297902000,
    "grossProfit": 213571000,
    "grossProfitRatio": 0.4175606533,
    "researchAndDevelopmentExpenses": 28771000,
    "generalAndAdministrativeExpenses": 0,
    "sellingAndMarketingExpenses": 0,
    "sellingGeneralAndAdministrativeExpenses": 126884000,
    "otherExpenses": 0,
    "operatingExpenses": 155655000,
    "costAndExpenses": 453557000,
    "interestIncome": 0,
    "interestExpense": 22386000,
    "depreciationAndAmortization": 35912000,
    "ebitda": 78891000,
    "ebitdaratio": 0.154242746,
    "operatingIncome": 51082000,
    "operatingIncomeRatio": 0.0998723295,
    "totalOtherIncomeExpensesNet": -5401000,
    "incomeBeforeTax": 45681000,
    "incomeBeforeTaxRatio": 0.0893126323,
    "incomeTaxExpense": -8929000,
    "netIncome": 52562000,
    "netIncomeRatio": 0.1027659329,
    "eps": 0.44,
    "epsdiluted": 0.44,
    "weightedAverageShsOut": 118636036,
    "weightedAverageShsOutDil": 120812844,
    "link": null,
    "finalLink": null
  },
  {
    "date": "2007-09-30",
    "symbol": "RVTY",
    "reportedCurrency": "USD",
    "cik": "0000031791",
    "fillingDate": "2007-09-30",
    "acceptedDate": "2007-09-30 00:00:00",
    "calendarYear": "2007",
    "period": "Q3",
    "revenue": 435668000,
    "costOfRevenue": 257167000,
    "grossProfit": 178501000,
    "grossProfitRatio": 0.4097179504,
    "researchAndDevelopmentExpenses": 27691000,
    "generalAndAdministrativeExpenses": 0,
    "sellingAndMarketingExpenses": 0,
    "sellingGeneralAndAdministrativeExpenses": 106406000,
    "otherExpenses": 0,
    "operatingExpenses": 134097000,
    "costAndExpenses": 391264000,
    "interestIncome": 0,
    "interestExpense": 5008000,
    "depreciationAndAmortization": 18872000,
    "ebitda": 63905000,
    "ebitdaratio": 0.1466827952,
    "operatingIncome": 45836000,
    "operatingIncomeRatio": 0.1052085533,
    "totalOtherIncomeExpensesNet": -5280000,
    "incomeBeforeTax": 40556000,
    "incomeBeforeTaxRatio": 0.0930892331,
    "incomeTaxExpense": 9454000,
    "netIncome": 30745000,
    "netIncomeRatio": 0.0705697917,
    "eps": 0.26,
    "epsdiluted": 0.26,
    "weightedAverageShsOut": 117583000,
    "weightedAverageShsOutDil": 119453000,
    "link": null,
    "finalLink": null
  },
  {
    "date": "2007-06-30",
    "symbol": "RVTY",
    "reportedCurrency": "USD",
    "cik": "0000031791",
    "fillingDate": "2007-06-30",
    "acceptedDate": "2007-06-30 00:00:00",
    "calendarYear": "2007",
    "period": "Q2",
    "revenue": 437290000,
    "costOfRevenue": 263312000,
    "grossProfit": 173978000,
    "grossProfitRatio": 0.3978549704,
    "researchAndDevelopmentExpenses": 27316000,
    "generalAndAdministrativeExpenses": 0,
    "sellingAndMarketingExpenses": 0,
    "sellingGeneralAndAdministrativeExpenses": 109357000,
    "otherExpenses": -15346000,
    "operatingExpenses": 121327000,
    "costAndExpenses": 384639000,
    "interestIncome": 0,
    "interestExpense": 0,
    "depreciationAndAmortization": 14582000,
    "ebitda": 62686000,
    "ebitdaratio": 0.1433510942,
    "operatingIncome": 48104000,
    "operatingIncomeRatio": 0.1100048023,
    "totalOtherIncomeExpensesNet": -3430000,
    "incomeBeforeTax": 44674000,
    "incomeBeforeTaxRatio": 0.1021610373,
    "incomeTaxExpense": 11371000,
    "netIncome": 33687000,
    "netIncomeRatio": 0.0770358343,
    "eps": 0.28,
    "epsdiluted": 0.28,
    "weightedAverageShsOut": 118911000,
    "weightedAverageShsOutDil": 120689000,
    "link": null,
    "finalLink": null
  },
  {
    "date": "2007-03-31",
    "symbol": "RVTY",
    "reportedCurrency": "USD",
    "cik": "0000031791",
    "fillingDate": "2007-03-31",
    "acceptedDate": "2007-03-31 00:00:00",
    "calendarYear": "2007",
    "period": "Q1",
    "revenue": 402900000,
    "costOfRevenue": 244210000,
    "grossProfit": 158690000,
    "grossProfitRatio": 0.3938694465,
    "researchAndDevelopmentExpenses": 27841000,
    "generalAndAdministrativeExpenses": 0,
    "sellingAndMarketingExpenses": 0,
    "sellingGeneralAndAdministrativeExpenses": 101765000,
    "otherExpenses": 0,
    "operatingExpenses": 129606000,
    "costAndExpenses": 373816000,
    "interestIncome": 0,
    "interestExpense": 16495000,
    "depreciationAndAmortization": 20536000,
    "ebitda": 49620000,
    "ebitdaratio": 0.1231571109,
    "operatingIncome": 36746000,
    "operatingIncomeRatio": 0.0912037726,
    "totalOtherIncomeExpensesNet": -2766000,
    "incomeBeforeTax": 20378000,
    "incomeBeforeTaxRatio": 0.0505783073,
    "incomeTaxExpense": 5559000,
    "netIncome": 14692000,
    "netIncomeRatio": 0.0364656242,
    "eps": 0.12,
    "epsdiluted": 0.12,
    "weightedAverageShsOut": 121685000,
    "weightedAverageShsOutDil": 123263000,
    "link": null,
    "finalLink": null
  },
  {
    "date": "2006-12-31",
    "symbol": "RVTY",
    "reportedCurrency": "USD",
    "cik": "0000031791",
    "fillingDate": "2006-12-31",
    "acceptedDate": "2006-12-31 00:00:00",
    "calendarYear": "2006",
    "period": "Q4",
    "revenue": 426986000,
    "costOfRevenue": 248132000,
    "grossProfit": 178854000,
    "grossProfitRatio": 0.4188755603,
    "researchAndDevelopmentExpenses": 27079000,
    "generalAndAdministrativeExpenses": 0,
    "sellingAndMarketingExpenses": 0,
    "sellingGeneralAndAdministrativeExpenses": 99677000,
    "otherExpenses": 3246000,
    "operatingExpenses": 130002000,
    "costAndExpenses": 378134000,
    "interestIncome": 0,
    "interestExpense": 0,
    "depreciationAndAmortization": 15383000,
    "ebitda": 67173000,
    "ebitdaratio": 0.1573189753,
    "operatingIncome": 52202000,
    "operatingIncomeRatio": 0.1222569358,
    "totalOtherIncomeExpensesNet": -1248000,
    "incomeBeforeTax": 50954000,
    "incomeBeforeTaxRatio": 0.1193341234,
    "incomeTaxExpense": 9885000,
    "netIncome": 41728000,
    "netIncomeRatio": 0.0977268576,
    "eps": 0.33,
    "epsdiluted": 0.33,
    "weightedAverageShsOut": 124565625,
    "weightedAverageShsOutDil": 125876842,
    "link": null,
    "finalLink": null
  },
  {
    "date": "2006-09-30",
    "symbol": "RVTY",
    "reportedCurrency": "USD",
    "cik": "0000031791",
    "fillingDate": "2006-09-30",
    "acceptedDate": "2006-09-30 00:00:00",
    "calendarYear": "2006",
    "period": "Q3",
    "revenue": 386917000,
    "costOfRevenue": 230976000,
    "grossProfit": 155941000,
    "grossProfitRatio": 0.4030347594,
    "researchAndDevelopmentExpenses": 24762000,
    "generalAndAdministrativeExpenses": 0,
    "sellingAndMarketingExpenses": 0,
    "sellingGeneralAndAdministrativeExpenses": 94664000,
    "otherExpenses": 0,
    "operatingExpenses": 119426000,
    "costAndExpenses": 350402000,
    "interestIncome": 0,
    "interestExpense": 0,
    "depreciationAndAmortization": 17150000,
    "ebitda": 53665000,
    "ebitdaratio": 0.1386989975,
    "operatingIncome": 36515000,
    "operatingIncomeRatio": 0.0943742456,
    "totalOtherIncomeExpensesNet": 223000,
    "incomeBeforeTax": 36738000,
    "incomeBeforeTaxRatio": 0.0949505966,
    "incomeTaxExpense": 7823000,
    "netIncome": 29753000,
    "netIncomeRatio": 0.0768976292,
    "eps": 0.24,
    "epsdiluted": 0.24,
    "weightedAverageShsOut": 124277000,
    "weightedAverageShsOutDil": 125171000,
    "link": null,
    "finalLink": null
  },
  {
    "date": "2006-06-30",
    "symbol": "RVTY",
    "reportedCurrency": "USD",
    "cik": "0000031791",
    "fillingDate": "2006-06-30",
    "acceptedDate": "2006-06-30 00:00:00",
    "calendarYear": "2006",
    "period": "Q2",
    "revenue": 377001000,
    "costOfRevenue": 225412000,
    "grossProfit": 151589000,
    "grossProfitRatio": 0.4020917716,
    "researchAndDevelopmentExpenses": 25036000,
    "generalAndAdministrativeExpenses": 0,
    "sellingAndMarketingExpenses": 0,
    "sellingGeneralAndAdministrativeExpenses": 92655000,
    "otherExpenses": -1505000,
    "operatingExpenses": 116186000,
    "costAndExpenses": 341598000,
    "interestIncome": 0,
    "interestExpense": 3509000,
    "depreciationAndAmortization": 16861000,
    "ebitda": 52404000,
    "ebitdaratio": 0.1390022838,
    "operatingIncome": 35693000,
    "operatingIncomeRatio": 0.0946761414,
    "totalOtherIncomeExpensesNet": -1814000,
    "incomeBeforeTax": 33879000,
    "incomeBeforeTaxRatio": 0.0898644831,
    "incomeTaxExpense": 7559000,
    "netIncome": 24485000,
    "netIncomeRatio": 0.0649467773,
    "eps": 0.19,
    "epsdiluted": 0.19,
    "weightedAverageShsOut": 126119000,
    "weightedAverageShsOutDil": 127401000,
    "link": null,
    "finalLink": null
  },
  {
    "date": "2006-03-31",
    "symbol": "RVTY",
    "reportedCurrency": "USD",
    "cik": "0000031791",
    "fillingDate": "2006-03-31",
    "acceptedDate": "2006-03-31 00:00:00",
    "calendarYear": "2006",
    "period": "Q1",
    "revenue": 355454000,
    "costOfRevenue": 213767000,
    "grossProfit": 141687000,
    "grossProfitRatio": 0.3986085401,
    "researchAndDevelopmentExpenses": 22842000,
    "generalAndAdministrativeExpenses": 0,
    "sellingAndMarketingExpenses": 0,
    "sellingGeneralAndAdministrativeExpenses": 89853000,
    "otherExpenses": 0,
    "operatingExpenses": 112695000,
    "costAndExpenses": 326462000,
    "interestIncome": 0,
    "interestExpense": 0,
    "depreciationAndAmortization": 17442000,
    "ebitda": 46434000,
    "ebitdaratio": 0.130632937,
    "operatingIncome": 28992000,
    "operatingIncomeRatio": 0.0815632965,
    "totalOtherIncomeExpensesNet": 173000,
    "incomeBeforeTax": 29165000,
    "incomeBeforeTaxRatio": 0.082049998,
    "incomeTaxExpense": 7145000,
    "netIncome": 23617000,
    "netIncomeRatio": 0.0664417899,
    "eps": 0.19,
    "epsdiluted": 0.19,
    "weightedAverageShsOut": 127918000,
    "weightedAverageShsOutDil": 129715000,
    "link": null,
    "finalLink": null
  },
  {
    "date": "2005-12-31",
    "symbol": "RVTY",
    "reportedCurrency": "USD",
    "cik": "0000031791",
    "fillingDate": "2005-12-31",
    "acceptedDate": "2005-12-31 00:00:00",
    "calendarYear": "2005",
    "period": "Q4",
    "revenue": 381561000,
    "costOfRevenue": 238278000,
    "grossProfit": 143283000,
    "grossProfitRatio": 0.3755179382,
    "researchAndDevelopmentExpenses": 20697000,
    "generalAndAdministrativeExpenses": 0,
    "sellingAndMarketingExpenses": 0,
    "sellingGeneralAndAdministrativeExpenses": 87008000,
    "otherExpenses": -22954000,
    "operatingExpenses": 84751000,
    "costAndExpenses": 323029000,
    "interestIncome": 0,
    "interestExpense": 0,
    "depreciationAndAmortization": 68528000,
    "ebitda": 127060000,
    "ebitdaratio": 0.3330004901,
    "operatingIncome": 114224000,
    "operatingIncomeRatio": 0.2993597354,
    "totalOtherIncomeExpensesNet": -52660000,
    "incomeBeforeTax": -1948000,
    "incomeBeforeTaxRatio": -0.0051053436,
    "incomeTaxExpense": 3279000,
    "netIncome": -5227000,
    "netIncomeRatio": -0.0136989892,
    "eps": -0.0404,
    "epsdiluted": -0.0398,
    "weightedAverageShsOut": 129520773,
    "weightedAverageShsOutDil": 131425490,
    "link": null,
    "finalLink": null
  },
  {
    "date": "2005-09-30",
    "symbol": "RVTY",
    "reportedCurrency": "USD",
    "cik": "0000031791",
    "fillingDate": "2005-09-30",
    "acceptedDate": "2005-09-30 00:00:00",
    "calendarYear": "2005",
    "period": "Q3",
    "revenue": 361901000,
    "costOfRevenue": 204510000,
    "grossProfit": 157391000,
    "grossProfitRatio": 0.4349007049,
    "researchAndDevelopmentExpenses": 21808000,
    "generalAndAdministrativeExpenses": 0,
    "sellingAndMarketingExpenses": 0,
    "sellingGeneralAndAdministrativeExpenses": 87722000,
    "otherExpenses": 7159000,
    "operatingExpenses": 116689000,
    "costAndExpenses": 321199000,
    "interestIncome": 0,
    "interestExpense": 101000,
    "depreciationAndAmortization": 13847000,
    "ebitda": 54549000,
    "ebitdaratio": 0.1507290668,
    "operatingIncome": 40702000,
    "operatingIncomeRatio": 0.1124672217,
    "totalOtherIncomeExpensesNet": -6048000,
    "incomeBeforeTax": 34609000,
    "incomeBeforeTaxRatio": 0.0956311256,
    "incomeTaxExpense": 8464000,
    "netIncome": 31833000,
    "netIncomeRatio": 0.0879605196,
    "eps": 0.25,
    "epsdiluted": 0.24,
    "weightedAverageShsOut": 129543000,
    "weightedAverageShsOutDil": 131291000,
    "link": null,
    "finalLink": null
  },
  {
    "date": "2005-06-30",
    "symbol": "RVTY",
    "reportedCurrency": "USD",
    "cik": "0000031791",
    "fillingDate": "2005-06-30",
    "acceptedDate": "2005-06-30 00:00:00",
    "calendarYear": "2005",
    "period": "Q2",
    "revenue": 425546000,
    "costOfRevenue": 254571000,
    "grossProfit": 170975000,
    "grossProfitRatio": 0.4017779511,
    "researchAndDevelopmentExpenses": 22900000,
    "generalAndAdministrativeExpenses": 0,
    "sellingAndMarketingExpenses": 0,
    "sellingGeneralAndAdministrativeExpenses": 97673000,
    "otherExpenses": 7797000,
    "operatingExpenses": 128370000,
    "costAndExpenses": 382941000,
    "interestIncome": 0,
    "interestExpense": 43785000,
    "depreciationAndAmortization": 21653000,
    "ebitda": 55804000,
    "ebitdaratio": 0.1311350594,
    "operatingIncome": 58353000,
    "operatingIncomeRatio": 0.1371250112,
    "totalOtherIncomeExpensesNet": -7445000,
    "incomeBeforeTax": 19779000,
    "incomeBeforeTaxRatio": 0.0464791115,
    "incomeTaxExpense": -14330000,
    "netIncome": 28898000,
    "netIncomeRatio": 0.0679080522,
    "eps": 0.22,
    "epsdiluted": 0.22,
    "weightedAverageShsOut": 129034000,
    "weightedAverageShsOutDil": 130718000,
    "link": null,
    "finalLink": null
  },
  {
    "date": "2005-03-31",
    "symbol": "RVTY",
    "reportedCurrency": "USD",
    "cik": "0000031791",
    "fillingDate": "2005-03-31",
    "acceptedDate": "2005-03-31 00:00:00",
    "calendarYear": "2005",
    "period": "Q1",
    "revenue": 416252000,
    "costOfRevenue": 246919000,
    "grossProfit": 169333000,
    "grossProfitRatio": 0.4068040514,
    "researchAndDevelopmentExpenses": 23658000,
    "generalAndAdministrativeExpenses": 0,
    "sellingAndMarketingExpenses": 0,
    "sellingGeneralAndAdministrativeExpenses": 102555000,
    "otherExpenses": 7332000,
    "operatingExpenses": 133545000,
    "costAndExpenses": 380464000,
    "interestIncome": 0,
    "interestExpense": 8585000,
    "depreciationAndAmortization": 20439000,
    "ebitda": 47002000,
    "ebitdaratio": 0.1129171752,
    "operatingIncome": 35594000,
    "operatingIncomeRatio": 0.0855107002,
    "totalOtherIncomeExpensesNet": -8059000,
    "incomeBeforeTax": 27320000,
    "incomeBeforeTaxRatio": 0.0656333183,
    "incomeTaxExpense": 7568000,
    "netIncome": 19829000,
    "netIncomeRatio": 0.0476370084,
    "eps": 0.15,
    "epsdiluted": 0.15,
    "weightedAverageShsOut": 128828000,
    "weightedAverageShsOutDil": 131056000,
    "link": null,
    "finalLink": null
  },
  {
    "date": "2004-12-31",
    "symbol": "RVTY",
    "reportedCurrency": "USD",
    "cik": "0000031791",
    "fillingDate": "2004-12-31",
    "acceptedDate": "2004-12-31 00:00:00",
    "calendarYear": "2004",
    "period": "Q4",
    "revenue": 478606000,
    "costOfRevenue": 277386000,
    "grossProfit": 201220000,
    "grossProfitRatio": 0.4204293302,
    "researchAndDevelopmentExpenses": 23625000,
    "generalAndAdministrativeExpenses": 0,
    "sellingAndMarketingExpenses": 0,
    "sellingGeneralAndAdministrativeExpenses": 105147000,
    "otherExpenses": 8234000,
    "operatingExpenses": 137006000,
    "costAndExpenses": 414392000,
    "interestIncome": 0,
    "interestExpense": 17379000,
    "depreciationAndAmortization": 28052000,
    "ebitda": 92266000,
    "ebitdaratio": 0.1927807006,
    "operatingIncome": 64214000,
    "operatingIncomeRatio": 0.1341688153,
    "totalOtherIncomeExpensesNet": -12428000,
    "incomeBeforeTax": 51786000,
    "incomeBeforeTaxRatio": 0.1082017359,
    "incomeTaxExpense": 13855000,
    "netIncome": 37923000,
    "netIncomeRatio": 0.0792363656,
    "eps": 0.3,
    "epsdiluted": 0.29,
    "weightedAverageShsOut": 128057333,
    "weightedAverageShsOutDil": 129787838,
    "link": null,
    "finalLink": null
  },
  {
    "date": "2004-09-30",
    "symbol": "RVTY",
    "reportedCurrency": "USD",
    "cik": "0000031791",
    "fillingDate": "2004-09-30",
    "acceptedDate": "2004-09-30 00:00:00",
    "calendarYear": "2004",
    "period": "Q3",
    "revenue": 403403000,
    "costOfRevenue": 243270000,
    "grossProfit": 160133000,
    "grossProfitRatio": 0.3969554019,
    "researchAndDevelopmentExpenses": 21359000,
    "generalAndAdministrativeExpenses": 0,
    "sellingAndMarketingExpenses": 0,
    "sellingGeneralAndAdministrativeExpenses": 89042000,
    "otherExpenses": 6841000,
    "operatingExpenses": 117242000,
    "costAndExpenses": 360512000,
    "interestIncome": 0,
    "interestExpense": 8461000,
    "depreciationAndAmortization": 18558000,
    "ebitda": 61449000,
    "ebitdaratio": 0.1523265816,
    "operatingIncome": 42891000,
    "operatingIncomeRatio": 0.1063229574,
    "totalOtherIncomeExpensesNet": -8030000,
    "incomeBeforeTax": 34407000,
    "incomeBeforeTaxRatio": 0.0852918793,
    "incomeTaxExpense": 9806000,
    "netIncome": 24014000,
    "netIncomeRatio": 0.0595285608,
    "eps": 0.19,
    "epsdiluted": 0.19,
    "weightedAverageShsOut": 127562000,
    "weightedAverageShsOutDil": 129395000,
    "link": null,
    "finalLink": null
  },
  {
    "date": "2004-06-30",
    "symbol": "RVTY",
    "reportedCurrency": "USD",
    "cik": "0000031791",
    "fillingDate": "2004-06-30",
    "acceptedDate": "2004-06-30 00:00:00",
    "calendarYear": "2004",
    "period": "Q2",
    "revenue": 412614000,
    "costOfRevenue": 246473000,
    "grossProfit": 166141000,
    "grossProfitRatio": 0.4026547815,
    "researchAndDevelopmentExpenses": 22264000,
    "generalAndAdministrativeExpenses": 0,
    "sellingAndMarketingExpenses": 0,
    "sellingGeneralAndAdministrativeExpenses": 97650000,
    "otherExpenses": 7077000,
    "operatingExpenses": 126991000,
    "costAndExpenses": 373464000,
    "interestIncome": 0,
    "interestExpense": 9954000,
    "depreciationAndAmortization": 20369000,
    "ebitda": 59519000,
    "ebitdaratio": 0.1442486198,
    "operatingIncome": 39150000,
    "operatingIncomeRatio": 0.0948828687,
    "totalOtherIncomeExpensesNet": -9861000,
    "incomeBeforeTax": 29285000,
    "incomeBeforeTaxRatio": 0.0709743247,
    "incomeTaxExpense": 8361000,
    "netIncome": 20835000,
    "netIncomeRatio": 0.0504951359,
    "eps": 0.16,
    "epsdiluted": 0.16,
    "weightedAverageShsOut": 127121000,
    "weightedAverageShsOutDil": 129362000,
    "link": null,
    "finalLink": null
  },
  {
    "date": "2004-03-31",
    "symbol": "RVTY",
    "reportedCurrency": "USD",
    "cik": "0000031791",
    "fillingDate": "2004-03-31",
    "acceptedDate": "2004-03-31 00:00:00",
    "calendarYear": "2004",
    "period": "Q1",
    "revenue": 393451000,
    "costOfRevenue": 241513000,
    "grossProfit": 151938000,
    "grossProfitRatio": 0.3861675278,
    "researchAndDevelopmentExpenses": 20628000,
    "generalAndAdministrativeExpenses": 0,
    "sellingAndMarketingExpenses": 0,
    "sellingGeneralAndAdministrativeExpenses": 95870000,
    "otherExpenses": 6743000,
    "operatingExpenses": 123241000,
    "costAndExpenses": 364754000,
    "interestIncome": 0,
    "interestExpense": 11004000,
    "depreciationAndAmortization": 23651000,
    "ebitda": 51188000,
    "ebitdaratio": 0.1301000633,
    "operatingIncome": 27537000,
    "operatingIncomeRatio": 0.0699883848,
    "totalOtherIncomeExpensesNet": -9546000,
    "incomeBeforeTax": 17996000,
    "incomeBeforeTaxRatio": 0.0457388595,
    "incomeTaxExpense": 5219000,
    "netIncome": 13271000,
    "netIncomeRatio": 0.0337297402,
    "eps": 0.1,
    "epsdiluted": 0.1,
    "weightedAverageShsOut": 126685000,
    "weightedAverageShsOutDil": 128933000,
    "link": null,
    "finalLink": null
  },
  {
    "date": "2003-12-31",
    "symbol": "RVTY",
    "reportedCurrency": "USD",
    "cik": "0000031791",
    "fillingDate": "2003-12-31",
    "acceptedDate": "2003-12-31 00:00:00",
    "calendarYear": "2003",
    "period": "Q4",
    "revenue": 432564000,
    "costOfRevenue": 247904000,
    "grossProfit": 184660000,
    "grossProfitRatio": 0.4268963668,
    "researchAndDevelopmentExpenses": 20308000,
    "generalAndAdministrativeExpenses": 0,
    "sellingAndMarketingExpenses": 0,
    "sellingGeneralAndAdministrativeExpenses": 104362000,
    "otherExpenses": 6472000,
    "operatingExpenses": 131142000,
    "costAndExpenses": 379046000,
    "interestIncome": 0,
    "interestExpense": 68195000,
    "depreciationAndAmortization": 23522000,
    "ebitda": 77040000,
    "ebitdaratio": 0.1781008128,
    "operatingIncome": 108743000,
    "operatingIncomeRatio": 0.2513917016,
    "totalOtherIncomeExpensesNet": -14593000,
    "incomeBeforeTax": 39470000,
    "incomeBeforeTaxRatio": 0.0912466132,
    "incomeTaxExpense": 12618000,
    "netIncome": 27930000,
    "netIncomeRatio": 0.06456848,
    "eps": 0.22,
    "epsdiluted": 0.22,
    "weightedAverageShsOut": 126092857,
    "weightedAverageShsOutDil": 129168293,
    "link": null,
    "finalLink": null
  },
  {
    "date": "2003-09-30",
    "symbol": "RVTY",
    "reportedCurrency": "USD",
    "cik": "0000031791",
    "fillingDate": "2003-09-30",
    "acceptedDate": "2003-09-30 00:00:00",
    "calendarYear": "2003",
    "period": "Q3",
    "revenue": 367085000,
    "costOfRevenue": 214545000,
    "grossProfit": 152540000,
    "grossProfitRatio": 0.4155440838,
    "researchAndDevelopmentExpenses": 20108000,
    "generalAndAdministrativeExpenses": 0,
    "sellingAndMarketingExpenses": 0,
    "sellingGeneralAndAdministrativeExpenses": 91686000,
    "otherExpenses": 6650000,
    "operatingExpenses": 118444000,
    "costAndExpenses": 332989000,
    "interestIncome": 0,
    "interestExpense": 13138000,
    "depreciationAndAmortization": 21525000,
    "ebitda": 55442000,
    "ebitdaratio": 0.1510331395,
    "operatingIncome": 33917000,
    "operatingIncomeRatio": 0.0923954942,
    "totalOtherIncomeExpensesNet": -13287000,
    "incomeBeforeTax": 20630000,
    "incomeBeforeTaxRatio": 0.0561995178,
    "incomeTaxExpense": 6499000,
    "netIncome": 14266000,
    "netIncomeRatio": 0.0388629337,
    "eps": 0.11,
    "epsdiluted": 0.11,
    "weightedAverageShsOut": 126287000,
    "weightedAverageShsOutDil": 128034000,
    "link": null,
    "finalLink": null
  },
  {
    "date": "2003-06-30",
    "symbol": "RVTY",
    "reportedCurrency": "USD",
    "cik": "0000031791",
    "fillingDate": "2003-06-30",
    "acceptedDate": "2003-06-30 00:00:00",
    "calendarYear": "2003",
    "period": "Q2",
    "revenue": 377124000,
    "costOfRevenue": 224540000,
    "grossProfit": 152584000,
    "grossProfitRatio": 0.4045990178,
    "researchAndDevelopmentExpenses": 21877000,
    "generalAndAdministrativeExpenses": 0,
    "sellingAndMarketingExpenses": 0,
    "sellingGeneralAndAdministrativeExpenses": 97477000,
    "otherExpenses": 5935000,
    "operatingExpenses": 125289000,
    "costAndExpenses": 349829000,
    "interestIncome": 0,
    "interestExpense": 9906000,
    "depreciationAndAmortization": 23568000,
    "ebitda": 50351000,
    "ebitdaratio": 0.133513115,
    "operatingIncome": 23459000,
    "operatingIncomeRatio": 0.0622050042,
    "totalOtherIncomeExpensesNet": -14160000,
    "incomeBeforeTax": 15863000,
    "incomeBeforeTaxRatio": 0.042063088,
    "incomeTaxExpense": 5155000,
    "netIncome": 8398000,
    "netIncomeRatio": 0.0222685377,
    "eps": 0.07,
    "epsdiluted": 0.07,
    "weightedAverageShsOut": 125707000,
    "weightedAverageShsOutDil": 126898000,
    "link": null,
    "finalLink": null
  },
  {
    "date": "2003-03-31",
    "symbol": "RVTY",
    "reportedCurrency": "USD",
    "cik": "0000031791",
    "fillingDate": "2003-03-31",
    "acceptedDate": "2003-03-31 00:00:00",
    "calendarYear": "2003",
    "period": "Q1",
    "revenue": 358449000,
    "costOfRevenue": 219280000,
    "grossProfit": 139169000,
    "grossProfitRatio": 0.3882532801,
    "researchAndDevelopmentExpenses": 20852000,
    "generalAndAdministrativeExpenses": 0,
    "sellingAndMarketingExpenses": 0,
    "sellingGeneralAndAdministrativeExpenses": 92879000,
    "otherExpenses": 6615000,
    "operatingExpenses": 120346000,
    "costAndExpenses": 339626000,
    "interestIncome": 0,
    "interestExpense": 28184000,
    "depreciationAndAmortization": 21155000,
    "ebitda": 40490000,
    "ebitdaratio": 0.1129588868,
    "operatingIncome": 32145000,
    "operatingIncomeRatio": 0.0896780295,
    "totalOtherIncomeExpensesNet": -14347000,
    "incomeBeforeTax": 4921000,
    "incomeBeforeTaxRatio": 0.0137285918,
    "incomeTaxExpense": 1599000,
    "netIncome": 3322000,
    "netIncomeRatio": 0.0092677061,
    "eps": 0.0264,
    "epsdiluted": 0.0263,
    "weightedAverageShsOut": 125649000,
    "weightedAverageShsOutDil": 126375000,
    "link": null,
    "finalLink": null
  },
  {
    "date": "2002-12-31",
    "symbol": "RVTY",
    "reportedCurrency": "USD",
    "cik": "0000031791",
    "fillingDate": "2002-12-31",
    "acceptedDate": "2002-12-31 00:00:00",
    "calendarYear": "2002",
    "period": "Q4",
    "revenue": 409581000,
    "costOfRevenue": 241083000,
    "grossProfit": 168498000,
    "grossProfitRatio": 0.4113911534,
    "researchAndDevelopmentExpenses": 21536000,
    "generalAndAdministrativeExpenses": 0,
    "sellingAndMarketingExpenses": 0,
    "sellingGeneralAndAdministrativeExpenses": 87051000,
    "otherExpenses": 23110000,
    "operatingExpenses": 131697000,
    "costAndExpenses": 372780000,
    "interestIncome": 0,
    "interestExpense": 73662000,
    "depreciationAndAmortization": 24568000,
    "ebitda": 61369000,
    "ebitdaratio": 0.1498336104,
    "operatingIncome": 69361000,
    "operatingIncomeRatio": 0.1693462343,
    "totalOtherIncomeExpensesNet": -70336000,
    "incomeBeforeTax": -975000,
    "incomeBeforeTaxRatio": -0.0023804815,
    "incomeTaxExpense": -1673000,
    "netIncome": 698000,
    "netIncomeRatio": 0.0017041806,
    "eps": 0.0056,
    "epsdiluted": 0.0056,
    "weightedAverageShsOut": 125568595,
    "weightedAverageShsOutDil": 125568595,
    "link": null,
    "finalLink": null
  },
  {
    "date": "2002-09-30",
    "symbol": "RVTY",
    "reportedCurrency": "USD",
    "cik": "0000031791",
    "fillingDate": "2002-09-30",
    "acceptedDate": "2002-09-30 00:00:00",
    "calendarYear": "2002",
    "period": "Q3",
    "revenue": 366011000,
    "costOfRevenue": 219256000,
    "grossProfit": 146755000,
    "grossProfitRatio": 0.4009578947,
    "researchAndDevelopmentExpenses": 20505000,
    "generalAndAdministrativeExpenses": 0,
    "sellingAndMarketingExpenses": 0,
    "sellingGeneralAndAdministrativeExpenses": 109556000,
    "otherExpenses": 0,
    "operatingExpenses": 130061000,
    "costAndExpenses": 349317000,
    "interestIncome": 0,
    "interestExpense": 12066000,
    "depreciationAndAmortization": 32269000,
    "ebitda": 48963000,
    "ebitdaratio": 0.133774668,
    "operatingIncome": 16694000,
    "operatingIncomeRatio": 0.045610651,
    "totalOtherIncomeExpensesNet": -4731000,
    "incomeBeforeTax": 11963000,
    "incomeBeforeTaxRatio": 0.03268481,
    "incomeTaxExpense": 2213000,
    "netIncome": 9750000,
    "netIncomeRatio": 0.0266385437,
    "eps": 0.0772,
    "epsdiluted": 0.0769,
    "weightedAverageShsOut": 126240000,
    "weightedAverageShsOutDil": 126775000,
    "link": null,
    "finalLink": null
  },
  {
    "date": "2002-06-30",
    "symbol": "RVTY",
    "reportedCurrency": "USD",
    "cik": "0000031791",
    "fillingDate": "2002-06-30",
    "acceptedDate": "2002-06-30 00:00:00",
    "calendarYear": "2002",
    "period": "Q2",
    "revenue": 335671000,
    "costOfRevenue": 187663000,
    "grossProfit": 148008000,
    "grossProfitRatio": 0.4409317457,
    "researchAndDevelopmentExpenses": 22016000,
    "generalAndAdministrativeExpenses": 0,
    "sellingAndMarketingExpenses": 0,
    "sellingGeneralAndAdministrativeExpenses": 113795000,
    "otherExpenses": 0,
    "operatingExpenses": 135811000,
    "costAndExpenses": 323474000,
    "interestIncome": 0,
    "interestExpense": 28133000,
    "depreciationAndAmortization": 21191000,
    "ebitda": 41049000,
    "ebitdaratio": 0.1222893845,
    "operatingIncome": 19858000,
    "operatingIncomeRatio": 0.0591591171,
    "totalOtherIncomeExpensesNet": -8422000,
    "incomeBeforeTax": 4536000,
    "incomeBeforeTaxRatio": 0.0135132317,
    "incomeTaxExpense": 821000,
    "netIncome": 3715000,
    "netIncomeRatio": 0.0110673844,
    "eps": 0.0297,
    "epsdiluted": 0.0296,
    "weightedAverageShsOut": 124901000,
    "weightedAverageShsOutDil": 125556000,
    "link": null,
    "finalLink": null
  },
  {
    "date": "2002-03-31",
    "symbol": "RVTY",
    "reportedCurrency": "USD",
    "cik": "0000031791",
    "fillingDate": "2002-03-31",
    "acceptedDate": "2002-03-31 00:00:00",
    "calendarYear": "2002",
    "period": "Q1",
    "revenue": 305078000,
    "costOfRevenue": 197584000,
    "grossProfit": 107494000,
    "grossProfitRatio": 0.3523492353,
    "researchAndDevelopmentExpenses": 22264000,
    "generalAndAdministrativeExpenses": 0,
    "sellingAndMarketingExpenses": 0,
    "sellingGeneralAndAdministrativeExpenses": 109399000,
    "otherExpenses": 1500000,
    "operatingExpenses": 133163000,
    "costAndExpenses": 330747000,
    "interestIncome": 0,
    "interestExpense": 29438000,
    "depreciationAndAmortization": 22814000,
    "ebitda": -2855000,
    "ebitdaratio": -0.0093582625,
    "operatingIncome": -10338000,
    "operatingIncomeRatio": -0.0338864159,
    "totalOtherIncomeExpensesNet": -8347000,
    "incomeBeforeTax": -39500000,
    "incomeBeforeTaxRatio": -0.1294750851,
    "incomeTaxExpense": -10216000,
    "netIncome": -29284000,
    "netIncomeRatio": -0.0959885669,
    "eps": -0.23,
    "epsdiluted": -0.23,
    "weightedAverageShsOut": 124864000,
    "weightedAverageShsOutDil": 124864000,
    "link": null,
    "finalLink": null
  },
  {
    "date": "2001-12-31",
    "symbol": "RVTY",
    "reportedCurrency": "USD",
    "cik": "0000031791",
    "fillingDate": "2001-12-31",
    "acceptedDate": "2001-12-31 00:00:00",
    "calendarYear": "2001",
    "period": "Q4",
    "revenue": 361218000,
    "costOfRevenue": 198270000,
    "grossProfit": 162948000,
    "grossProfitRatio": 0.4511070877,
    "researchAndDevelopmentExpenses": 21852000,
    "generalAndAdministrativeExpenses": 0,
    "sellingAndMarketingExpenses": 0,
    "sellingGeneralAndAdministrativeExpenses": 122350000,
    "otherExpenses": 0,
    "operatingExpenses": 144202000,
    "costAndExpenses": 342472000,
    "interestIncome": 0,
    "interestExpense": 119458000,
    "depreciationAndAmortization": 12893000,
    "ebitda": 31639000,
    "ebitdaratio": 0.0875897657,
    "operatingIncome": 81272000,
    "operatingIncomeRatio": 0.2249943248,
    "totalOtherIncomeExpensesNet": -125052000,
    "incomeBeforeTax": -43780000,
    "incomeBeforeTaxRatio": -0.1212010476,
    "incomeTaxExpense": 11434000,
    "netIncome": -55214000,
    "netIncomeRatio": -0.1528550626,
    "eps": -0.53,
    "epsdiluted": -0.51,
    "weightedAverageShsOut": 104560606,
    "weightedAverageShsOutDil": 107828125,
    "link": null,
    "finalLink": null
  },
  {
    "date": "2001-09-30",
    "symbol": "RVTY",
    "reportedCurrency": "USD",
    "cik": "0000031791",
    "fillingDate": "2001-09-30",
    "acceptedDate": "2001-09-30 00:00:00",
    "calendarYear": "2001",
    "period": "Q3",
    "revenue": 302131000,
    "costOfRevenue": 163112000,
    "grossProfit": 139019000,
    "grossProfitRatio": 0.4601282225,
    "researchAndDevelopmentExpenses": 18798000,
    "generalAndAdministrativeExpenses": 0,
    "sellingAndMarketingExpenses": 0,
    "sellingGeneralAndAdministrativeExpenses": 89421000,
    "otherExpenses": 0,
    "operatingExpenses": 108219000,
    "costAndExpenses": 271331000,
    "interestIncome": 0,
    "interestExpense": 0,
    "depreciationAndAmortization": 17073000,
    "ebitda": 73894000,
    "ebitdaratio": 0.2445760283,
    "operatingIncome": 33300000,
    "operatingIncomeRatio": 0.1102170913,
    "totalOtherIncomeExpensesNet": -4486000,
    "incomeBeforeTax": 28910000,
    "incomeBeforeTaxRatio": 0.0956869702,
    "incomeTaxExpense": 7299000,
    "netIncome": 21611000,
    "netIncomeRatio": 0.0715285754,
    "eps": 0.21,
    "epsdiluted": 0.21,
    "weightedAverageShsOut": 101133000,
    "weightedAverageShsOutDil": 104341000,
    "link": null,
    "finalLink": null
  },
  {
    "date": "2001-06-30",
    "symbol": "RVTY",
    "reportedCurrency": "USD",
    "cik": "0000031791",
    "fillingDate": "2001-06-30",
    "acceptedDate": "2001-06-30 00:00:00",
    "calendarYear": "2001",
    "period": "Q2",
    "revenue": 390810000,
    "costOfRevenue": 215887000,
    "grossProfit": 174923000,
    "grossProfitRatio": 0.4475909009,
    "researchAndDevelopmentExpenses": 20364000,
    "generalAndAdministrativeExpenses": 0,
    "sellingAndMarketingExpenses": 0,
    "sellingGeneralAndAdministrativeExpenses": 106421000,
    "otherExpenses": -4461000,
    "operatingExpenses": 122324000,
    "costAndExpenses": 338211000,
    "interestIncome": 0,
    "interestExpense": 10854000,
    "depreciationAndAmortization": 27769000,
    "ebitda": 81368000,
    "ebitdaratio": 0.2082034748,
    "operatingIncome": 53599000,
    "operatingIncomeRatio": 0.1371484865,
    "totalOtherIncomeExpensesNet": -7924000,
    "incomeBeforeTax": 45675000,
    "incomeBeforeTaxRatio": 0.1168726491,
    "incomeTaxExpense": 14799000,
    "netIncome": 29409000,
    "netIncomeRatio": 0.0752514009,
    "eps": 0.29,
    "epsdiluted": 0.28,
    "weightedAverageShsOut": 100622000,
    "weightedAverageShsOutDil": 104097000,
    "link": null,
    "finalLink": null
  },
  {
    "date": "2001-03-31",
    "symbol": "RVTY",
    "reportedCurrency": "USD",
    "cik": "0000031791",
    "fillingDate": "2001-03-31",
    "acceptedDate": "2001-03-31 00:00:00",
    "calendarYear": "2001",
    "period": "Q1",
    "revenue": 425697000,
    "costOfRevenue": 246804000,
    "grossProfit": 178893000,
    "grossProfitRatio": 0.4202355196,
    "researchAndDevelopmentExpenses": 23856000,
    "generalAndAdministrativeExpenses": 0,
    "sellingAndMarketingExpenses": 0,
    "sellingGeneralAndAdministrativeExpenses": 106737000,
    "otherExpenses": -3887000,
    "operatingExpenses": 126706000,
    "costAndExpenses": 373510000,
    "interestIncome": 0,
    "interestExpense": 15460000,
    "depreciationAndAmortization": 29102000,
    "ebitda": 79564000,
    "ebitdaratio": 0.186902891,
    "operatingIncome": 51194000,
    "operatingIncomeRatio": 0.1202592454,
    "totalOtherIncomeExpensesNet": -13735000,
    "incomeBeforeTax": 37459000,
    "incomeBeforeTaxRatio": 0.0879945125,
    "incomeTaxExpense": 13963000,
    "netIncome": 23496000,
    "netIncomeRatio": 0.0551941874,
    "eps": 0.24,
    "epsdiluted": 0.23,
    "weightedAverageShsOut": 100014000,
    "weightedAverageShsOutDil": 104100000,
    "link": null,
    "finalLink": null
  },
  {
    "date": "2000-12-31",
    "symbol": "RVTY",
    "reportedCurrency": "USD",
    "cik": "0000031791",
    "fillingDate": "2000-12-31",
    "acceptedDate": "2000-12-31 00:00:00",
    "calendarYear": "2000",
    "period": "Q4",
    "revenue": 462413000,
    "costOfRevenue": 241636000,
    "grossProfit": 220777000,
    "grossProfitRatio": 0.477445487,
    "researchAndDevelopmentExpenses": 22303000,
    "generalAndAdministrativeExpenses": 0,
    "sellingAndMarketingExpenses": 0,
    "sellingGeneralAndAdministrativeExpenses": 121134000,
    "otherExpenses": 27521000,
    "operatingExpenses": 170958000,
    "costAndExpenses": 412594000,
    "interestIncome": 0,
    "interestExpense": 0,
    "depreciationAndAmortization": 21302000,
    "ebitda": 71121000,
    "ebitdaratio": 0.1538040669,
    "operatingIncome": 49819000,
    "operatingIncomeRatio": 0.107737023,
    "totalOtherIncomeExpensesNet": 6219000,
    "incomeBeforeTax": 56038000,
    "incomeBeforeTaxRatio": 0.1211860393,
    "incomeTaxExpense": 19414000,
    "netIncome": 36624000,
    "netIncomeRatio": 0.0792019256,
    "eps": 0.37,
    "epsdiluted": 0.36,
    "weightedAverageShsOut": 98391304,
    "weightedAverageShsOutDil": 101707865,
    "link": null,
    "finalLink": null
  },
  {
    "date": "2000-09-30",
    "symbol": "RVTY",
    "reportedCurrency": "USD",
    "cik": "0000031791",
    "fillingDate": "2000-09-30",
    "acceptedDate": "2000-09-30 00:00:00",
    "calendarYear": "2000",
    "period": "Q3",
    "revenue": 431863000,
    "costOfRevenue": 230487000,
    "grossProfit": 201376000,
    "grossProfitRatio": 0.4662960244,
    "researchAndDevelopmentExpenses": 21155000,
    "generalAndAdministrativeExpenses": 0,
    "sellingAndMarketingExpenses": 0,
    "sellingGeneralAndAdministrativeExpenses": 105963000,
    "otherExpenses": 22389000,
    "operatingExpenses": 149507000,
    "costAndExpenses": 379994000,
    "interestIncome": 0,
    "interestExpense": 68522000,
    "depreciationAndAmortization": 22389000,
    "ebitda": 47223000,
    "ebitdaratio": 0.1093471772,
    "operatingIncome": 86130000,
    "operatingIncomeRatio": 0.1994382478,
    "totalOtherIncomeExpensesNet": -11557000,
    "incomeBeforeTax": 17608000,
    "incomeBeforeTaxRatio": 0.0407721893,
    "incomeTaxExpense": 15528000,
    "netIncome": 2080000,
    "netIncomeRatio": 0.0048163422,
    "eps": 0.03,
    "epsdiluted": 0.02,
    "weightedAverageShsOut": 98500000,
    "weightedAverageShsOutDil": 102846000,
    "link": null,
    "finalLink": null
  },
  {
    "date": "2000-06-30",
    "symbol": "RVTY",
    "reportedCurrency": "USD",
    "cik": "0000031791",
    "fillingDate": "2000-06-30",
    "acceptedDate": "2000-06-30 00:00:00",
    "calendarYear": "2000",
    "period": "Q2",
    "revenue": 398705000,
    "costOfRevenue": 218545000,
    "grossProfit": 180160000,
    "grossProfitRatio": 0.4518629062,
    "researchAndDevelopmentExpenses": 21359000,
    "generalAndAdministrativeExpenses": 0,
    "sellingAndMarketingExpenses": 0,
    "sellingGeneralAndAdministrativeExpenses": 96203000,
    "otherExpenses": 18849000,
    "operatingExpenses": 136411000,
    "costAndExpenses": 354956000,
    "interestIncome": 0,
    "interestExpense": 0,
    "depreciationAndAmortization": 19068000,
    "ebitda": 59568000,
    "ebitdaratio": 0.1494036945,
    "operatingIncome": 43749000,
    "operatingIncomeRatio": 0.1097277436,
    "totalOtherIncomeExpensesNet": -2375000,
    "incomeBeforeTax": 43530000,
    "incomeBeforeTaxRatio": 0.1091784653,
    "incomeTaxExpense": 12410000,
    "netIncome": 31120000,
    "netIncomeRatio": 0.0780526956,
    "eps": 0.37,
    "epsdiluted": 0.35,
    "weightedAverageShsOut": 98070000,
    "weightedAverageShsOutDil": 101592000,
    "link": null,
    "finalLink": null
  },
  {
    "date": "2000-03-31",
    "symbol": "RVTY",
    "reportedCurrency": "USD",
    "cik": "0000031791",
    "fillingDate": "2000-03-31",
    "acceptedDate": "2000-03-31 00:00:00",
    "calendarYear": "2000",
    "period": "Q1",
    "revenue": 402286000,
    "costOfRevenue": 227759000,
    "grossProfit": 174527000,
    "grossProfitRatio": 0.4338381152,
    "researchAndDevelopmentExpenses": 21300000,
    "generalAndAdministrativeExpenses": 0,
    "sellingAndMarketingExpenses": 0,
    "sellingGeneralAndAdministrativeExpenses": 95679000,
    "otherExpenses": 18956000,
    "operatingExpenses": 135935000,
    "costAndExpenses": 363694000,
    "interestIncome": 0,
    "interestExpense": 22558000,
    "depreciationAndAmortization": 30235000,
    "ebitda": 65344000,
    "ebitdaratio": 0.1624317028,
    "operatingIncome": 38592000,
    "operatingIncomeRatio": 0.09593175,
    "totalOtherIncomeExpensesNet": -11279000,
    "incomeBeforeTax": 27313000,
    "incomeBeforeTaxRatio": 0.067894483,
    "incomeTaxExpense": 11070000,
    "netIncome": 16243000,
    "netIncomeRatio": 0.0403767469,
    "eps": 0.17,
    "epsdiluted": 0.16,
    "weightedAverageShsOut": 96926000,
    "weightedAverageShsOutDil": 100822000,
    "link": null,
    "finalLink": null
  },
  {
    "date": "1999-12-31",
    "symbol": "RVTY",
    "reportedCurrency": "USD",
    "cik": "0000031791",
    "fillingDate": "1999-12-31",
    "acceptedDate": "1999-12-31 00:00:00",
    "calendarYear": "1999",
    "period": "Q4",
    "revenue": 427200000,
    "costOfRevenue": 227800000,
    "grossProfit": 199400000,
    "grossProfitRatio": 0.4667602996,
    "researchAndDevelopmentExpenses": 21200000,
    "generalAndAdministrativeExpenses": 0,
    "sellingAndMarketingExpenses": 0,
    "sellingGeneralAndAdministrativeExpenses": 108200000,
    "otherExpenses": 13900000,
    "operatingExpenses": 143300000,
    "costAndExpenses": 371100000,
    "interestIncome": 0,
    "interestExpense": 16800000,
    "depreciationAndAmortization": 24200000,
    "ebitda": 80300000,
    "ebitdaratio": 0.1879681648,
    "operatingIncome": 56100000,
    "operatingIncomeRatio": 0.1313202247,
    "totalOtherIncomeExpensesNet": -10400000,
    "incomeBeforeTax": 45700000,
    "incomeBeforeTaxRatio": 0.1069756554,
    "incomeTaxExpense": 16800000,
    "netIncome": 32800000,
    "netIncomeRatio": 0.0767790262,
    "eps": 0.36,
    "epsdiluted": 0.36,
    "weightedAverageShsOut": 91301775,
    "weightedAverageShsOutDil": 91301775,
    "link": null,
    "finalLink": null
  },
  {
    "date": "1999-09-30",
    "symbol": "RVTY",
    "reportedCurrency": "USD",
    "cik": "0000031791",
    "fillingDate": "1999-09-30",
    "acceptedDate": "1999-09-30 00:00:00",
    "calendarYear": "1999",
    "period": "Q3",
    "revenue": 388400000,
    "costOfRevenue": 228100000,
    "grossProfit": 160300000,
    "grossProfitRatio": 0.4127188465,
    "researchAndDevelopmentExpenses": 20300000,
    "generalAndAdministrativeExpenses": 0,
    "sellingAndMarketingExpenses": 0,
    "sellingGeneralAndAdministrativeExpenses": 95700000,
    "otherExpenses": 22500000,
    "operatingExpenses": 138500000,
    "costAndExpenses": 366600000,
    "interestIncome": 0,
    "interestExpense": 0,
    "depreciationAndAmortization": 22500000,
    "ebitda": 75100000,
    "ebitdaratio": 0.1933573635,
    "operatingIncome": 52600000,
    "operatingIncomeRatio": 0.1354273944,
    "totalOtherIncomeExpensesNet": -30700000,
    "incomeBeforeTax": -8900000,
    "incomeBeforeTaxRatio": -0.0229145211,
    "incomeTaxExpense": -3100000,
    "netIncome": -5800000,
    "netIncomeRatio": -0.0149330587,
    "eps": -0.0634,
    "epsdiluted": -0.0634,
    "weightedAverageShsOut": 91453744,
    "weightedAverageShsOutDil": 91453744,
    "link": null,
    "finalLink": null
  },
  {
    "date": "1999-06-30",
    "symbol": "RVTY",
    "reportedCurrency": "USD",
    "cik": "0000031791",
    "fillingDate": "1999-06-30",
    "acceptedDate": "1999-06-30 00:00:00",
    "calendarYear": "1999",
    "period": "Q2",
    "revenue": 304300000,
    "costOfRevenue": 182500000,
    "grossProfit": 121800000,
    "grossProfitRatio": 0.4002628985,
    "researchAndDevelopmentExpenses": 16300000,
    "generalAndAdministrativeExpenses": 0,
    "sellingAndMarketingExpenses": 0,
    "sellingGeneralAndAdministrativeExpenses": 71200000,
    "otherExpenses": 17900000,
    "operatingExpenses": 105400000,
    "costAndExpenses": 287900000,
    "interestIncome": 0,
    "interestExpense": 35000000,
    "depreciationAndAmortization": 17900000,
    "ebitda": 55000000,
    "ebitdaratio": 0.1807426881,
    "operatingIncome": 37100000,
    "operatingIncomeRatio": 0.1219191587,
    "totalOtherIncomeExpensesNet": -20558000,
    "incomeBeforeTax": -4200000,
    "incomeBeforeTaxRatio": -0.0138021689,
    "incomeTaxExpense": -1500000,
    "netIncome": -2700000,
    "netIncomeRatio": -0.0088728229,
    "eps": -0.03,
    "epsdiluted": -0.03,
    "weightedAverageShsOut": 90000000,
    "weightedAverageShsOutDil": 90000000,
    "link": null,
    "finalLink": null
  },
  {
    "date": "1999-03-31",
    "symbol": "RVTY",
    "reportedCurrency": "USD",
    "cik": "0000031791",
    "fillingDate": "1999-03-31",
    "acceptedDate": "1999-03-31 00:00:00",
    "calendarYear": "1999",
    "period": "Q1",
    "revenue": 357500000,
    "costOfRevenue": 249400000,
    "grossProfit": 108100000,
    "grossProfitRatio": 0.3023776224,
    "researchAndDevelopmentExpenses": 13500000,
    "generalAndAdministrativeExpenses": 0,
    "sellingAndMarketingExpenses": 0,
    "sellingGeneralAndAdministrativeExpenses": 57000000,
    "otherExpenses": 11800000,
    "operatingExpenses": 82300000,
    "costAndExpenses": 331700000,
    "interestIncome": 0,
    "interestExpense": 7900000,
    "depreciationAndAmortization": 15800000,
    "ebitda": 41600000,
    "ebitdaratio": 0.1163636364,
    "operatingIncome": 25800000,
    "operatingIncomeRatio": 0.0721678322,
    "totalOtherIncomeExpensesNet": -4632000,
    "incomeBeforeTax": 21900000,
    "incomeBeforeTaxRatio": 0.0612587413,
    "incomeTaxExpense": 7800000,
    "netIncome": 14087000,
    "netIncomeRatio": 0.0394041958,
    "eps": 0.16,
    "epsdiluted": 0.16,
    "weightedAverageShsOut": 90883871,
    "weightedAverageShsOutDil": 90883871,
    "link": null,
    "finalLink": null
  },
  {
    "date": "1998-12-31",
    "symbol": "RVTY",
    "reportedCurrency": "USD",
    "cik": "0000031791",
    "fillingDate": "1998-12-31",
    "acceptedDate": "1998-12-31 00:00:00",
    "calendarYear": "1998",
    "period": "Q4",
    "revenue": 352200000,
    "costOfRevenue": 232700000,
    "grossProfit": 119500000,
    "grossProfitRatio": 0.3392958546,
    "researchAndDevelopmentExpenses": 13600000,
    "generalAndAdministrativeExpenses": 0,
    "sellingAndMarketingExpenses": 0,
    "sellingGeneralAndAdministrativeExpenses": 53800000,
    "otherExpenses": 15200000,
    "operatingExpenses": 82600000,
    "costAndExpenses": 315300000,
    "interestIncome": 0,
    "interestExpense": 7100000,
    "depreciationAndAmortization": 18700000,
    "ebitda": 55600000,
    "ebitdaratio": 0.1578648495,
    "operatingIncome": 36900000,
    "operatingIncomeRatio": 0.104770017,
    "totalOtherIncomeExpensesNet": -3600000,
    "incomeBeforeTax": 33300000,
    "incomeBeforeTaxRatio": 0.094548552,
    "incomeTaxExpense": 12800000,
    "netIncome": 20500000,
    "netIncomeRatio": 0.058205565,
    "eps": 0.23,
    "epsdiluted": 0.22,
    "weightedAverageShsOut": 90265487,
    "weightedAverageShsOutDil": 91891892,
    "link": null,
    "finalLink": null
  },
  {
    "date": "1998-09-30",
    "symbol": "RVTY",
    "reportedCurrency": "USD",
    "cik": "0000031791",
    "fillingDate": "1998-09-30",
    "acceptedDate": "1998-09-30 00:00:00",
    "calendarYear": "1998",
    "period": "Q3",
    "revenue": 343500000,
    "costOfRevenue": 248600000,
    "grossProfit": 94900000,
    "grossProfitRatio": 0.2762736536,
    "researchAndDevelopmentExpenses": 10400000,
    "generalAndAdministrativeExpenses": 0,
    "sellingAndMarketingExpenses": 0,
    "sellingGeneralAndAdministrativeExpenses": 52400000,
    "otherExpenses": 11900000,
    "operatingExpenses": 74700000,
    "costAndExpenses": 323300000,
    "interestIncome": 0,
    "interestExpense": 0,
    "depreciationAndAmortization": 8000000,
    "ebitda": 22000000,
    "ebitdaratio": 0.0640465793,
    "operatingIncome": 20200000,
    "operatingIncomeRatio": 0.0588064047,
    "totalOtherIncomeExpensesNet": 14000000,
    "incomeBeforeTax": 24100000,
    "incomeBeforeTaxRatio": 0.0701601164,
    "incomeTaxExpense": 8700000,
    "netIncome": 15400000,
    "netIncomeRatio": 0.0448326055,
    "eps": 0.17,
    "epsdiluted": 0.17,
    "weightedAverageShsOut": 90588235,
    "weightedAverageShsOutDil": 93333333,
    "link": null,
    "finalLink": null
  },
  {
    "date": "1998-06-30",
    "symbol": "RVTY",
    "reportedCurrency": "USD",
    "cik": "0000031791",
    "fillingDate": "1998-06-30",
    "acceptedDate": "1998-06-30 00:00:00",
    "calendarYear": "1998",
    "period": "Q2",
    "revenue": 356300000,
    "costOfRevenue": 257400000,
    "grossProfit": 98900000,
    "grossProfitRatio": 0.2775750772,
    "researchAndDevelopmentExpenses": 10900000,
    "generalAndAdministrativeExpenses": 0,
    "sellingAndMarketingExpenses": 0,
    "sellingGeneralAndAdministrativeExpenses": 58800000,
    "otherExpenses": 11100000,
    "operatingExpenses": 80800000,
    "costAndExpenses": 338200000,
    "interestIncome": 0,
    "interestExpense": 0,
    "depreciationAndAmortization": 11100000,
    "ebitda": 2300000,
    "ebitdaratio": 0.0064552344,
    "operatingIncome": -8800000,
    "operatingIncomeRatio": -0.024698288,
    "totalOtherIncomeExpensesNet": 53700000,
    "incomeBeforeTax": 44900000,
    "incomeBeforeTaxRatio": 0.1260174011,
    "incomeTaxExpense": 13300000,
    "netIncome": 31700000,
    "netIncomeRatio": 0.0889699691,
    "eps": 0.35,
    "epsdiluted": 0.34,
    "weightedAverageShsOut": 91884058,
    "weightedAverageShsOutDil": 93235294,
    "link": null,
    "finalLink": null
  },
  {
    "date": "1998-03-31",
    "symbol": "RVTY",
    "reportedCurrency": "USD",
    "cik": "0000031791",
    "fillingDate": "1998-03-31",
    "acceptedDate": "1998-03-31 00:00:00",
    "calendarYear": "1998",
    "period": "Q1",
    "revenue": 355900000,
    "costOfRevenue": 252600000,
    "grossProfit": 103300000,
    "grossProfitRatio": 0.2902500702,
    "researchAndDevelopmentExpenses": 11000000,
    "generalAndAdministrativeExpenses": 0,
    "sellingAndMarketingExpenses": 0,
    "sellingGeneralAndAdministrativeExpenses": 61300000,
    "otherExpenses": 12200000,
    "operatingExpenses": 84500000,
    "costAndExpenses": 337100000,
    "interestIncome": 0,
    "interestExpense": 0,
    "depreciationAndAmortization": -22700000,
    "ebitda": -3900000,
    "ebitdaratio": -0.0109581343,
    "operatingIncome": 18800000,
    "operatingIncomeRatio": 0.0528238269,
    "totalOtherIncomeExpensesNet": 34900000,
    "incomeBeforeTax": 53700000,
    "incomeBeforeTaxRatio": 0.1508850801,
    "incomeTaxExpense": 19200000,
    "netIncome": 34500000,
    "netIncomeRatio": 0.0969373419,
    "eps": 0.38,
    "epsdiluted": 0.38,
    "weightedAverageShsOut": 90789474,
    "weightedAverageShsOutDil": 92000000,
    "link": null,
    "finalLink": null
  },
  {
    "date": "1997-12-31",
    "symbol": "RVTY",
    "reportedCurrency": "USD",
    "cik": "0000031791",
    "fillingDate": "1997-12-31",
    "acceptedDate": "1997-12-31 00:00:00",
    "calendarYear": "1997",
    "period": "Q4",
    "revenue": 386800000,
    "costOfRevenue": 267600000,
    "grossProfit": 119200000,
    "grossProfitRatio": 0.3081695967,
    "researchAndDevelopmentExpenses": 11100000,
    "generalAndAdministrativeExpenses": 0,
    "sellingAndMarketingExpenses": 0,
    "sellingGeneralAndAdministrativeExpenses": 63400000,
    "otherExpenses": 11700000,
    "operatingExpenses": 86200000,
    "costAndExpenses": 353800000,
    "interestIncome": 0,
    "interestExpense": 3000000,
    "depreciationAndAmortization": 13300000,
    "ebitda": 46300000,
    "ebitdaratio": 0.1197001034,
    "operatingIncome": 33000000,
    "operatingIncomeRatio": 0.0853154085,
    "totalOtherIncomeExpensesNet": -1700000,
    "incomeBeforeTax": 31300000,
    "incomeBeforeTaxRatio": 0.0809203723,
    "incomeTaxExpense": 10800000,
    "netIncome": 20800000,
    "netIncomeRatio": 0.0537745605,
    "eps": 0.23,
    "epsdiluted": 0.23,
    "weightedAverageShsOut": 91081081,
    "weightedAverageShsOutDil": 91081081,
    "link": null,
    "finalLink": null
  },
  {
    "date": "1997-09-30",
    "symbol": "RVTY",
    "reportedCurrency": "USD",
    "cik": "0000031791",
    "fillingDate": "1997-09-30",
    "acceptedDate": "1997-09-30 00:00:00",
    "calendarYear": "1997",
    "period": "Q3",
    "revenue": 358400000,
    "costOfRevenue": 255100000,
    "grossProfit": 103300000,
    "grossProfitRatio": 0.2882254464,
    "researchAndDevelopmentExpenses": 10700000,
    "generalAndAdministrativeExpenses": 0,
    "sellingAndMarketingExpenses": 0,
    "sellingGeneralAndAdministrativeExpenses": 60600000,
    "otherExpenses": 11600000,
    "operatingExpenses": 82900000,
    "costAndExpenses": 338000000,
    "interestIncome": 0,
    "interestExpense": 0,
    "depreciationAndAmortization": 10900000,
    "ebitda": 31300000,
    "ebitdaratio": 0.0873325893,
    "operatingIncome": 20400000,
    "operatingIncomeRatio": 0.0569196429,
    "totalOtherIncomeExpensesNet": 700000,
    "incomeBeforeTax": 21100000,
    "incomeBeforeTaxRatio": 0.0588727679,
    "incomeTaxExpense": 7200000,
    "netIncome": 14600000,
    "netIncomeRatio": 0.0407366071,
    "eps": 0.16,
    "epsdiluted": 0.16,
    "weightedAverageShsOut": 91250000,
    "weightedAverageShsOutDil": 91250000,
    "link": null,
    "finalLink": null
  },
  {
    "date": "1997-06-30",
    "symbol": "RVTY",
    "reportedCurrency": "USD",
    "cik": "0000031791",
    "fillingDate": "1997-06-30",
    "acceptedDate": "1997-06-30 00:00:00",
    "calendarYear": "1997",
    "period": "Q2",
    "revenue": 368700000,
    "costOfRevenue": 268500000,
    "grossProfit": 100200000,
    "grossProfitRatio": 0.2717656631,
    "researchAndDevelopmentExpenses": 11900000,
    "generalAndAdministrativeExpenses": 0,
    "sellingAndMarketingExpenses": 0,
    "sellingGeneralAndAdministrativeExpenses": 59800000,
    "otherExpenses": 10500000,
    "operatingExpenses": 82200000,
    "costAndExpenses": 350700000,
    "interestIncome": 0,
    "interestExpense": 60200000,
    "depreciationAndAmortization": 10500000,
    "ebitda": 59300000,
    "ebitdaratio": 0.1608353675,
    "operatingIncome": 48800000,
    "operatingIncomeRatio": 0.1323569298,
    "totalOtherIncomeExpensesNet": -30900000,
    "incomeBeforeTax": -12900000,
    "incomeBeforeTaxRatio": -0.034987795,
    "incomeTaxExpense": 500000,
    "netIncome": -13400000,
    "netIncomeRatio": -0.036343911,
    "eps": -0.15,
    "epsdiluted": -0.15,
    "weightedAverageShsOut": 91538462,
    "weightedAverageShsOutDil": 91538462,
    "link": null,
    "finalLink": null
  },
  {
    "date": "1997-03-31",
    "symbol": "RVTY",
    "reportedCurrency": "USD",
    "cik": "0000031791",
    "fillingDate": "1997-03-31",
    "acceptedDate": "1997-03-31 00:00:00",
    "calendarYear": "1997",
    "period": "Q1",
    "revenue": 347000000,
    "costOfRevenue": 248900000,
    "grossProfit": 98100000,
    "grossProfitRatio": 0.2827089337,
    "researchAndDevelopmentExpenses": 11200000,
    "generalAndAdministrativeExpenses": 0,
    "sellingAndMarketingExpenses": 0,
    "sellingGeneralAndAdministrativeExpenses": 59700000,
    "otherExpenses": 10800000,
    "operatingExpenses": 81700000,
    "costAndExpenses": 330600000,
    "interestIncome": 0,
    "interestExpense": 3500000,
    "depreciationAndAmortization": 12900000,
    "ebitda": 29300000,
    "ebitdaratio": 0.0844380403,
    "operatingIncome": 16400000,
    "operatingIncomeRatio": 0.0472622478,
    "totalOtherIncomeExpensesNet": -1900000,
    "incomeBeforeTax": 14500000,
    "incomeBeforeTaxRatio": 0.0417867435,
    "incomeTaxExpense": 4900000,
    "netIncome": 10100000,
    "netIncomeRatio": 0.0291066282,
    "eps": 0.11,
    "epsdiluted": 0.11,
    "weightedAverageShsOut": 91818182,
    "weightedAverageShsOutDil": 91818182,
    "link": null,
    "finalLink": null
  },
  {
    "date": "1996-12-31",
    "symbol": "RVTY",
    "reportedCurrency": "USD",
    "cik": "0000031791",
    "fillingDate": "1996-12-31",
    "acceptedDate": "1996-12-31 00:00:00",
    "calendarYear": "1996",
    "period": "Q4",
    "revenue": 369900000,
    "costOfRevenue": 258300000,
    "grossProfit": 111600000,
    "grossProfitRatio": 0.301703163,
    "researchAndDevelopmentExpenses": 0,
    "generalAndAdministrativeExpenses": 0,
    "sellingAndMarketingExpenses": 0,
    "sellingGeneralAndAdministrativeExpenses": 77300000,
    "otherExpenses": 11100000,
    "operatingExpenses": 88400000,
    "costAndExpenses": 346700000,
    "interestIncome": 0,
    "interestExpense": 2300000,
    "depreciationAndAmortization": 13200000,
    "ebitda": 36400000,
    "ebitdaratio": 0.0984049743,
    "operatingIncome": 23200000,
    "operatingIncomeRatio": 0.062719654,
    "totalOtherIncomeExpensesNet": -2100000,
    "incomeBeforeTax": 21100000,
    "incomeBeforeTaxRatio": 0.0570424439,
    "incomeTaxExpense": 6800000,
    "netIncome": 16200000,
    "netIncomeRatio": 0.0437956204,
    "eps": 0.17,
    "epsdiluted": 0.17,
    "weightedAverageShsOut": 94803150,
    "weightedAverageShsOutDil": 94803150,
    "link": null,
    "finalLink": null
  },
  {
    "date": "1996-09-30",
    "symbol": "RVTY",
    "reportedCurrency": "USD",
    "cik": "0000031791",
    "fillingDate": "1996-09-30",
    "acceptedDate": "1996-09-30 00:00:00",
    "calendarYear": "1996",
    "period": "Q3",
    "revenue": 354700000,
    "costOfRevenue": 251300000,
    "grossProfit": 103400000,
    "grossProfitRatio": 0.2915139555,
    "researchAndDevelopmentExpenses": 0,
    "generalAndAdministrativeExpenses": 0,
    "sellingAndMarketingExpenses": 0,
    "sellingGeneralAndAdministrativeExpenses": 68700000,
    "otherExpenses": 11500000,
    "operatingExpenses": 80200000,
    "costAndExpenses": 331500000,
    "interestIncome": 0,
    "interestExpense": 3200000,
    "depreciationAndAmortization": 13800000,
    "ebitda": 37000000,
    "ebitdaratio": 0.1043135044,
    "operatingIncome": 23200000,
    "operatingIncomeRatio": 0.0654073865,
    "totalOtherIncomeExpensesNet": -2300000,
    "incomeBeforeTax": 20900000,
    "incomeBeforeTaxRatio": 0.0589230335,
    "incomeTaxExpense": 6700000,
    "netIncome": 15600000,
    "netIncomeRatio": 0.0439808289,
    "eps": 0.17,
    "epsdiluted": 0.17,
    "weightedAverageShsOut": 94545455,
    "weightedAverageShsOutDil": 94545455,
    "link": null,
    "finalLink": null
  },
  {
    "date": "1996-06-30",
    "symbol": "RVTY",
    "reportedCurrency": "USD",
    "cik": "0000031791",
    "fillingDate": "1996-06-30",
    "acceptedDate": "1996-06-30 00:00:00",
    "calendarYear": "1996",
    "period": "Q2",
    "revenue": 355900000,
    "costOfRevenue": 250900000,
    "grossProfit": 105000000,
    "grossProfitRatio": 0.2950266929,
    "researchAndDevelopmentExpenses": 0,
    "generalAndAdministrativeExpenses": 0,
    "sellingAndMarketingExpenses": 0,
    "sellingGeneralAndAdministrativeExpenses": 74400000,
    "otherExpenses": 9200000,
    "operatingExpenses": 83600000,
    "costAndExpenses": 334500000,
    "interestIncome": 0,
    "interestExpense": 700000,
    "depreciationAndAmortization": 10300000,
    "ebitda": 31700000,
    "ebitdaratio": 0.0890699635,
    "operatingIncome": 21400000,
    "operatingIncomeRatio": 0.0601292498,
    "totalOtherIncomeExpensesNet": -1100000,
    "incomeBeforeTax": 20300000,
    "incomeBeforeTaxRatio": 0.057038494,
    "incomeTaxExpense": 6200000,
    "netIncome": 15600000,
    "netIncomeRatio": 0.0438325372,
    "eps": 0.17,
    "epsdiluted": 0.17,
    "weightedAverageShsOut": 94545455,
    "weightedAverageShsOutDil": 94545455,
    "link": null,
    "finalLink": null
  },
  {
    "date": "1996-03-31",
    "symbol": "RVTY",
    "reportedCurrency": "USD",
    "cik": "0000031791",
    "fillingDate": "1996-03-31",
    "acceptedDate": "1996-03-31 00:00:00",
    "calendarYear": "1996",
    "period": "Q1",
    "revenue": 346800000,
    "costOfRevenue": 247300000,
    "grossProfit": 99500000,
    "grossProfitRatio": 0.2869088812,
    "researchAndDevelopmentExpenses": 0,
    "generalAndAdministrativeExpenses": 0,
    "sellingAndMarketingExpenses": 0,
    "sellingGeneralAndAdministrativeExpenses": 70500000,
    "otherExpenses": 9100000,
    "operatingExpenses": 79600000,
    "costAndExpenses": 326900000,
    "interestIncome": 0,
    "interestExpense": 2900000,
    "depreciationAndAmortization": 11000000,
    "ebitda": 30900000,
    "ebitdaratio": 0.089100346,
    "operatingIncome": 19900000,
    "operatingIncomeRatio": 0.0573817762,
    "totalOtherIncomeExpensesNet": -1900000,
    "incomeBeforeTax": 18000000,
    "incomeBeforeTaxRatio": 0.0519031142,
    "incomeTaxExpense": 6100000,
    "netIncome": 12800000,
    "netIncomeRatio": 0.0369088812,
    "eps": 0.14,
    "epsdiluted": 0.14,
    "weightedAverageShsOut": 94814815,
    "weightedAverageShsOutDil": 94814815,
    "link": null,
    "finalLink": null
  },
  {
    "date": "1995-12-31",
    "symbol": "RVTY",
    "reportedCurrency": "USD",
    "cik": "0000031791",
    "fillingDate": "1995-12-31",
    "acceptedDate": "1995-12-31 00:00:00",
    "calendarYear": "1995",
    "period": "Q4",
    "revenue": 377500000,
    "costOfRevenue": 262100000,
    "grossProfit": 115400000,
    "grossProfitRatio": 0.3056953642,
    "researchAndDevelopmentExpenses": 0,
    "generalAndAdministrativeExpenses": 0,
    "sellingAndMarketingExpenses": 0,
    "sellingGeneralAndAdministrativeExpenses": 76600000,
    "otherExpenses": 11300000,
    "operatingExpenses": 87900000,
    "costAndExpenses": 350000000,
    "interestIncome": 0,
    "interestExpense": 0,
    "depreciationAndAmortization": 8800000,
    "ebitda": 36300000,
    "ebitdaratio": 0.0961589404,
    "operatingIncome": 27500000,
    "operatingIncomeRatio": 0.0728476821,
    "totalOtherIncomeExpensesNet": 2500000,
    "incomeBeforeTax": 30000000,
    "incomeBeforeTaxRatio": 0.0794701987,
    "incomeTaxExpense": 11100000,
    "netIncome": 21900000,
    "netIncomeRatio": 0.058013245,
    "eps": 0.21,
    "epsdiluted": 0.21,
    "weightedAverageShsOut": 103030303,
    "weightedAverageShsOutDil": 105977011,
    "link": null,
    "finalLink": null
  },
  {
    "date": "1995-09-30",
    "symbol": "RVTY",
    "reportedCurrency": "USD",
    "cik": "0000031791",
    "fillingDate": "1995-09-30",
    "acceptedDate": "1995-09-30 00:00:00",
    "calendarYear": "1995",
    "period": "Q3",
    "revenue": 361600000,
    "costOfRevenue": 264400000,
    "grossProfit": 97200000,
    "grossProfitRatio": 0.2688053097,
    "researchAndDevelopmentExpenses": 0,
    "generalAndAdministrativeExpenses": 0,
    "sellingAndMarketingExpenses": 0,
    "sellingGeneralAndAdministrativeExpenses": 68500000,
    "otherExpenses": 9500000,
    "operatingExpenses": 78000000,
    "costAndExpenses": 342400000,
    "interestIncome": 0,
    "interestExpense": 0,
    "depreciationAndAmortization": 8300000,
    "ebitda": 27500000,
    "ebitdaratio": 0.076050885,
    "operatingIncome": 19200000,
    "operatingIncomeRatio": 0.0530973451,
    "totalOtherIncomeExpensesNet": 1100000,
    "incomeBeforeTax": 20300000,
    "incomeBeforeTaxRatio": 0.0561393805,
    "incomeTaxExpense": 6600000,
    "netIncome": 16000000,
    "netIncomeRatio": 0.0442477876,
    "eps": 0.16,
    "epsdiluted": 0.16,
    "weightedAverageShsOut": 100000000,
    "weightedAverageShsOutDil": 100000000,
    "link": null,
    "finalLink": null
  }
]