[
  {
    "date": "2025-06-29",
    "symbol": "SBUX",
    "reportedCurrency": "USD",
    "cik": "0000829224",
    "fillingDate": "2025-07-29",
    "acceptedDate": "2025-07-29 16:11:03",
    "calendarYear": "2025",
    "period": "Q3",
    "revenue": 9456000000,
    "costOfRevenue": 7300300000,
    "grossProfit": 2155700000,
    "grossProfitRatio": 0.2279716582,
    "researchAndDevelopmentExpenses": 0,
    "generalAndAdministrativeExpenses": 677200000,
    "sellingAndMarketingExpenses": 0,
    "sellingGeneralAndAdministrativeExpenses": 677200000,
    "otherExpenses": 542900000,
    "operatingExpenses": 1220100000,
    "costAndExpenses": 8520400000,
    "interestIncome": 25600000,
    "interestExpense": 142300000,
    "depreciationAndAmortization": 448000000,
    "ebitda": 1409200000,
    "ebitdaratio": 0.1490270728,
    "operatingIncome": 935600000,
    "operatingIncomeRatio": 0.0989424704,
    "totalOtherIncomeExpensesNet": -116700000,
    "incomeBeforeTax": 818900000,
    "incomeBeforeTaxRatio": 0.0866010998,
    "incomeTaxExpense": 260400000,
    "netIncome": 558300000,
    "netIncomeRatio": 0.0590418782,
    "eps": 0.49,
    "epsdiluted": 0.49,
    "weightedAverageShsOut": 1136400000,
    "weightedAverageShsOutDil": 1139800000,
    "link": "https://www.sec.gov/Archives/edgar/data/829224/000082922425000058/0000829224-25-000058-index.htm",
    "finalLink": "https://www.sec.gov/Archives/edgar/data/829224/000082922425000058/sbux-20250629.htm"
  },
  {
    "date": "2025-03-30",
    "symbol": "SBUX",
    "reportedCurrency": "USD",
    "cik": "0000829224",
    "fillingDate": "2025-04-29",
    "acceptedDate": "2025-04-29 16:10:33",
    "calendarYear": "2025",
    "period": "Q2",
    "revenue": 8761600000,
    "costOfRevenue": 6913600000,
    "grossProfit": 1848000000,
    "grossProfitRatio": 0.2109203798,
    "researchAndDevelopmentExpenses": 0,
    "generalAndAdministrativeExpenses": 632300000,
    "sellingAndMarketingExpenses": 0,
    "sellingGeneralAndAdministrativeExpenses": 632300000,
    "otherExpenses": 614700000,
    "operatingExpenses": 1247000000,
    "costAndExpenses": 8160600000,
    "interestIncome": 28400000,
    "interestExpense": 127300000,
    "depreciationAndAmortization": 435300000,
    "ebitda": 1064700000,
    "ebitdaratio": 0.1215189007,
    "operatingIncome": 601000000,
    "operatingIncomeRatio": 0.0685947772,
    "totalOtherIncomeExpensesNet": -98900000,
    "incomeBeforeTax": 502100000,
    "incomeBeforeTaxRatio": 0.0573068846,
    "incomeTaxExpense": 118000000,
    "netIncome": 384200000,
    "netIncomeRatio": 0.0438504383,
    "eps": 0.34,
    "epsdiluted": 0.34,
    "weightedAverageShsOut": 1136000000,
    "weightedAverageShsOutDil": 1140000000,
    "link": "https://www.sec.gov/Archives/edgar/data/829224/000082922425000034/0000829224-25-000034-index.htm",
    "finalLink": "https://www.sec.gov/Archives/edgar/data/829224/000082922425000034/sbux-20250330.htm"
  },
  {
    "date": "2024-12-29",
    "symbol": "SBUX",
    "reportedCurrency": "USD",
    "cik": "0000829224",
    "fillingDate": "2025-01-28",
    "acceptedDate": "2025-01-28 16:11:34",
    "calendarYear": "2025",
    "period": "Q1",
    "revenue": 9397800000,
    "costOfRevenue": 7096700000,
    "grossProfit": 2301100000,
    "grossProfitRatio": 0.2448551789,
    "researchAndDevelopmentExpenses": 0,
    "generalAndAdministrativeExpenses": 665800000,
    "sellingAndMarketingExpenses": 0,
    "sellingGeneralAndAdministrativeExpenses": 665800000,
    "otherExpenses": 513600000,
    "operatingExpenses": 1179400000,
    "costAndExpenses": 8276100000,
    "interestIncome": 27800000,
    "interestExpense": 127200000,
    "depreciationAndAmortization": 432200000,
    "ebitda": 1581700000,
    "ebitdaratio": 0.1683053481,
    "operatingIncome": 1121700000,
    "operatingIncomeRatio": 0.119357722,
    "totalOtherIncomeExpensesNet": -99400000,
    "incomeBeforeTax": 1022300000,
    "incomeBeforeTaxRatio": 0.1087807785,
    "incomeTaxExpense": 241400000,
    "netIncome": 780800000,
    "netIncomeRatio": 0.0830832748,
    "eps": 0.69,
    "epsdiluted": 0.69,
    "weightedAverageShsOut": 1134700000,
    "weightedAverageShsOutDil": 1138400000,
    "link": "https://www.sec.gov/Archives/edgar/data/829224/000082922425000014/0000829224-25-000014-index.htm",
    "finalLink": "https://www.sec.gov/Archives/edgar/data/829224/000082922425000014/sbux-20241229.htm"
  },
  {
    "date": "2024-09-29",
    "symbol": "SBUX",
    "reportedCurrency": "USD",
    "cik": "0000829224",
    "fillingDate": "2024-11-20",
    "acceptedDate": "2024-11-20 16:08:06",
    "calendarYear": "2024",
    "period": "Q4",
    "revenue": 9073900000,
    "costOfRevenue": 6692200000,
    "grossProfit": 2381700000,
    "grossProfitRatio": 0.2624780965,
    "researchAndDevelopmentExpenses": 0,
    "generalAndAdministrativeExpenses": 644700000,
    "sellingAndMarketingExpenses": 0,
    "sellingGeneralAndAdministrativeExpenses": 644700000,
    "otherExpenses": 430100000,
    "operatingExpenses": 1074800000,
    "costAndExpenses": 7767000000,
    "interestIncome": 26800000,
    "interestExpense": 140000000,
    "depreciationAndAmortization": 401400000,
    "ebitda": 1735100000,
    "ebitdaratio": 0.1912187703,
    "operatingIncome": 1306900000,
    "operatingIncomeRatio": 0.1440284773,
    "totalOtherIncomeExpensesNet": -113200000,
    "incomeBeforeTax": 1193700000,
    "incomeBeforeTaxRatio": 0.1315531359,
    "incomeTaxExpense": 284100000,
    "netIncome": 909200000,
    "netIncomeRatio": 0.1001994732,
    "eps": 0.8,
    "epsdiluted": 0.8,
    "weightedAverageShsOut": 1137300000,
    "weightedAverageShsOutDil": 1137300000,
    "link": "https://www.sec.gov/Archives/edgar/data/829224/000082922424000057/0000829224-24-000057-index.htm",
    "finalLink": "https://www.sec.gov/Archives/edgar/data/829224/000082922424000057/sbux-20240929.htm"
  },
  {
    "date": "2024-06-30",
    "symbol": "SBUX",
    "reportedCurrency": "USD",
    "cik": "0000829224",
    "fillingDate": "2024-07-30",
    "acceptedDate": "2024-07-30 16:10:34",
    "calendarYear": "2024",
    "period": "Q3",
    "revenue": 9113900000,
    "costOfRevenue": 6570000000,
    "grossProfit": 2543900000,
    "grossProfitRatio": 0.2791230977,
    "researchAndDevelopmentExpenses": 0,
    "generalAndAdministrativeExpenses": 576000000,
    "sellingAndMarketingExpenses": 0,
    "sellingGeneralAndAdministrativeExpenses": 576000000,
    "otherExpenses": 450400000,
    "operatingExpenses": 1026400000,
    "costAndExpenses": 7596400000,
    "interestIncome": 28100000,
    "interestExpense": 141300000,
    "depreciationAndAmortization": 407400000,
    "ebitda": 1953000000,
    "ebitdaratio": 0.2142880655,
    "operatingIncome": 1517500000,
    "operatingIncomeRatio": 0.1665039116,
    "totalOtherIncomeExpensesNet": -113200000,
    "incomeBeforeTax": 1404300000,
    "incomeBeforeTaxRatio": 0.1540833233,
    "incomeTaxExpense": 348600000,
    "netIncome": 1054800000,
    "netIncomeRatio": 0.1157353054,
    "eps": 0.93,
    "epsdiluted": 0.93,
    "weightedAverageShsOut": 1132800000,
    "weightedAverageShsOutDil": 1135800000,
    "link": "https://www.sec.gov/Archives/edgar/data/829224/000082922424000042/0000829224-24-000042-index.htm",
    "finalLink": "https://www.sec.gov/Archives/edgar/data/829224/000082922424000042/sbux-20240630.htm"
  },
  {
    "date": "2024-03-31",
    "symbol": "SBUX",
    "reportedCurrency": "USD",
    "cik": "0000829224",
    "fillingDate": "2024-04-30",
    "acceptedDate": "2024-04-30 16:10:50",
    "calendarYear": "2024",
    "period": "Q2",
    "revenue": 8563000000,
    "costOfRevenue": 6372800000,
    "grossProfit": 2190200000,
    "grossProfitRatio": 0.2557748453,
    "researchAndDevelopmentExpenses": 0,
    "generalAndAdministrativeExpenses": 654600000,
    "sellingAndMarketingExpenses": 0,
    "sellingGeneralAndAdministrativeExpenses": 654600000,
    "otherExpenses": 436700000,
    "operatingExpenses": 1091300000,
    "costAndExpenses": 7464100000,
    "interestIncome": 34100000,
    "interestExpense": 140600000,
    "depreciationAndAmortization": 399200000,
    "ebitda": 1532200000,
    "ebitdaratio": 0.1789326171,
    "operatingIncome": 1098900000,
    "operatingIncomeRatio": 0.1283311923,
    "totalOtherIncomeExpensesNet": -106500000,
    "incomeBeforeTax": 992400000,
    "incomeBeforeTaxRatio": 0.1158939624,
    "incomeTaxExpense": 219900000,
    "netIncome": 772400000,
    "netIncomeRatio": 0.090202032,
    "eps": 0.68,
    "epsdiluted": 0.68,
    "weightedAverageShsOut": 1132400000,
    "weightedAverageShsOutDil": 1135400000,
    "link": "https://www.sec.gov/Archives/edgar/data/829224/000082922424000024/0000829224-24-000024-index.htm",
    "finalLink": "https://www.sec.gov/Archives/edgar/data/829224/000082922424000024/sbux-20240331.htm"
  },
  {
    "date": "2023-12-31",
    "symbol": "SBUX",
    "reportedCurrency": "USD",
    "cik": "0000829224",
    "fillingDate": "2024-02-16",
    "acceptedDate": "2024-02-16 06:06:06",
    "calendarYear": "2024",
    "period": "Q1",
    "revenue": 9425300000,
    "costOfRevenue": 6832100000,
    "grossProfit": 2593200000,
    "grossProfitRatio": 0.275131826,
    "researchAndDevelopmentExpenses": 0,
    "generalAndAdministrativeExpenses": 648000000,
    "sellingAndMarketingExpenses": 0,
    "sellingGeneralAndAdministrativeExpenses": 648000000,
    "otherExpenses": 459800000,
    "operatingExpenses": 1107800000,
    "costAndExpenses": 7939900000,
    "interestIncome": 33800000,
    "interestExpense": 140100000,
    "depreciationAndAmortization": 384400000,
    "ebitda": 1903600000,
    "ebitdaratio": 0.2019670461,
    "operatingIncome": 1485400000,
    "operatingIncomeRatio": 0.1575971057,
    "totalOtherIncomeExpensesNet": -106300000,
    "incomeBeforeTax": 1379100000,
    "incomeBeforeTaxRatio": 0.1463189501,
    "incomeTaxExpense": 354700000,
    "netIncome": 1024400000,
    "netIncomeRatio": 0.1086861957,
    "eps": 0.9,
    "epsdiluted": 0.9,
    "weightedAverageShsOut": 1136600000,
    "weightedAverageShsOutDil": 1140600000,
    "link": "https://www.sec.gov/Archives/edgar/data/829224/000119312524037988/0001193125-24-037988-index.htm",
    "finalLink": "https://www.sec.gov/Archives/edgar/data/829224/000119312524037988/d789711d10qa.htm"
  },
  {
    "date": "2023-10-01",
    "symbol": "SBUX",
    "reportedCurrency": "USD",
    "cik": "0000829224",
    "fillingDate": "2023-11-17",
    "acceptedDate": "2023-11-17 17:31:27",
    "calendarYear": "2023",
    "period": "Q4",
    "revenue": 9373600000,
    "costOfRevenue": 6654400000,
    "grossProfit": 2719200000,
    "grossProfitRatio": 0.2900913203,
    "researchAndDevelopmentExpenses": 0,
    "generalAndAdministrativeExpenses": 635700000,
    "sellingAndMarketingExpenses": 0,
    "sellingGeneralAndAdministrativeExpenses": 635700000,
    "otherExpenses": 377300000,
    "operatingExpenses": 1013000000,
    "costAndExpenses": 7667400000,
    "interestIncome": 30100000,
    "interestExpense": 143200000,
    "depreciationAndAmortization": 376500000,
    "ebitda": 2112800000,
    "ebitdaratio": 0.2253989929,
    "operatingIncome": 1706200000,
    "operatingIncomeRatio": 0.1820218486,
    "totalOtherIncomeExpensesNet": -113100000,
    "incomeBeforeTax": 1593100000,
    "incomeBeforeTaxRatio": 0.1699560468,
    "incomeTaxExpense": 373800000,
    "netIncome": 1219300000,
    "netIncomeRatio": 0.1300780917,
    "eps": 1.07,
    "epsdiluted": 1.06,
    "weightedAverageShsOut": 1144898344,
    "weightedAverageShsOutDil": 1149400000,
    "link": "https://www.sec.gov/Archives/edgar/data/829224/000082922423000058/0000829224-23-000058-index.htm",
    "finalLink": "https://www.sec.gov/Archives/edgar/data/829224/000082922423000058/sbux-20231001.htm"
  },
  {
    "date": "2023-07-02",
    "symbol": "SBUX",
    "reportedCurrency": "USD",
    "cik": "0000829224",
    "fillingDate": "2023-08-01",
    "acceptedDate": "2023-08-01 16:32:43",
    "calendarYear": "2023",
    "period": "Q3",
    "revenue": 9168300000,
    "costOfRevenue": 6561800000,
    "grossProfit": 2606500000,
    "grossProfitRatio": 0.2842947984,
    "researchAndDevelopmentExpenses": 0,
    "generalAndAdministrativeExpenses": 604300000,
    "sellingAndMarketingExpenses": 0,
    "sellingGeneralAndAdministrativeExpenses": 604300000,
    "otherExpenses": 418300000,
    "operatingExpenses": 1022600000,
    "costAndExpenses": 7584400000,
    "interestIncome": 21300000,
    "interestExpense": 140900000,
    "depreciationAndAmortization": 364500000,
    "ebitda": 1969700000,
    "ebitdaratio": 0.2148380834,
    "operatingIncome": 1583900000,
    "operatingIncomeRatio": 0.1727583085,
    "totalOtherIncomeExpensesNet": -119600000,
    "incomeBeforeTax": 1464300000,
    "incomeBeforeTaxRatio": 0.1597133602,
    "incomeTaxExpense": 322400000,
    "netIncome": 1141700000,
    "netIncomeRatio": 0.1245269025,
    "eps": 1,
    "epsdiluted": 0.99,
    "weightedAverageShsOut": 1145900000,
    "weightedAverageShsOutDil": 1150500000,
    "link": "https://www.sec.gov/Archives/edgar/data/829224/000082922423000044/0000829224-23-000044-index.htm",
    "finalLink": "https://www.sec.gov/Archives/edgar/data/829224/000082922423000044/sbux-20230702.htm"
  },
  {
    "date": "2023-04-02",
    "symbol": "SBUX",
    "reportedCurrency": "USD",
    "cik": "0000829224",
    "fillingDate": "2023-05-02",
    "acceptedDate": "2023-05-02 16:31:26",
    "calendarYear": "2023",
    "period": "Q2",
    "revenue": 8719800000,
    "costOfRevenue": 6437700000,
    "grossProfit": 2282100000,
    "grossProfitRatio": 0.2617147182,
    "researchAndDevelopmentExpenses": 0,
    "generalAndAdministrativeExpenses": 620400000,
    "sellingAndMarketingExpenses": 0,
    "sellingGeneralAndAdministrativeExpenses": 620400000,
    "otherExpenses": 334200000,
    "operatingExpenses": 954600000,
    "costAndExpenses": 7392300000,
    "interestIncome": 18400000,
    "interestExpense": 136300000,
    "depreciationAndAmortization": 366800000,
    "ebitda": 1712700000,
    "ebitdaratio": 0.1964150554,
    "operatingIncome": 1327500000,
    "operatingIncomeRatio": 0.1522397303,
    "totalOtherIncomeExpensesNet": -117900000,
    "incomeBeforeTax": 1209600000,
    "incomeBeforeTaxRatio": 0.138718778,
    "incomeTaxExpense": 301300000,
    "netIncome": 908300000,
    "netIncomeRatio": 0.1041652331,
    "eps": 0.79,
    "epsdiluted": 0.79,
    "weightedAverageShsOut": 1148500000,
    "weightedAverageShsOutDil": 1152700000,
    "link": "https://www.sec.gov/Archives/edgar/data/829224/000082922423000037/0000829224-23-000037-index.htm",
    "finalLink": "https://www.sec.gov/Archives/edgar/data/829224/000082922423000037/sbux-20230402.htm"
  },
  {
    "date": "2023-01-01",
    "symbol": "SBUX",
    "reportedCurrency": "USD",
    "cik": "0000829224",
    "fillingDate": "2023-02-02",
    "acceptedDate": "2023-02-02 16:31:13",
    "calendarYear": "2023",
    "period": "Q1",
    "revenue": 8713900000,
    "costOfRevenue": 6475500000,
    "grossProfit": 2238400000,
    "grossProfitRatio": 0.2568769437,
    "researchAndDevelopmentExpenses": 0,
    "generalAndAdministrativeExpenses": 580900000,
    "sellingAndMarketingExpenses": 0,
    "sellingGeneralAndAdministrativeExpenses": 580900000,
    "otherExpenses": 404400000,
    "operatingExpenses": 985300000,
    "costAndExpenses": 7460800000,
    "interestIncome": 11600000,
    "interestExpense": 129700000,
    "depreciationAndAmortization": 342500000,
    "ebitda": 1607200000,
    "ebitdaratio": 0.1844409507,
    "operatingIncome": 1253100000,
    "operatingIncomeRatio": 0.1438047258,
    "totalOtherIncomeExpensesNet": -118100000,
    "incomeBeforeTax": 1135000000,
    "incomeBeforeTaxRatio": 0.1302516669,
    "incomeTaxExpense": 279800000,
    "netIncome": 855200000,
    "netIncomeRatio": 0.0981420489,
    "eps": 0.74,
    "epsdiluted": 0.74,
    "weightedAverageShsOut": 1148500000,
    "weightedAverageShsOutDil": 1152900000,
    "link": "https://www.sec.gov/Archives/edgar/data/829224/000082922423000017/0000829224-23-000017-index.htm",
    "finalLink": "https://www.sec.gov/Archives/edgar/data/829224/000082922423000017/sbux-20230101.htm"
  },
  {
    "date": "2022-10-02",
    "symbol": "SBUX",
    "reportedCurrency": "USD",
    "cik": "0000829224",
    "fillingDate": "2022-11-18",
    "acceptedDate": "2022-11-18 16:35:30",
    "calendarYear": "2022",
    "period": "Q4",
    "revenue": 8414200000,
    "costOfRevenue": 6255700000,
    "grossProfit": 2158500000,
    "grossProfitRatio": 0.2565306268,
    "researchAndDevelopmentExpenses": 0,
    "generalAndAdministrativeExpenses": 538000000,
    "sellingAndMarketingExpenses": 0,
    "sellingGeneralAndAdministrativeExpenses": 538000000,
    "otherExpenses": 425000000,
    "operatingExpenses": 963000000,
    "costAndExpenses": 7218700000,
    "interestIncome": 31000000,
    "interestExpense": 125300000,
    "depreciationAndAmortization": 360400000,
    "ebitda": 1586900000,
    "ebitdaratio": 0.1885978465,
    "operatingIncome": 1195500000,
    "operatingIncomeRatio": 0.1420812436,
    "totalOtherIncomeExpensesNet": -94300000,
    "incomeBeforeTax": 1101200000,
    "incomeBeforeTaxRatio": 0.1308739987,
    "incomeTaxExpense": 222600000,
    "netIncome": 878300000,
    "netIncomeRatio": 0.1043830667,
    "eps": 0.77,
    "epsdiluted": 0.76,
    "weightedAverageShsOut": 1147900000,
    "weightedAverageShsOutDil": 1152500000,
    "link": "https://www.sec.gov/Archives/edgar/data/829224/000082922422000058/0000829224-22-000058-index.htm",
    "finalLink": "https://www.sec.gov/Archives/edgar/data/829224/000082922422000058/sbux-20221002.htm"
  },
  {
    "date": "2022-07-03",
    "symbol": "SBUX",
    "reportedCurrency": "USD",
    "cik": "0000829224",
    "fillingDate": "2022-08-02",
    "acceptedDate": "2022-08-02 16:31:49",
    "calendarYear": "2022",
    "period": "Q3",
    "revenue": 8150100000,
    "costOfRevenue": 5916100000,
    "grossProfit": 2234000000,
    "grossProfitRatio": 0.2741070662,
    "researchAndDevelopmentExpenses": 0,
    "generalAndAdministrativeExpenses": 486700000,
    "sellingAndMarketingExpenses": 0,
    "sellingGeneralAndAdministrativeExpenses": 486700000,
    "otherExpenses": 451800000,
    "operatingExpenses": 938500000,
    "costAndExpenses": 6854600000,
    "interestIncome": 19800000,
    "interestExpense": 123100000,
    "depreciationAndAmortization": 391300000,
    "ebitda": 1706600000,
    "ebitdaratio": 0.2093962037,
    "operatingIncome": 1295500000,
    "operatingIncomeRatio": 0.1589551048,
    "totalOtherIncomeExpensesNet": -103300000,
    "incomeBeforeTax": 1192200000,
    "incomeBeforeTaxRatio": 0.1462804137,
    "incomeTaxExpense": 278500000,
    "netIncome": 912900000,
    "netIncomeRatio": 0.1120108956,
    "eps": 0.8,
    "epsdiluted": 0.79,
    "weightedAverageShsOut": 1147000000,
    "weightedAverageShsOutDil": 1151000000,
    "link": "https://www.sec.gov/Archives/edgar/data/829224/000082922422000039/0000829224-22-000039-index.htm",
    "finalLink": "https://www.sec.gov/Archives/edgar/data/829224/000082922422000039/sbux-20220703.htm"
  },
  {
    "date": "2022-04-03",
    "symbol": "SBUX",
    "reportedCurrency": "USD",
    "cik": "0000829224",
    "fillingDate": "2022-05-03",
    "acceptedDate": "2022-05-03 16:35:06",
    "calendarYear": "2022",
    "period": "Q2",
    "revenue": 7635600000,
    "costOfRevenue": 5780500000,
    "grossProfit": 1855100000,
    "grossProfitRatio": 0.2429540573,
    "researchAndDevelopmentExpenses": 0,
    "generalAndAdministrativeExpenses": 481500000,
    "sellingAndMarketingExpenses": 0,
    "sellingGeneralAndAdministrativeExpenses": 481500000,
    "otherExpenses": 424700000,
    "operatingExpenses": 906200000,
    "costAndExpenses": 6686700000,
    "interestIncome": 46300000,
    "interestExpense": 119100000,
    "depreciationAndAmortization": 391300000,
    "ebitda": 1386500000,
    "ebitdaratio": 0.1815836346,
    "operatingIncome": 948900000,
    "operatingIncomeRatio": 0.1242731416,
    "totalOtherIncomeExpensesNet": -72800000,
    "incomeBeforeTax": 876100000,
    "incomeBeforeTaxRatio": 0.1147388548,
    "incomeTaxExpense": 201100000,
    "netIncome": 674500000,
    "netIncomeRatio": 0.0883362146,
    "eps": 0.59,
    "epsdiluted": 0.58,
    "weightedAverageShsOut": 1149200000,
    "weightedAverageShsOutDil": 1153900000,
    "link": "https://www.sec.gov/Archives/edgar/data/829224/000082922422000030/0000829224-22-000030-index.htm",
    "finalLink": "https://www.sec.gov/Archives/edgar/data/829224/000082922422000030/sbux-20220403.htm"
  },
  {
    "date": "2022-01-02",
    "symbol": "SBUX",
    "reportedCurrency": "USD",
    "cik": "0000829224",
    "fillingDate": "2022-02-01",
    "acceptedDate": "2022-02-01 16:36:17",
    "calendarYear": "2022",
    "period": "Q1",
    "revenue": 8050400000,
    "costOfRevenue": 5926900000,
    "grossProfit": 2123500000,
    "grossProfitRatio": 0.263775713,
    "researchAndDevelopmentExpenses": 0,
    "generalAndAdministrativeExpenses": 525800000,
    "sellingAndMarketingExpenses": 0,
    "sellingGeneralAndAdministrativeExpenses": 525800000,
    "otherExpenses": 419900000,
    "operatingExpenses": 945700000,
    "costAndExpenses": 6872600000,
    "interestIncome": 0,
    "interestExpense": 115400000,
    "depreciationAndAmortization": 386400000,
    "ebitda": 1564200000,
    "ebitdaratio": 0.1943009043,
    "operatingIncome": 1177800000,
    "operatingIncomeRatio": 0.1463032893,
    "totalOtherIncomeExpensesNet": -115400000,
    "incomeBeforeTax": 1062400000,
    "incomeBeforeTaxRatio": 0.1319685978,
    "incomeTaxExpense": 246300000,
    "netIncome": 815900000,
    "netIncomeRatio": 0.1013490013,
    "eps": 0.7,
    "epsdiluted": 0.69,
    "weightedAverageShsOut": 1151600000,
    "weightedAverageShsOutDil": 1176600000,
    "link": "https://www.sec.gov/Archives/edgar/data/829224/000082922422000012/0000829224-22-000012-index.htm",
    "finalLink": "https://www.sec.gov/Archives/edgar/data/829224/000082922422000012/sbux-20220102.htm"
  },
  {
    "date": "2021-10-03",
    "symbol": "SBUX",
    "reportedCurrency": "USD",
    "cik": "0000829224",
    "fillingDate": "2021-11-19",
    "acceptedDate": "2021-11-19 16:46:02",
    "calendarYear": "2021",
    "period": "Q4",
    "revenue": 8146700000,
    "costOfRevenue": 5764500000,
    "grossProfit": 2382200000,
    "grossProfitRatio": 0.2924128788,
    "researchAndDevelopmentExpenses": 0,
    "generalAndAdministrativeExpenses": 501200000,
    "sellingAndMarketingExpenses": 0,
    "sellingGeneralAndAdministrativeExpenses": 501200000,
    "otherExpenses": 398800000,
    "operatingExpenses": 900000000,
    "costAndExpenses": 6664500000,
    "interestIncome": 21500000,
    "interestExpense": 120600000,
    "depreciationAndAmortization": 377900000,
    "ebitda": 2746100000,
    "ebitdaratio": 0.3370812722,
    "operatingIncome": 1482200000,
    "operatingIncomeRatio": 0.1819386991,
    "totalOtherIncomeExpensesNet": 765400000,
    "incomeBeforeTax": 2247600000,
    "incomeBeforeTaxRatio": 0.2758908515,
    "incomeTaxExpense": 483000000,
    "netIncome": 1764400000,
    "netIncomeRatio": 0.2165784919,
    "eps": 1.5,
    "epsdiluted": 1.49,
    "weightedAverageShsOut": 1180000000,
    "weightedAverageShsOutDil": 1187900000,
    "link": "https://www.sec.gov/Archives/edgar/data/829224/000082922421000086/0000829224-21-000086-index.htm",
    "finalLink": "https://www.sec.gov/Archives/edgar/data/829224/000082922421000086/sbux-20211003.htm"
  },
  {
    "date": "2021-06-27",
    "symbol": "SBUX",
    "reportedCurrency": "USD",
    "cik": "0000829224",
    "fillingDate": "2021-07-27",
    "acceptedDate": "2021-07-27 16:57:11",
    "calendarYear": "2021",
    "period": "Q3",
    "revenue": 7496500000,
    "costOfRevenue": 5172900000,
    "grossProfit": 2323600000,
    "grossProfitRatio": 0.3099579804,
    "researchAndDevelopmentExpenses": 0,
    "generalAndAdministrativeExpenses": 494900000,
    "sellingAndMarketingExpenses": 0,
    "sellingGeneralAndAdministrativeExpenses": 494900000,
    "otherExpenses": 340000000,
    "operatingExpenses": 834900000,
    "costAndExpenses": 6007800000,
    "interestIncome": 36000000,
    "interestExpense": 113400000,
    "depreciationAndAmortization": 373300000,
    "ebitda": 1898000000,
    "ebitdaratio": 0.2531848196,
    "operatingIncome": 1488700000,
    "operatingIncomeRatio": 0.1985860068,
    "totalOtherIncomeExpensesNet": -77400000,
    "incomeBeforeTax": 1411300000,
    "incomeBeforeTaxRatio": 0.1882611886,
    "incomeTaxExpense": 257100000,
    "netIncome": 1153400000,
    "netIncomeRatio": 0.1538584673,
    "eps": 0.98,
    "epsdiluted": 0.97,
    "weightedAverageShsOut": 1178500000,
    "weightedAverageShsOutDil": 1186200000,
    "link": "https://www.sec.gov/Archives/edgar/data/829224/000082922421000075/0000829224-21-000075-index.htm",
    "finalLink": "https://www.sec.gov/Archives/edgar/data/829224/000082922421000075/sbux-20210627.htm"
  },
  {
    "date": "2021-03-28",
    "symbol": "SBUX",
    "reportedCurrency": "USD",
    "cik": "0000829224",
    "fillingDate": "2021-04-27",
    "acceptedDate": "2021-04-27 16:47:04",
    "calendarYear": "2021",
    "period": "Q2",
    "revenue": 6668000000,
    "costOfRevenue": 4815700000,
    "grossProfit": 1852300000,
    "grossProfitRatio": 0.2777894421,
    "researchAndDevelopmentExpenses": 0,
    "generalAndAdministrativeExpenses": 464400000,
    "sellingAndMarketingExpenses": 0,
    "sellingGeneralAndAdministrativeExpenses": 464400000,
    "otherExpenses": 400300000,
    "operatingExpenses": 864700000,
    "costAndExpenses": 5680400000,
    "interestIncome": 17300000,
    "interestExpense": 115000000,
    "depreciationAndAmortization": 384500000,
    "ebitda": 1389400000,
    "ebitdaratio": 0.2083683263,
    "operatingIncome": 987600000,
    "operatingIncomeRatio": 0.1481103779,
    "totalOtherIncomeExpensesNet": -97700000,
    "incomeBeforeTax": 889900000,
    "incomeBeforeTaxRatio": 0.1334583083,
    "incomeTaxExpense": 230500000,
    "netIncome": 659400000,
    "netIncomeRatio": 0.098890222,
    "eps": 0.56,
    "epsdiluted": 0.56,
    "weightedAverageShsOut": 1177500000,
    "weightedAverageShsOutDil": 1184800000,
    "link": "https://www.sec.gov/Archives/edgar/data/829224/000082922421000053/0000829224-21-000053-index.htm",
    "finalLink": "https://www.sec.gov/Archives/edgar/data/829224/000082922421000053/sbux-20210328.htm"
  },
  {
    "date": "2020-12-27",
    "symbol": "SBUX",
    "reportedCurrency": "USD",
    "cik": "0000829224",
    "fillingDate": "2021-01-26",
    "acceptedDate": "2021-01-26 16:40:03",
    "calendarYear": "2021",
    "period": "Q1",
    "revenue": 6749400000,
    "costOfRevenue": 4916400000,
    "grossProfit": 1833000000,
    "grossProfitRatio": 0.271579696,
    "researchAndDevelopmentExpenses": 0,
    "generalAndAdministrativeExpenses": 472100000,
    "sellingAndMarketingExpenses": 0,
    "sellingGeneralAndAdministrativeExpenses": 472100000,
    "otherExpenses": 447400000,
    "operatingExpenses": 919500000,
    "costAndExpenses": 5835900000,
    "interestIncome": 15500000,
    "interestExpense": 120700000,
    "depreciationAndAmortization": 388400000,
    "ebitda": 1317400000,
    "ebitdaratio": 0.1951877204,
    "operatingIncome": 913500000,
    "operatingIncomeRatio": 0.135345364,
    "totalOtherIncomeExpensesNet": -105200000,
    "incomeBeforeTax": 808300000,
    "incomeBeforeTaxRatio": 0.1197587934,
    "incomeTaxExpense": 186100000,
    "netIncome": 622200000,
    "netIncomeRatio": 0.0921859721,
    "eps": 0.53,
    "epsdiluted": 0.53,
    "weightedAverageShsOut": 1175000000,
    "weightedAverageShsOutDil": 1183000000,
    "link": "https://www.sec.gov/Archives/edgar/data/829224/000082922421000029/0000829224-21-000029-index.htm",
    "finalLink": "https://www.sec.gov/Archives/edgar/data/829224/000082922421000029/sbux-20201227.htm"
  },
  {
    "date": "2020-09-27",
    "symbol": "SBUX",
    "reportedCurrency": "USD",
    "cik": "0000829224",
    "fillingDate": "2020-11-12",
    "acceptedDate": "2020-11-12 16:59:07",
    "calendarYear": "2020",
    "period": "Q4",
    "revenue": 6203100000,
    "costOfRevenue": 4660000000,
    "grossProfit": 1543100000,
    "grossProfitRatio": 0.2487627154,
    "researchAndDevelopmentExpenses": 0,
    "generalAndAdministrativeExpenses": 439000000,
    "sellingAndMarketingExpenses": 0,
    "sellingGeneralAndAdministrativeExpenses": 439000000,
    "otherExpenses": 545800000,
    "operatingExpenses": 984800000,
    "costAndExpenses": 5644800000,
    "interestIncome": 9000000,
    "interestExpense": 124900000,
    "depreciationAndAmortization": 379200000,
    "ebitda": 946500000,
    "ebitdaratio": 0.1525849978,
    "operatingIncome": 558300000,
    "operatingIncomeRatio": 0.0900033854,
    "totalOtherIncomeExpensesNet": -115900000,
    "incomeBeforeTax": 442400000,
    "incomeBeforeTaxRatio": 0.0713191791,
    "incomeTaxExpense": 49700000,
    "netIncome": 392600000,
    "netIncomeRatio": 0.0632909352,
    "eps": 0.33,
    "epsdiluted": 0.33,
    "weightedAverageShsOut": 1173300000,
    "weightedAverageShsOutDil": 1179000000,
    "link": "https://www.sec.gov/Archives/edgar/data/829224/000082922420000078/0000829224-20-000078-index.htm",
    "finalLink": "https://www.sec.gov/Archives/edgar/data/829224/000082922420000078/sbux-20200927.htm"
  },
  {
    "date": "2020-06-28",
    "symbol": "SBUX",
    "reportedCurrency": "USD",
    "cik": "0000829224",
    "fillingDate": "2020-07-28",
    "acceptedDate": "2020-07-28 16:38:08",
    "calendarYear": "2020",
    "period": "Q3",
    "revenue": 4222100000,
    "costOfRevenue": 4021800000,
    "grossProfit": 200300000,
    "grossProfitRatio": 0.047440847,
    "researchAndDevelopmentExpenses": 0,
    "generalAndAdministrativeExpenses": 399900000,
    "sellingAndMarketingExpenses": 0,
    "sellingGeneralAndAdministrativeExpenses": 399900000,
    "otherExpenses": 504300000,
    "operatingExpenses": 904200000,
    "costAndExpenses": 4926000000,
    "interestIncome": 12700000,
    "interestExpense": 120800000,
    "depreciationAndAmortization": 377100000,
    "ebitda": -314100000,
    "ebitdaratio": -0.0743942588,
    "operatingIncome": -703900000,
    "operatingIncomeRatio": -0.1667179839,
    "totalOtherIncomeExpensesNet": -108100000,
    "incomeBeforeTax": -812000000,
    "incomeBeforeTaxRatio": -0.1923213567,
    "incomeTaxExpense": -133900000,
    "netIncome": -678400000,
    "netIncomeRatio": -0.1606783354,
    "eps": -0.58,
    "epsdiluted": -0.58,
    "weightedAverageShsOut": 1168500774,
    "weightedAverageShsOutDil": 1168900000,
    "link": "https://www.sec.gov/Archives/edgar/data/829224/000082922420000066/0000829224-20-000066-index.htm",
    "finalLink": "https://www.sec.gov/Archives/edgar/data/829224/000082922420000066/sbux-20200628.htm"
  },
  {
    "date": "2020-03-29",
    "symbol": "SBUX",
    "reportedCurrency": "USD",
    "cik": "0000829224",
    "fillingDate": "2020-04-28",
    "acceptedDate": "2020-04-28 16:53:56",
    "calendarYear": "2020",
    "period": "Q2",
    "revenue": 5995700000,
    "costOfRevenue": 4719100000,
    "grossProfit": 1276600000,
    "grossProfitRatio": 0.2129192588,
    "researchAndDevelopmentExpenses": 0,
    "generalAndAdministrativeExpenses": 406500000,
    "sellingAndMarketingExpenses": 0,
    "sellingGeneralAndAdministrativeExpenses": 406500000,
    "otherExpenses": 382700000,
    "operatingExpenses": 789200000,
    "costAndExpenses": 5508300000,
    "interestIncome": 2000000,
    "interestExpense": 99200000,
    "depreciationAndAmortization": 377700000,
    "ebitda": 867100000,
    "ebitdaratio": 0.1446203112,
    "operatingIncome": 487400000,
    "operatingIncomeRatio": 0.0812915923,
    "totalOtherIncomeExpensesNet": -97200000,
    "incomeBeforeTax": 390200000,
    "incomeBeforeTaxRatio": 0.065079974,
    "incomeTaxExpense": 65400000,
    "netIncome": 328400000,
    "netIncomeRatio": 0.054772587,
    "eps": 0.28,
    "epsdiluted": 0.28,
    "weightedAverageShsOut": 1171800000,
    "weightedAverageShsOutDil": 1180700000,
    "link": "https://www.sec.gov/Archives/edgar/data/829224/000082922420000045/0000829224-20-000045-index.htm",
    "finalLink": "https://www.sec.gov/Archives/edgar/data/829224/000082922420000045/sbux-20200329.htm"
  },
  {
    "date": "2019-12-29",
    "symbol": "SBUX",
    "reportedCurrency": "USD",
    "cik": "0000829224",
    "fillingDate": "2020-01-28",
    "acceptedDate": "2020-01-28 16:58:14",
    "calendarYear": "2020",
    "period": "Q1",
    "revenue": 7097100000,
    "costOfRevenue": 5057900000,
    "grossProfit": 2039200000,
    "grossProfitRatio": 0.2873286272,
    "researchAndDevelopmentExpenses": 0,
    "generalAndAdministrativeExpenses": 434200000,
    "sellingAndMarketingExpenses": 0,
    "sellingGeneralAndAdministrativeExpenses": 434200000,
    "otherExpenses": 385200000,
    "operatingExpenses": 819400000,
    "costAndExpenses": 5877300000,
    "interestIncome": 15900000,
    "interestExpense": 91900000,
    "depreciationAndAmortization": 369200000,
    "ebitda": 1604900000,
    "ebitdaratio": 0.2261346184,
    "operatingIncome": 1219800000,
    "operatingIncomeRatio": 0.1718730186,
    "totalOtherIncomeExpensesNet": -76000000,
    "incomeBeforeTax": 1143800000,
    "incomeBeforeTaxRatio": 0.1611644193,
    "incomeTaxExpense": 258500000,
    "netIncome": 885700000,
    "netIncomeRatio": 0.1247974525,
    "eps": 0.75,
    "epsdiluted": 0.74,
    "weightedAverageShsOut": 1180400000,
    "weightedAverageShsOutDil": 1191000000,
    "link": "https://www.sec.gov/Archives/edgar/data/829224/000082922420000012/0000829224-20-000012-index.htm",
    "finalLink": "https://www.sec.gov/Archives/edgar/data/829224/000082922420000012/sbux-20191229.htm"
  },
  {
    "date": "2019-09-29",
    "symbol": "SBUX",
    "reportedCurrency": "USD",
    "cik": "0000829224",
    "fillingDate": "2019-11-15",
    "acceptedDate": "2019-11-15 16:16:58",
    "calendarYear": "2019",
    "period": "Q4",
    "revenue": 6747000000,
    "costOfRevenue": 4888200000,
    "grossProfit": 1858800000,
    "grossProfitRatio": 0.2755002223,
    "researchAndDevelopmentExpenses": 0,
    "generalAndAdministrativeExpenses": 404900000,
    "sellingAndMarketingExpenses": 0,
    "sellingGeneralAndAdministrativeExpenses": 404900000,
    "otherExpenses": 370600000,
    "operatingExpenses": 775500000,
    "costAndExpenses": 5663700000,
    "interestIncome": 16300000,
    "interestExpense": 95700000,
    "depreciationAndAmortization": 365700000,
    "ebitda": 1465300000,
    "ebitdaratio": 0.217178005,
    "operatingIncome": 1083300000,
    "operatingIncomeRatio": 0.160560249,
    "totalOtherIncomeExpensesNet": -79400000,
    "incomeBeforeTax": 1003900000,
    "incomeBeforeTaxRatio": 0.1487920557,
    "incomeTaxExpense": 201500000,
    "netIncome": 802800000,
    "netIncomeRatio": 0.1189862161,
    "eps": 0.68,
    "epsdiluted": 0.67,
    "weightedAverageShsOut": 1184600000,
    "weightedAverageShsOutDil": 1205600000,
    "link": "https://www.sec.gov/Archives/edgar/data/829224/000082922419000051/0000829224-19-000051-index.htm",
    "finalLink": "https://www.sec.gov/Archives/edgar/data/829224/000082922419000051/sbux-9292019x10xk.htm"
  },
  {
    "date": "2019-06-30",
    "symbol": "SBUX",
    "reportedCurrency": "USD",
    "cik": "0000829224",
    "fillingDate": "2019-07-30",
    "acceptedDate": "2019-07-30 16:45:22",
    "calendarYear": "2019",
    "period": "Q3",
    "revenue": 6823000000,
    "costOfRevenue": 4842800000,
    "grossProfit": 1980200000,
    "grossProfitRatio": 0.2902242415,
    "researchAndDevelopmentExpenses": 0,
    "generalAndAdministrativeExpenses": 459700000,
    "sellingAndMarketingExpenses": 0,
    "sellingGeneralAndAdministrativeExpenses": 459700000,
    "otherExpenses": 399200000,
    "operatingExpenses": 858900000,
    "costAndExpenses": 5701700000,
    "interestIncome": 40200000,
    "interestExpense": 86400000,
    "depreciationAndAmortization": 360100000,
    "ebitda": 2123400000,
    "ebitdaratio": 0.3112120768,
    "operatingIncome": 1121300000,
    "operatingIncomeRatio": 0.1643411989,
    "totalOtherIncomeExpensesNet": 555600000,
    "incomeBeforeTax": 1676900000,
    "incomeBeforeTaxRatio": 0.2457716547,
    "incomeTaxExpense": 303700000,
    "netIncome": 1372800000,
    "netIncomeRatio": 0.2012018174,
    "eps": 1.14,
    "epsdiluted": 1.12,
    "weightedAverageShsOut": 1206500000,
    "weightedAverageShsOutDil": 1223000000,
    "link": "https://www.sec.gov/Archives/edgar/data/829224/000082922419000036/0000829224-19-000036-index.htm",
    "finalLink": "https://www.sec.gov/Archives/edgar/data/829224/000082922419000036/sbux-6302019x10xq.htm"
  },
  {
    "date": "2019-03-31",
    "symbol": "SBUX",
    "reportedCurrency": "USD",
    "cik": "0000829224",
    "fillingDate": "2019-04-30",
    "acceptedDate": "2019-04-30 16:24:57",
    "calendarYear": "2019",
    "period": "Q2",
    "revenue": 6305900000,
    "costOfRevenue": 4566100000,
    "grossProfit": 1739800000,
    "grossProfitRatio": 0.2759003473,
    "researchAndDevelopmentExpenses": 0,
    "generalAndAdministrativeExpenses": 458100000,
    "sellingAndMarketingExpenses": 0,
    "sellingGeneralAndAdministrativeExpenses": 458100000,
    "otherExpenses": 424000000,
    "operatingExpenses": 882100000,
    "costAndExpenses": 5448200000,
    "interestIncome": 15200000,
    "interestExpense": 73900000,
    "depreciationAndAmortization": 372700000,
    "ebitda": 1266600000,
    "ebitdaratio": 0.2008595125,
    "operatingIncome": 857700000,
    "operatingIncomeRatio": 0.1360154776,
    "totalOtherIncomeExpensesNet": -37700000,
    "incomeBeforeTax": 820000000,
    "incomeBeforeTaxRatio": 0.1300369495,
    "incomeTaxExpense": 161200000,
    "netIncome": 663200000,
    "netIncomeRatio": 0.1051713475,
    "eps": 0.55,
    "epsdiluted": 0.53,
    "weightedAverageShsOut": 1210000000,
    "weightedAverageShsOutDil": 1250700000,
    "link": "https://www.sec.gov/Archives/edgar/data/829224/000082922419000024/0000829224-19-000024-index.htm",
    "finalLink": "https://www.sec.gov/Archives/edgar/data/829224/000082922419000024/sbux-3312019x10xq.htm"
  },
  {
    "date": "2018-12-30",
    "symbol": "SBUX",
    "reportedCurrency": "USD",
    "cik": "0000829224",
    "fillingDate": "2019-01-29",
    "acceptedDate": "2019-01-29 17:04:40",
    "calendarYear": "2019",
    "period": "Q1",
    "revenue": 6632700000,
    "costOfRevenue": 4762600000,
    "grossProfit": 1870100000,
    "grossProfitRatio": 0.2819515431,
    "researchAndDevelopmentExpenses": 0,
    "generalAndAdministrativeExpenses": 448000000,
    "sellingAndMarketingExpenses": 0,
    "sellingGeneralAndAdministrativeExpenses": 448000000,
    "otherExpenses": 406400000,
    "operatingExpenses": 854400000,
    "costAndExpenses": 5617000000,
    "interestIncome": 24800000,
    "interestExpense": 75000000,
    "depreciationAndAmortization": 350800000,
    "ebitda": 1391300000,
    "ebitdaratio": 0.2097637463,
    "operatingIncome": 1015700000,
    "operatingIncomeRatio": 0.153135224,
    "totalOtherIncomeExpensesNet": -50200000,
    "incomeBeforeTax": 965500000,
    "incomeBeforeTaxRatio": 0.1455666621,
    "incomeTaxExpense": 205100000,
    "netIncome": 760600000,
    "netIncomeRatio": 0.1146742654,
    "eps": 0.61,
    "epsdiluted": 0.61,
    "weightedAverageShsOut": 1243300000,
    "weightedAverageShsOutDil": 1253400000,
    "link": "https://www.sec.gov/Archives/edgar/data/829224/000082922419000011/0000829224-19-000011-index.htm",
    "finalLink": "https://www.sec.gov/Archives/edgar/data/829224/000082922419000011/sbux-12302018x10xq.htm"
  },
  {
    "date": "2018-09-30",
    "symbol": "SBUX",
    "reportedCurrency": "USD",
    "cik": "0000829224",
    "fillingDate": "2018-11-16",
    "acceptedDate": "2018-11-16 16:44:31",
    "calendarYear": "2018",
    "period": "Q4",
    "revenue": 6303600000,
    "costOfRevenue": 4442400000,
    "grossProfit": 1861200000,
    "grossProfitRatio": 0.2952598515,
    "researchAndDevelopmentExpenses": 0,
    "generalAndAdministrativeExpenses": 505400000,
    "sellingAndMarketingExpenses": 0,
    "sellingGeneralAndAdministrativeExpenses": 505400000,
    "otherExpenses": 399400000,
    "operatingExpenses": 904800000,
    "costAndExpenses": 5347200000,
    "interestIncome": 36200000,
    "interestExpense": 63900000,
    "depreciationAndAmortization": 344400000,
    "ebitda": 1339900000,
    "ebitdaratio": 0.2125610762,
    "operatingIncome": 956400000,
    "operatingIncomeRatio": 0.1517228251,
    "totalOtherIncomeExpensesNet": -24800000,
    "incomeBeforeTax": 931600000,
    "incomeBeforeTaxRatio": 0.1477885653,
    "incomeTaxExpense": 175500000,
    "netIncome": 755500000,
    "netIncomeRatio": 0.119852148,
    "eps": 0.58,
    "epsdiluted": 0.56,
    "weightedAverageShsOut": 1309100000,
    "weightedAverageShsOutDil": 1348700000,
    "link": "https://www.sec.gov/Archives/edgar/data/829224/000082922418000052/0000829224-18-000052-index.htm",
    "finalLink": "https://www.sec.gov/Archives/edgar/data/829224/000082922418000052/sbux-9302018x10xk.htm"
  },
  {
    "date": "2018-07-01",
    "symbol": "SBUX",
    "reportedCurrency": "USD",
    "cik": "0000829224",
    "fillingDate": "2018-07-31",
    "acceptedDate": "2018-07-31 16:18:00",
    "calendarYear": "2018",
    "period": "Q3",
    "revenue": 6310300000,
    "costOfRevenue": 4378400000,
    "grossProfit": 1931900000,
    "grossProfitRatio": 0.3061502623,
    "researchAndDevelopmentExpenses": 0,
    "generalAndAdministrativeExpenses": 485900000,
    "sellingAndMarketingExpenses": 0,
    "sellingGeneralAndAdministrativeExpenses": 485900000,
    "otherExpenses": 407800000,
    "operatingExpenses": 893700000,
    "costAndExpenses": 5272100000,
    "interestIncome": 31500000,
    "interestExpense": 45400000,
    "depreciationAndAmortization": 343900000,
    "ebitda": 1416100000,
    "ebitdaratio": 0.2244108838,
    "operatingIncome": 1038200000,
    "operatingIncomeRatio": 0.164524666,
    "totalOtherIncomeExpensesNet": -11400000,
    "incomeBeforeTax": 1026800000,
    "incomeBeforeTaxRatio": 0.1627180958,
    "incomeTaxExpense": 174800000,
    "netIncome": 852500000,
    "netIncomeRatio": 0.1350965881,
    "eps": 0.62,
    "epsdiluted": 0.61,
    "weightedAverageShsOut": 1366300000,
    "weightedAverageShsOutDil": 1388500000,
    "link": "https://www.sec.gov/Archives/edgar/data/829224/000082922418000037/0000829224-18-000037-index.htm",
    "finalLink": "https://www.sec.gov/Archives/edgar/data/829224/000082922418000037/sbux-07012018x10xq.htm"
  },
  {
    "date": "2018-04-01",
    "symbol": "SBUX",
    "reportedCurrency": "USD",
    "cik": "0000829224",
    "fillingDate": "2018-05-01",
    "acceptedDate": "2018-05-01 16:14:34",
    "calendarYear": "2018",
    "period": "Q2",
    "revenue": 6031800000,
    "costOfRevenue": 4304300000,
    "grossProfit": 1727500000,
    "grossProfitRatio": 0.2863987533,
    "researchAndDevelopmentExpenses": 0,
    "generalAndAdministrativeExpenses": 420600000,
    "sellingAndMarketingExpenses": 0,
    "sellingGeneralAndAdministrativeExpenses": 420600000,
    "otherExpenses": 534400000,
    "operatingExpenses": 955000000,
    "costAndExpenses": 5259300000,
    "interestIncome": 35500000,
    "interestExpense": 35100000,
    "depreciationAndAmortization": 345200000,
    "ebitda": 1195900000,
    "ebitdaratio": 0.1982658576,
    "operatingIncome": 772500000,
    "operatingIncomeRatio": 0.1280712225,
    "totalOtherIncomeExpensesNet": 43100000,
    "incomeBeforeTax": 815600000,
    "incomeBeforeTaxRatio": 0.1352166849,
    "incomeTaxExpense": 155800000,
    "netIncome": 660100000,
    "netIncomeRatio": 0.1094366524,
    "eps": 0.47,
    "epsdiluted": 0.47,
    "weightedAverageShsOut": 1382400000,
    "weightedAverageShsOutDil": 1406600000,
    "link": "https://www.sec.gov/Archives/edgar/data/829224/000082922418000022/0000829224-18-000022-index.htm",
    "finalLink": "https://www.sec.gov/Archives/edgar/data/829224/000082922418000022/sbux-04012018x10xq.htm"
  },
  {
    "date": "2017-12-31",
    "symbol": "SBUX",
    "reportedCurrency": "USD",
    "cik": "0000829224",
    "fillingDate": "2018-01-31",
    "acceptedDate": "2018-01-31 16:12:56",
    "calendarYear": "2018",
    "period": "Q1",
    "revenue": 6073700000,
    "costOfRevenue": 4238700000,
    "grossProfit": 1835000000,
    "grossProfitRatio": 0.3021222648,
    "researchAndDevelopmentExpenses": 0,
    "generalAndAdministrativeExpenses": 392400000,
    "sellingAndMarketingExpenses": 0,
    "sellingGeneralAndAdministrativeExpenses": 392400000,
    "otherExpenses": 326500000,
    "operatingExpenses": 718900000,
    "costAndExpenses": 4957600000,
    "interestIncome": 88200000,
    "interestExpense": 25900000,
    "depreciationAndAmortization": 272400000,
    "ebitda": 3304200000,
    "ebitdaratio": 0.5440176499,
    "operatingIncome": 1116100000,
    "operatingIncomeRatio": 0.1837594876,
    "totalOtherIncomeExpensesNet": 1889800000,
    "incomeBeforeTax": 3005900000,
    "incomeBeforeTaxRatio": 0.4949042593,
    "incomeTaxExpense": 755800000,
    "netIncome": 2250200000,
    "netIncomeRatio": 0.3704825724,
    "eps": 1.6,
    "epsdiluted": 1.57,
    "weightedAverageShsOut": 1407600000,
    "weightedAverageShsOutDil": 1434600000,
    "link": "https://www.sec.gov/Archives/edgar/data/829224/000082922418000009/0000829224-18-000009-index.htm",
    "finalLink": "https://www.sec.gov/Archives/edgar/data/829224/000082922418000009/sbux-12312017x10xq.htm"
  },
  {
    "date": "2017-10-01",
    "symbol": "SBUX",
    "reportedCurrency": "USD",
    "cik": "0000829224",
    "fillingDate": "2017-11-17",
    "acceptedDate": "2017-11-17 16:10:18",
    "calendarYear": "2017",
    "period": "Q4",
    "revenue": 5698300000,
    "costOfRevenue": 3992700000,
    "grossProfit": 1705600000,
    "grossProfitRatio": 0.2993173403,
    "researchAndDevelopmentExpenses": 0,
    "generalAndAdministrativeExpenses": 385100000,
    "sellingAndMarketingExpenses": 0,
    "sellingGeneralAndAdministrativeExpenses": 385100000,
    "otherExpenses": 297900000,
    "operatingExpenses": 683000000,
    "costAndExpenses": 4675700000,
    "interestIncome": 151600000,
    "interestExpense": 22300000,
    "depreciationAndAmortization": 270700000,
    "ebitda": 1444900000,
    "ebitdaratio": 0.2535668533,
    "operatingIncome": 1022600000,
    "operatingIncomeRatio": 0.179457031,
    "totalOtherIncomeExpensesNet": 129300000,
    "incomeBeforeTax": 1151900000,
    "incomeBeforeTaxRatio": 0.2021480091,
    "incomeTaxExpense": 362500000,
    "netIncome": 788600000,
    "netIncomeRatio": 0.138392152,
    "eps": 0.55,
    "epsdiluted": 0.54,
    "weightedAverageShsOut": 1431600000,
    "weightedAverageShsOutDil": 1451200000,
    "link": "https://www.sec.gov/Archives/edgar/data/829224/000082922417000049/0000829224-17-000049-index.htm",
    "finalLink": "https://www.sec.gov/Archives/edgar/data/829224/000082922417000049/sbux-1012017x10xk.htm"
  },
  {
    "date": "2017-07-02",
    "symbol": "SBUX",
    "reportedCurrency": "USD",
    "cik": "0000829224",
    "fillingDate": "2017-08-01",
    "acceptedDate": "2017-08-01 17:00:02",
    "calendarYear": "2017",
    "period": "Q3",
    "revenue": 5661500000,
    "costOfRevenue": 3878000000,
    "grossProfit": 1783500000,
    "grossProfitRatio": 0.3150225205,
    "researchAndDevelopmentExpenses": 0,
    "generalAndAdministrativeExpenses": 325000000,
    "sellingAndMarketingExpenses": 0,
    "sellingGeneralAndAdministrativeExpenses": 325000000,
    "otherExpenses": 414300000,
    "operatingExpenses": 739300000,
    "costAndExpenses": 4617300000,
    "interestIncome": 31700000,
    "interestExpense": 23500000,
    "depreciationAndAmortization": 266600000,
    "ebitda": 1342500000,
    "ebitdaratio": 0.2371279696,
    "operatingIncome": 1044200000,
    "operatingIncomeRatio": 0.184438753,
    "totalOtherIncomeExpensesNet": 8200000,
    "incomeBeforeTax": 1052400000,
    "incomeBeforeTaxRatio": 0.1858871324,
    "incomeTaxExpense": 361100000,
    "netIncome": 691600000,
    "netIncomeRatio": 0.1221584386,
    "eps": 0.48,
    "epsdiluted": 0.47,
    "weightedAverageShsOut": 1445700000,
    "weightedAverageShsOutDil": 1459400000,
    "link": "https://www.sec.gov/Archives/edgar/data/829224/000082922417000036/0000829224-17-000036-index.htm",
    "finalLink": "https://www.sec.gov/Archives/edgar/data/829224/000082922417000036/sbux-722017x10xq.htm"
  },
  {
    "date": "2017-04-02",
    "symbol": "SBUX",
    "reportedCurrency": "USD",
    "cik": "0000829224",
    "fillingDate": "2017-05-02",
    "acceptedDate": "2017-05-02 16:14:19",
    "calendarYear": "2017",
    "period": "Q2",
    "revenue": 5294000000,
    "costOfRevenue": 3727600000,
    "grossProfit": 1566400000,
    "grossProfitRatio": 0.2958821307,
    "researchAndDevelopmentExpenses": 0,
    "generalAndAdministrativeExpenses": 326800000,
    "sellingAndMarketingExpenses": 0,
    "sellingGeneralAndAdministrativeExpenses": 326800000,
    "otherExpenses": 304200000,
    "operatingExpenses": 631000000,
    "costAndExpenses": 4358600000,
    "interestIncome": 58300000,
    "interestExpense": 22900000,
    "depreciationAndAmortization": 266600000,
    "ebitda": 1269900000,
    "ebitdaratio": 0.2398753306,
    "operatingIncome": 935400000,
    "operatingIncomeRatio": 0.1766905931,
    "totalOtherIncomeExpensesNet": 45000000,
    "incomeBeforeTax": 980400000,
    "incomeBeforeTaxRatio": 0.185190782,
    "incomeTaxExpense": 327600000,
    "netIncome": 652800000,
    "netIncomeRatio": 0.1233094069,
    "eps": 0.45,
    "epsdiluted": 0.45,
    "weightedAverageShsOut": 1447700000,
    "weightedAverageShsOutDil": 1464800000,
    "link": "https://www.sec.gov/Archives/edgar/data/829224/000082922417000021/0000829224-17-000021-index.htm",
    "finalLink": "https://www.sec.gov/Archives/edgar/data/829224/000082922417000021/sbux-422017x10xq.htm"
  },
  {
    "date": "2017-01-01",
    "symbol": "SBUX",
    "reportedCurrency": "USD",
    "cik": "0000829224",
    "fillingDate": "2017-01-31",
    "acceptedDate": "2017-01-31 16:09:30",
    "calendarYear": "2017",
    "period": "Q1",
    "revenue": 5732900000,
    "costOfRevenue": 3933200000,
    "grossProfit": 1799700000,
    "grossProfitRatio": 0.3139248897,
    "researchAndDevelopmentExpenses": 0,
    "generalAndAdministrativeExpenses": 356400000,
    "sellingAndMarketingExpenses": 0,
    "sellingGeneralAndAdministrativeExpenses": 356400000,
    "otherExpenses": 310700000,
    "operatingExpenses": 667100000,
    "costAndExpenses": 4600300000,
    "interestIncome": 24100000,
    "interestExpense": 23800000,
    "depreciationAndAmortization": 263200000,
    "ebitda": 1419900000,
    "ebitdaratio": 0.2476756964,
    "operatingIncome": 1132600000,
    "operatingIncomeRatio": 0.1975614436,
    "totalOtherIncomeExpensesNet": 300000,
    "incomeBeforeTax": 1132900000,
    "incomeBeforeTaxRatio": 0.1976137731,
    "incomeTaxExpense": 381400000,
    "netIncome": 751800000,
    "netIncomeRatio": 0.1311378186,
    "eps": 0.52,
    "epsdiluted": 0.51,
    "weightedAverageShsOut": 1457200000,
    "weightedAverageShsOutDil": 1470500000,
    "link": "https://www.sec.gov/Archives/edgar/data/829224/000082922417000005/0000829224-17-000005-index.htm",
    "finalLink": "https://www.sec.gov/Archives/edgar/data/829224/000082922417000005/sbux-112017x10xq.htm"
  },
  {
    "date": "2016-10-02",
    "symbol": "SBUX",
    "reportedCurrency": "USD",
    "cik": "0000829224",
    "fillingDate": "2016-11-18",
    "acceptedDate": "2016-11-18 16:06:40",
    "calendarYear": "2016",
    "period": "Q4",
    "revenue": 5711200000,
    "costOfRevenue": 3816500000,
    "grossProfit": 1894700000,
    "grossProfitRatio": 0.3317516459,
    "researchAndDevelopmentExpenses": 0,
    "generalAndAdministrativeExpenses": 401200000,
    "sellingAndMarketingExpenses": 0,
    "sellingGeneralAndAdministrativeExpenses": 401200000,
    "otherExpenses": 266100000,
    "operatingExpenses": 667300000,
    "costAndExpenses": 4483800000,
    "interestIncome": 12500000,
    "interestExpense": 24700000,
    "depreciationAndAmortization": 261900000,
    "ebitda": 1501800000,
    "ebitdaratio": 0.2629569968,
    "operatingIncome": 1227400000,
    "operatingIncomeRatio": 0.214911052,
    "totalOtherIncomeExpensesNet": -12200000,
    "incomeBeforeTax": 1215200000,
    "incomeBeforeTaxRatio": 0.2127748984,
    "incomeTaxExpense": 413500000,
    "netIncome": 800900000,
    "netIncomeRatio": 0.1402332259,
    "eps": 0.55,
    "epsdiluted": 0.54,
    "weightedAverageShsOut": 1460500000,
    "weightedAverageShsOutDil": 1478400000,
    "link": "https://www.sec.gov/Archives/edgar/data/829224/000082922416000083/0000829224-16-000083-index.htm",
    "finalLink": "https://www.sec.gov/Archives/edgar/data/829224/000082922416000083/sbux-1022016x10xk.htm"
  },
  {
    "date": "2016-06-26",
    "symbol": "SBUX",
    "reportedCurrency": "USD",
    "cik": "0000829224",
    "fillingDate": "2016-07-27",
    "acceptedDate": "2016-07-27 16:33:28",
    "calendarYear": "2016",
    "period": "Q3",
    "revenue": 5238000000,
    "costOfRevenue": 3589700000,
    "grossProfit": 1648300000,
    "grossProfitRatio": 0.314681176,
    "researchAndDevelopmentExpenses": 0,
    "generalAndAdministrativeExpenses": 323400000,
    "sellingAndMarketingExpenses": 0,
    "sellingGeneralAndAdministrativeExpenses": 323400000,
    "otherExpenses": 302600000,
    "operatingExpenses": 626000000,
    "costAndExpenses": 4215700000,
    "interestIncome": 72900000,
    "interestExpense": 21800000,
    "depreciationAndAmortization": 258900000,
    "ebitda": 1354100000,
    "ebitdaratio": 0.2585147003,
    "operatingIncome": 1022300000,
    "operatingIncomeRatio": 0.1951699122,
    "totalOtherIncomeExpensesNet": 51100000,
    "incomeBeforeTax": 1073400000,
    "incomeBeforeTaxRatio": 0.2049255441,
    "incomeTaxExpense": 318900000,
    "netIncome": 754100000,
    "netIncomeRatio": 0.143967163,
    "eps": 0.51,
    "epsdiluted": 0.51,
    "weightedAverageShsOut": 1466400000,
    "weightedAverageShsOutDil": 1479300000,
    "link": "https://www.sec.gov/Archives/edgar/data/829224/000082922416000074/0000829224-16-000074-index.htm",
    "finalLink": "https://www.sec.gov/Archives/edgar/data/829224/000082922416000074/sbux-6262016x10xq.htm"
  },
  {
    "date": "2016-03-27",
    "symbol": "SBUX",
    "reportedCurrency": "USD",
    "cik": "0000829224",
    "fillingDate": "2016-04-26",
    "acceptedDate": "2016-04-26 16:07:55",
    "calendarYear": "2016",
    "period": "Q2",
    "revenue": 4993200000,
    "costOfRevenue": 3476700000,
    "grossProfit": 1516500000,
    "grossProfitRatio": 0.3037130497,
    "researchAndDevelopmentExpenses": 0,
    "generalAndAdministrativeExpenses": 330500000,
    "sellingAndMarketingExpenses": 0,
    "sellingGeneralAndAdministrativeExpenses": 330500000,
    "otherExpenses": 321800000,
    "operatingExpenses": 652300000,
    "costAndExpenses": 4129000000,
    "interestIncome": 14500000,
    "interestExpense": 18300000,
    "depreciationAndAmortization": 262000000,
    "ebitda": 1140700000,
    "ebitdaratio": 0.2284506929,
    "operatingIncome": 864200000,
    "operatingIncomeRatio": 0.1730753825,
    "totalOtherIncomeExpensesNet": -3800000,
    "incomeBeforeTax": 860400000,
    "incomeBeforeTaxRatio": 0.1723143475,
    "incomeTaxExpense": 285400000,
    "netIncome": 575100000,
    "netIncomeRatio": 0.1151766402,
    "eps": 0.39,
    "epsdiluted": 0.39,
    "weightedAverageShsOut": 1464500000,
    "weightedAverageShsOutDil": 1486600000,
    "link": "https://www.sec.gov/Archives/edgar/data/829224/000082922416000062/0000829224-16-000062-index.htm",
    "finalLink": "https://www.sec.gov/Archives/edgar/data/829224/000082922416000062/sbux-3272016x10xq.htm"
  },
  {
    "date": "2015-12-27",
    "symbol": "SBUX",
    "reportedCurrency": "USD",
    "cik": "0000829224",
    "fillingDate": "2016-01-26",
    "acceptedDate": "2016-01-26 16:08:20",
    "calendarYear": "2016",
    "period": "Q1",
    "revenue": 5373500000,
    "costOfRevenue": 3692400000,
    "grossProfit": 1681100000,
    "grossProfitRatio": 0.3128500977,
    "researchAndDevelopmentExpenses": 0,
    "generalAndAdministrativeExpenses": 305500000,
    "sellingAndMarketingExpenses": 0,
    "sellingGeneralAndAdministrativeExpenses": 305500000,
    "otherExpenses": 317600000,
    "operatingExpenses": 623100000,
    "costAndExpenses": 4315500000,
    "interestIncome": 8100000,
    "interestExpense": 16500000,
    "depreciationAndAmortization": 247300000,
    "ebitda": 1313400000,
    "ebitdaratio": 0.2444216991,
    "operatingIncome": 1058000000,
    "operatingIncomeRatio": 0.196892156,
    "totalOtherIncomeExpensesNet": -8400000,
    "incomeBeforeTax": 1049600000,
    "incomeBeforeTaxRatio": 0.195328929,
    "incomeTaxExpense": 361900000,
    "netIncome": 687600000,
    "netIncomeRatio": 0.1279612915,
    "eps": 0.46,
    "epsdiluted": 0.46,
    "weightedAverageShsOut": 1485600000,
    "weightedAverageShsOutDil": 1503300000,
    "link": "https://www.sec.gov/Archives/edgar/data/829224/000082922416000049/0000829224-16-000049-index.htm",
    "finalLink": "https://www.sec.gov/Archives/edgar/data/829224/000082922416000049/sbux-12272015x10q.htm"
  },
  {
    "date": "2015-09-27",
    "symbol": "SBUX",
    "reportedCurrency": "USD",
    "cik": "0000829224",
    "fillingDate": "2015-11-12",
    "acceptedDate": "2015-11-12 16:26:50",
    "calendarYear": "2015",
    "period": "Q4",
    "revenue": 4914800000,
    "costOfRevenue": 3361200000,
    "grossProfit": 1553600000,
    "grossProfitRatio": 0.316106454,
    "researchAndDevelopmentExpenses": 0,
    "generalAndAdministrativeExpenses": 303900000,
    "sellingAndMarketingExpenses": 0,
    "sellingGeneralAndAdministrativeExpenses": 303900000,
    "otherExpenses": 280300000,
    "operatingExpenses": 584200000,
    "costAndExpenses": 3945400000,
    "interestIncome": 6400000,
    "interestExpense": 18200000,
    "depreciationAndAmortization": 240500000,
    "ebitda": 1155200000,
    "ebitdaratio": 0.2350451697,
    "operatingIncome": 969400000,
    "operatingIncomeRatio": 0.1972409864,
    "totalOtherIncomeExpensesNet": -72900000,
    "incomeBeforeTax": 896500000,
    "incomeBeforeTaxRatio": 0.1824082363,
    "incomeTaxExpense": 244000000,
    "netIncome": 652500000,
    "netIncomeRatio": 0.1327622691,
    "eps": 0.44,
    "epsdiluted": 0.43,
    "weightedAverageShsOut": 1485100000,
    "weightedAverageShsOutDil": 1504500000,
    "link": "https://www.sec.gov/Archives/edgar/data/829224/000082922415000038/0000829224-15-000038-index.htm",
    "finalLink": "https://www.sec.gov/Archives/edgar/data/829224/000082922415000038/sbux-9272015x10k.htm"
  },
  {
    "date": "2015-06-28",
    "symbol": "SBUX",
    "reportedCurrency": "USD",
    "cik": "0000829224",
    "fillingDate": "2015-07-28",
    "acceptedDate": "2015-07-28 17:23:17",
    "calendarYear": "2015",
    "period": "Q3",
    "revenue": 4881200000,
    "costOfRevenue": 3346300000,
    "grossProfit": 1534900000,
    "grossProfitRatio": 0.3144513644,
    "researchAndDevelopmentExpenses": 0,
    "generalAndAdministrativeExpenses": 288500000,
    "sellingAndMarketingExpenses": 0,
    "sellingGeneralAndAdministrativeExpenses": 288500000,
    "otherExpenses": 307800000,
    "operatingExpenses": 596300000,
    "costAndExpenses": 3942600000,
    "interestIncome": 25500000,
    "interestExpense": 19100000,
    "depreciationAndAmortization": 249100000,
    "ebitda": 1213200000,
    "ebitdaratio": 0.2485454396,
    "operatingIncome": 938600000,
    "operatingIncomeRatio": 0.1922887814,
    "totalOtherIncomeExpensesNet": 6400000,
    "incomeBeforeTax": 945000000,
    "incomeBeforeTaxRatio": 0.1935999344,
    "incomeTaxExpense": 318500000,
    "netIncome": 626700000,
    "netIncomeRatio": 0.1283905597,
    "eps": 0.42,
    "epsdiluted": 0.41,
    "weightedAverageShsOut": 1490800000,
    "weightedAverageShsOutDil": 1515700000,
    "link": "https://www.sec.gov/Archives/edgar/data/829224/000082922415000029/0000829224-15-000029-index.htm",
    "finalLink": "https://www.sec.gov/Archives/edgar/data/829224/000082922415000029/sbux-6282015x10q.htm"
  },
  {
    "date": "2015-03-29",
    "symbol": "SBUX",
    "reportedCurrency": "USD",
    "cik": "0000829224",
    "fillingDate": "2015-04-28",
    "acceptedDate": "2015-04-28 17:26:33",
    "calendarYear": "2015",
    "period": "Q2",
    "revenue": 4563500000,
    "costOfRevenue": 3184400000,
    "grossProfit": 1379100000,
    "grossProfitRatio": 0.302202257,
    "researchAndDevelopmentExpenses": 0,
    "generalAndAdministrativeExpenses": 305900000,
    "sellingAndMarketingExpenses": 0,
    "sellingGeneralAndAdministrativeExpenses": 305900000,
    "otherExpenses": 295700000,
    "operatingExpenses": 601600000,
    "costAndExpenses": 3786000000,
    "interestIncome": 1300000,
    "interestExpense": 16900000,
    "depreciationAndAmortization": 227900000,
    "ebitda": 1006700000,
    "ebitdaratio": 0.220598225,
    "operatingIncome": 777500000,
    "operatingIncomeRatio": 0.1703736167,
    "totalOtherIncomeExpensesNet": -15600000,
    "incomeBeforeTax": 761900000,
    "incomeBeforeTaxRatio": 0.1669551879,
    "incomeTaxExpense": 266300000,
    "netIncome": 494900000,
    "netIncomeRatio": 0.1084474636,
    "eps": 0.33,
    "epsdiluted": 0.33,
    "weightedAverageShsOut": 1501000000,
    "weightedAverageShsOutDil": 1516500000,
    "link": "https://www.sec.gov/Archives/edgar/data/829224/000082922415000017/0000829224-15-000017-index.htm",
    "finalLink": "https://www.sec.gov/Archives/edgar/data/829224/000082922415000017/sbux-3292015x10q.htm"
  },
  {
    "date": "2014-12-28",
    "symbol": "SBUX",
    "reportedCurrency": "USD",
    "cik": "0000829224",
    "fillingDate": "2015-01-27",
    "acceptedDate": "2015-01-27 16:09:01",
    "calendarYear": "2015",
    "period": "Q1",
    "revenue": 4803200000,
    "costOfRevenue": 3306700000,
    "grossProfit": 1496500000,
    "grossProfitRatio": 0.3115631246,
    "researchAndDevelopmentExpenses": 0,
    "generalAndAdministrativeExpenses": 298400000,
    "sellingAndMarketingExpenses": 0,
    "sellingGeneralAndAdministrativeExpenses": 298400000,
    "otherExpenses": 282600000,
    "operatingExpenses": 581000000,
    "costAndExpenses": 3887700000,
    "interestIncome": 9700000,
    "interestExpense": 16300000,
    "depreciationAndAmortization": 216300000,
    "ebitda": 1532100000,
    "ebitdaratio": 0.3189748501,
    "operatingIncome": 915500000,
    "operatingIncomeRatio": 0.1906020986,
    "totalOtherIncomeExpensesNet": 384000000,
    "incomeBeforeTax": 1299500000,
    "incomeBeforeTaxRatio": 0.2705488008,
    "incomeTaxExpense": 315000000,
    "netIncome": 983100000,
    "netIncomeRatio": 0.2046760493,
    "eps": 0.66,
    "epsdiluted": 0.65,
    "weightedAverageShsOut": 1500800000,
    "weightedAverageShsOutDil": 1516800000,
    "link": "https://www.sec.gov/Archives/edgar/data/829224/000082922415000006/0000829224-15-000006-index.htm",
    "finalLink": "https://www.sec.gov/Archives/edgar/data/829224/000082922415000006/sbux-12282014x10q.htm"
  },
  {
    "date": "2014-09-28",
    "symbol": "SBUX",
    "reportedCurrency": "USD",
    "cik": "0000829224",
    "fillingDate": "2014-11-14",
    "acceptedDate": "2014-11-14 16:08:21",
    "calendarYear": "2014",
    "period": "Q4",
    "revenue": 4180700000,
    "costOfRevenue": 2875200000,
    "grossProfit": 1305500000,
    "grossProfitRatio": 0.3122682804,
    "researchAndDevelopmentExpenses": 0,
    "generalAndAdministrativeExpenses": 238700000,
    "sellingAndMarketingExpenses": 0,
    "sellingGeneralAndAdministrativeExpenses": 238700000,
    "otherExpenses": 212000000,
    "operatingExpenses": 450700000,
    "costAndExpenses": 3325900000,
    "interestIncome": 85700000,
    "interestExpense": 16400000,
    "depreciationAndAmortization": 194400000,
    "ebitda": 1134900000,
    "ebitdaratio": 0.2714617169,
    "operatingIncome": 854800000,
    "operatingIncomeRatio": 0.2044633674,
    "totalOtherIncomeExpensesNet": 69300000,
    "incomeBeforeTax": 924100000,
    "incomeBeforeTaxRatio": 0.2210395388,
    "incomeTaxExpense": 336600000,
    "netIncome": 587800000,
    "netIncomeRatio": 0.1405984644,
    "eps": 0.39,
    "epsdiluted": 0.39,
    "weightedAverageShsOut": 1499000000,
    "weightedAverageShsOutDil": 1521600000,
    "link": "https://www.sec.gov/Archives/edgar/data/829224/000082922414000041/0000829224-14-000041-index.htm",
    "finalLink": "https://www.sec.gov/Archives/edgar/data/829224/000082922414000041/sbux-9282014x10k.htm"
  },
  {
    "date": "2014-06-29",
    "symbol": "SBUX",
    "reportedCurrency": "USD",
    "cik": "0000829224",
    "fillingDate": "2014-07-29",
    "acceptedDate": "2014-07-29 16:08:28",
    "calendarYear": "2014",
    "period": "Q3",
    "revenue": 4153700000,
    "costOfRevenue": 2888000000,
    "grossProfit": 1265700000,
    "grossProfitRatio": 0.3047162771,
    "researchAndDevelopmentExpenses": 0,
    "generalAndAdministrativeExpenses": 269400000,
    "sellingAndMarketingExpenses": 0,
    "sellingGeneralAndAdministrativeExpenses": 269400000,
    "otherExpenses": 227800000,
    "operatingExpenses": 497200000,
    "costAndExpenses": 3385200000,
    "interestIncome": 19400000,
    "interestExpense": 16400000,
    "depreciationAndAmortization": 189800000,
    "ebitda": 977700000,
    "ebitdaratio": 0.2353805041,
    "operatingIncome": 768500000,
    "operatingIncomeRatio": 0.1850157691,
    "totalOtherIncomeExpensesNet": 3000000,
    "incomeBeforeTax": 771500000,
    "incomeBeforeTaxRatio": 0.1857380167,
    "incomeTaxExpense": 259000000,
    "netIncome": 512600000,
    "netIncomeRatio": 0.1234080458,
    "eps": 0.34,
    "epsdiluted": 0.34,
    "weightedAverageShsOut": 1502000000,
    "weightedAverageShsOutDil": 1522000000,
    "link": "https://www.sec.gov/Archives/edgar/data/829224/000082922414000030/0000829224-14-000030-index.htm",
    "finalLink": "https://www.sec.gov/Archives/edgar/data/829224/000082922414000030/sbux-6292014x10q.htm"
  },
  {
    "date": "2014-03-30",
    "symbol": "SBUX",
    "reportedCurrency": "USD",
    "cik": "0000829224",
    "fillingDate": "2014-04-29",
    "acceptedDate": "2014-04-29 16:05:28",
    "calendarYear": "2014",
    "period": "Q2",
    "revenue": 3873800000,
    "costOfRevenue": 2763700000,
    "grossProfit": 1110100000,
    "grossProfitRatio": 0.2865661624,
    "researchAndDevelopmentExpenses": 0,
    "generalAndAdministrativeExpenses": 240600000,
    "sellingAndMarketingExpenses": 0,
    "sellingGeneralAndAdministrativeExpenses": 240600000,
    "otherExpenses": 225400000,
    "operatingExpenses": 466000000,
    "costAndExpenses": 3229700000,
    "interestIncome": 17800000,
    "interestExpense": 16700000,
    "depreciationAndAmortization": 184100000,
    "ebitda": 846000000,
    "ebitdaratio": 0.2183902112,
    "operatingIncome": 644100000,
    "operatingIncomeRatio": 0.1662708452,
    "totalOtherIncomeExpensesNet": 1100000,
    "incomeBeforeTax": 645200000,
    "incomeBeforeTaxRatio": 0.1665548041,
    "incomeTaxExpense": 218300000,
    "netIncome": 427000000,
    "netIncomeRatio": 0.1102276834,
    "eps": 0.28,
    "epsdiluted": 0.28,
    "weightedAverageShsOut": 1508200000,
    "weightedAverageShsOutDil": 1529200000,
    "link": "https://www.sec.gov/Archives/edgar/data/829224/000082922414000021/0000829224-14-000021-index.htm",
    "finalLink": "https://www.sec.gov/Archives/edgar/data/829224/000082922414000021/sbux-3302014x10q.htm"
  },
  {
    "date": "2013-12-29",
    "symbol": "SBUX",
    "reportedCurrency": "USD",
    "cik": "0000829224",
    "fillingDate": "2014-01-28",
    "acceptedDate": "2014-01-28 16:09:06",
    "calendarYear": "2014",
    "period": "Q1",
    "revenue": 4239600000,
    "costOfRevenue": 2970200000,
    "grossProfit": 1269400000,
    "grossProfitRatio": 0.2994150392,
    "researchAndDevelopmentExpenses": 0,
    "generalAndAdministrativeExpenses": 242600000,
    "sellingAndMarketingExpenses": 0,
    "sellingGeneralAndAdministrativeExpenses": 242600000,
    "otherExpenses": 213300000,
    "operatingExpenses": 455900000,
    "costAndExpenses": 3426100000,
    "interestIncome": 19800000,
    "interestExpense": 14500000,
    "depreciationAndAmortization": 180100000,
    "ebitda": 1013400000,
    "ebitdaratio": 0.2390319841,
    "operatingIncome": 813500000,
    "operatingIncomeRatio": 0.1918813096,
    "totalOtherIncomeExpensesNet": 5300000,
    "incomeBeforeTax": 818800000,
    "incomeBeforeTaxRatio": 0.1931314275,
    "incomeTaxExpense": 278100000,
    "netIncome": 540700000,
    "netIncomeRatio": 0.1275356166,
    "eps": 0.36,
    "epsdiluted": 0.36,
    "weightedAverageShsOut": 1513000000,
    "weightedAverageShsOutDil": 1532400000,
    "link": "https://www.sec.gov/Archives/edgar/data/829224/000082922414000008/0000829224-14-000008-index.htm",
    "finalLink": "https://www.sec.gov/Archives/edgar/data/829224/000082922414000008/sbux-12292013x10q.htm"
  },
  {
    "date": "2013-09-29",
    "symbol": "SBUX",
    "reportedCurrency": "USD",
    "cik": "0000829224",
    "fillingDate": "2013-11-18",
    "acceptedDate": "2013-11-18 16:44:56",
    "calendarYear": "2013",
    "period": "Q4",
    "revenue": 3795000000,
    "costOfRevenue": 2707600000,
    "grossProfit": 1087400000,
    "grossProfitRatio": 0.2865349144,
    "researchAndDevelopmentExpenses": 0,
    "generalAndAdministrativeExpenses": 226200000,
    "sellingAndMarketingExpenses": 0,
    "sellingGeneralAndAdministrativeExpenses": 226200000,
    "otherExpenses": 2976500000,
    "operatingExpenses": 3202700000,
    "costAndExpenses": 5910300000,
    "interestIncome": 72200000,
    "interestExpense": 9100000,
    "depreciationAndAmortization": 176300000,
    "ebitda": -1866800000,
    "ebitdaratio": -0.4919104084,
    "operatingIncome": -2115300000,
    "operatingIncomeRatio": -0.5573913043,
    "totalOtherIncomeExpensesNet": 63100000,
    "incomeBeforeTax": -2052200000,
    "incomeBeforeTaxRatio": -0.5407641634,
    "incomeTaxExpense": -820100000,
    "netIncome": -1232000000,
    "netIncomeRatio": -0.3246376812,
    "eps": -0.82,
    "epsdiluted": -0.82,
    "weightedAverageShsOut": 1506400000,
    "weightedAverageShsOutDil": 1506400000,
    "link": "https://www.sec.gov/Archives/edgar/data/829224/000082922413000044/0000829224-13-000044-index.htm",
    "finalLink": "https://www.sec.gov/Archives/edgar/data/829224/000082922413000044/sbux-9292013x10k.htm"
  },
  {
    "date": "2013-06-30",
    "symbol": "SBUX",
    "reportedCurrency": "USD",
    "cik": "0000829224",
    "fillingDate": "2013-07-30",
    "acceptedDate": "2013-07-30 16:04:21",
    "calendarYear": "2013",
    "period": "Q3",
    "revenue": 3735300000,
    "costOfRevenue": 2681700000,
    "grossProfit": 1053600000,
    "grossProfitRatio": 0.2820656975,
    "researchAndDevelopmentExpenses": 0,
    "generalAndAdministrativeExpenses": 249600000,
    "sellingAndMarketingExpenses": 0,
    "sellingGeneralAndAdministrativeExpenses": 249600000,
    "otherExpenses": 188800000,
    "operatingExpenses": 438400000,
    "costAndExpenses": 3120100000,
    "interestIncome": 3500000,
    "interestExpense": 6300000,
    "depreciationAndAmortization": 161200000,
    "ebitda": 779900000,
    "ebitdaratio": 0.2087917972,
    "operatingIncome": 615200000,
    "operatingIncomeRatio": 0.1646989532,
    "totalOtherIncomeExpensesNet": -2800000,
    "incomeBeforeTax": 612400000,
    "incomeBeforeTaxRatio": 0.1639493481,
    "incomeTaxExpense": 194600000,
    "netIncome": 417800000,
    "netIncomeRatio": 0.1118517924,
    "eps": 0.28,
    "epsdiluted": 0.28,
    "weightedAverageShsOut": 1502200000,
    "weightedAverageShsOutDil": 1523800000,
    "link": "https://www.sec.gov/Archives/edgar/data/829224/000082922413000032/0000829224-13-000032-index.htm",
    "finalLink": "https://www.sec.gov/Archives/edgar/data/829224/000082922413000032/sbux-6302013x10q.htm"
  },
  {
    "date": "2013-03-31",
    "symbol": "SBUX",
    "reportedCurrency": "USD",
    "cik": "0000829224",
    "fillingDate": "2013-04-30",
    "acceptedDate": "2013-04-30 16:05:09",
    "calendarYear": "2013",
    "period": "Q2",
    "revenue": 3549600000,
    "costOfRevenue": 2568800000,
    "grossProfit": 980800000,
    "grossProfitRatio": 0.276312824,
    "researchAndDevelopmentExpenses": 0,
    "generalAndAdministrativeExpenses": 230300000,
    "sellingAndMarketingExpenses": 0,
    "sellingGeneralAndAdministrativeExpenses": 230300000,
    "otherExpenses": 206400000,
    "operatingExpenses": 436700000,
    "costAndExpenses": 3005500000,
    "interestIncome": 50800000,
    "interestExpense": 6100000,
    "depreciationAndAmortization": 161300000,
    "ebitda": 756200000,
    "ebitdaratio": 0.2130380888,
    "operatingIncome": 544100000,
    "operatingIncomeRatio": 0.1532848772,
    "totalOtherIncomeExpensesNet": 44700000,
    "incomeBeforeTax": 588800000,
    "incomeBeforeTaxRatio": 0.1658778454,
    "incomeTaxExpense": 198100000,
    "netIncome": 390400000,
    "netIncomeRatio": 0.1099842236,
    "eps": 0.26,
    "epsdiluted": 0.26,
    "weightedAverageShsOut": 1496600000,
    "weightedAverageShsOutDil": 1522600000,
    "link": "https://www.sec.gov/Archives/edgar/data/829224/000082922413000024/0000829224-13-000024-index.htm",
    "finalLink": "https://www.sec.gov/Archives/edgar/data/829224/000082922413000024/sbux-3312013x10q.htm"
  },
  {
    "date": "2012-12-30",
    "symbol": "SBUX",
    "reportedCurrency": "USD",
    "cik": "0000829224",
    "fillingDate": "2013-01-29",
    "acceptedDate": "2013-01-29 16:20:11",
    "calendarYear": "2013",
    "period": "Q1",
    "revenue": 3793200000,
    "costOfRevenue": 2710200000,
    "grossProfit": 1083000000,
    "grossProfitRatio": 0.2855109143,
    "researchAndDevelopmentExpenses": 0,
    "generalAndAdministrativeExpenses": 231900000,
    "sellingAndMarketingExpenses": 0,
    "sellingGeneralAndAdministrativeExpenses": 231900000,
    "otherExpenses": 220500000,
    "operatingExpenses": 452400000,
    "costAndExpenses": 3162600000,
    "interestIncome": 0,
    "interestExpense": 9500000,
    "depreciationAndAmortization": 156800000,
    "ebitda": 787400000,
    "ebitdaratio": 0.2075819888,
    "operatingIncome": 630600000,
    "operatingIncomeRatio": 0.1662448592,
    "totalOtherIncomeExpensesNet": -9500000,
    "incomeBeforeTax": 621100000,
    "incomeBeforeTaxRatio": 0.1637403775,
    "incomeTaxExpense": 188700000,
    "netIncome": 432200000,
    "netIncomeRatio": 0.1139407361,
    "eps": 0.29,
    "epsdiluted": 0.28,
    "weightedAverageShsOut": 1497800000,
    "weightedAverageShsOutDil": 1522600000,
    "link": "https://www.sec.gov/Archives/edgar/data/829224/000082922413000007/0000829224-13-000007-index.htm",
    "finalLink": "https://www.sec.gov/Archives/edgar/data/829224/000082922413000007/sbux-12302012x10q.htm"
  },
  {
    "date": "2012-09-30",
    "symbol": "SBUX",
    "reportedCurrency": "USD",
    "cik": "0000829224",
    "fillingDate": "2012-11-16",
    "acceptedDate": "2012-11-16 17:29:12",
    "calendarYear": "2012",
    "period": "Q4",
    "revenue": 3364100000,
    "costOfRevenue": 1459200000,
    "grossProfit": 1904900000,
    "grossProfitRatio": 0.5662435718,
    "researchAndDevelopmentExpenses": 0,
    "generalAndAdministrativeExpenses": 0,
    "sellingAndMarketingExpenses": 0,
    "sellingGeneralAndAdministrativeExpenses": 1193600000,
    "otherExpenses": 191800000,
    "operatingExpenses": 1385400000,
    "costAndExpenses": 2844600000,
    "interestIncome": 0,
    "interestExpense": 6500000,
    "depreciationAndAmortization": 152900000,
    "ebitda": 698600000,
    "ebitdaratio": 0.207663268,
    "operatingIncome": 519500000,
    "operatingIncomeRatio": 0.1544246604,
    "totalOtherIncomeExpensesNet": 19700000,
    "incomeBeforeTax": 539200000,
    "incomeBeforeTaxRatio": 0.16028061,
    "incomeTaxExpense": 180200000,
    "netIncome": 358700000,
    "netIncomeRatio": 0.1066258435,
    "eps": 0.24,
    "epsdiluted": 0.23,
    "weightedAverageShsOut": 1498600000,
    "weightedAverageShsOutDil": 1547000000,
    "link": "https://www.sec.gov/Archives/edgar/data/829224/000082922412000007/0000829224-12-000007-index.htm",
    "finalLink": "https://www.sec.gov/Archives/edgar/data/829224/000082922412000007/sbux-9302012x10k.htm"
  },
  {
    "date": "2012-07-01",
    "symbol": "SBUX",
    "reportedCurrency": "USD",
    "cik": "0000829224",
    "fillingDate": "2012-08-02",
    "acceptedDate": "2012-08-02 17:01:49",
    "calendarYear": "2012",
    "period": "Q3",
    "revenue": 3303600000,
    "costOfRevenue": 2422100000,
    "grossProfit": 881500000,
    "grossProfitRatio": 0.2668301247,
    "researchAndDevelopmentExpenses": 0,
    "generalAndAdministrativeExpenses": 199000000,
    "sellingAndMarketingExpenses": 0,
    "sellingGeneralAndAdministrativeExpenses": 199000000,
    "otherExpenses": 190900000,
    "operatingExpenses": 389900000,
    "costAndExpenses": 2812000000,
    "interestIncome": 9700000,
    "interestExpense": 8900000,
    "depreciationAndAmortization": 139800000,
    "ebitda": 641100000,
    "ebitdaratio": 0.1940610243,
    "operatingIncome": 491600000,
    "operatingIncomeRatio": 0.1488073617,
    "totalOtherIncomeExpensesNet": 800000,
    "incomeBeforeTax": 492400000,
    "incomeBeforeTaxRatio": 0.1490495217,
    "incomeTaxExpense": 159100000,
    "netIncome": 333100000,
    "netIncomeRatio": 0.1008293982,
    "eps": 0.22,
    "epsdiluted": 0.22,
    "weightedAverageShsOut": 1519600000,
    "weightedAverageShsOutDil": 1553600000,
    "link": "https://www.sec.gov/Archives/edgar/data/829224/000144530512002431/0001445305-12-002431-index.htm",
    "finalLink": "https://www.sec.gov/Archives/edgar/data/829224/000144530512002431/sbux-712012x10q.htm"
  },
  {
    "date": "2012-04-01",
    "symbol": "SBUX",
    "reportedCurrency": "USD",
    "cik": "0000829224",
    "fillingDate": "2012-05-02",
    "acceptedDate": "2012-05-02 16:02:29",
    "calendarYear": "2012",
    "period": "Q2",
    "revenue": 3195900000,
    "costOfRevenue": 2368400000,
    "grossProfit": 827500000,
    "grossProfitRatio": 0.2589254983,
    "researchAndDevelopmentExpenses": 0,
    "generalAndAdministrativeExpenses": 206900000,
    "sellingAndMarketingExpenses": 0,
    "sellingGeneralAndAdministrativeExpenses": 206900000,
    "otherExpenses": 190200000,
    "operatingExpenses": 397100000,
    "costAndExpenses": 2765500000,
    "interestIncome": 35300000,
    "interestExpense": 8800000,
    "depreciationAndAmortization": 144300000,
    "ebitda": 610000000,
    "ebitdaratio": 0.1908695516,
    "operatingIncome": 430400000,
    "operatingIncomeRatio": 0.1346725492,
    "totalOtherIncomeExpensesNet": 26500000,
    "incomeBeforeTax": 456900000,
    "incomeBeforeTaxRatio": 0.1429644232,
    "incomeTaxExpense": 146800000,
    "netIncome": 309900000,
    "netIncomeRatio": 0.0969679902,
    "eps": 0.21,
    "epsdiluted": 0.2,
    "weightedAverageShsOut": 1515800000,
    "weightedAverageShsOutDil": 1546600000,
    "link": "https://www.sec.gov/Archives/edgar/data/829224/000119312512204460/0001193125-12-204460-index.htm",
    "finalLink": "https://www.sec.gov/Archives/edgar/data/829224/000119312512204460/d323302d10q.htm"
  },
  {
    "date": "2012-01-01",
    "symbol": "SBUX",
    "reportedCurrency": "USD",
    "cik": "0000829224",
    "fillingDate": "2012-01-31",
    "acceptedDate": "2012-01-31 17:31:16",
    "calendarYear": "2012",
    "period": "Q1",
    "revenue": 3435900000,
    "costOfRevenue": 2491800000,
    "grossProfit": 944100000,
    "grossProfitRatio": 0.2747751681,
    "researchAndDevelopmentExpenses": 0,
    "generalAndAdministrativeExpenses": 191500000,
    "sellingAndMarketingExpenses": 0,
    "sellingGeneralAndAdministrativeExpenses": 191500000,
    "otherExpenses": 196600000,
    "operatingExpenses": 388100000,
    "costAndExpenses": 2879900000,
    "interestIncome": 23200000,
    "interestExpense": 8600000,
    "depreciationAndAmortization": 143600000,
    "ebitda": 722800000,
    "ebitdaratio": 0.2103670072,
    "operatingIncome": 556000000,
    "operatingIncomeRatio": 0.1618207748,
    "totalOtherIncomeExpensesNet": 14600000,
    "incomeBeforeTax": 570600000,
    "incomeBeforeTaxRatio": 0.1660700253,
    "incomeTaxExpense": 188400000,
    "netIncome": 382100000,
    "netIncomeRatio": 0.111208126,
    "eps": 0.25,
    "epsdiluted": 0.25,
    "weightedAverageShsOut": 1505200000,
    "weightedAverageShsOutDil": 1537000000,
    "link": "https://www.sec.gov/Archives/edgar/data/829224/000119312512032427/0001193125-12-032427-index.htm",
    "finalLink": "https://www.sec.gov/Archives/edgar/data/829224/000119312512032427/d270627d10q.htm"
  },
  {
    "date": "2011-10-02",
    "symbol": "SBUX",
    "reportedCurrency": "USD",
    "cik": "0000829224",
    "fillingDate": "2011-11-18",
    "acceptedDate": "2011-11-18 16:07:44",
    "calendarYear": "2011",
    "period": "Q4",
    "revenue": 3031700000,
    "costOfRevenue": 1322400000,
    "grossProfit": 1709300000,
    "grossProfitRatio": 0.563809084,
    "researchAndDevelopmentExpenses": 0,
    "generalAndAdministrativeExpenses": 0,
    "sellingAndMarketingExpenses": 0,
    "sellingGeneralAndAdministrativeExpenses": 1105100000,
    "otherExpenses": 39100000,
    "operatingExpenses": 1144200000,
    "costAndExpenses": 2466600000,
    "interestIncome": 65600000,
    "interestExpense": 9800000,
    "depreciationAndAmortization": 141800000,
    "ebitda": 655600000,
    "ebitdaratio": 0.2162483095,
    "operatingIncome": 565100000,
    "operatingIncomeRatio": 0.186397071,
    "totalOtherIncomeExpensesNet": -61100000,
    "incomeBeforeTax": 504000000,
    "incomeBeforeTaxRatio": 0.1662433618,
    "incomeTaxExpense": 145900000,
    "netIncome": 358300000,
    "netIncomeRatio": 0.1181845169,
    "eps": 0.23,
    "epsdiluted": 0.23,
    "weightedAverageShsOut": 1493600000,
    "weightedAverageShsOutDil": 1537000000,
    "link": "https://www.sec.gov/Archives/edgar/data/829224/000119312511317175/0001193125-11-317175-index.htm",
    "finalLink": "https://www.sec.gov/Archives/edgar/data/829224/000119312511317175/d232803d10k.htm"
  },
  {
    "date": "2011-07-03",
    "symbol": "SBUX",
    "reportedCurrency": "USD",
    "cik": "0000829224",
    "fillingDate": "2011-08-05",
    "acceptedDate": "2011-08-05 15:37:13",
    "calendarYear": "2011",
    "period": "Q3",
    "revenue": 2932200000,
    "costOfRevenue": 1237500000,
    "grossProfit": 1694700000,
    "grossProfitRatio": 0.5779619398,
    "researchAndDevelopmentExpenses": 0,
    "generalAndAdministrativeExpenses": 0,
    "sellingAndMarketingExpenses": 0,
    "sellingGeneralAndAdministrativeExpenses": 1107300000,
    "otherExpenses": 185200000,
    "operatingExpenses": 1292500000,
    "costAndExpenses": 2530000000,
    "interestIncome": 16000000,
    "interestExpense": 8500000,
    "depreciationAndAmortization": 136600000,
    "ebitda": 554800000,
    "ebitdaratio": 0.1892094673,
    "operatingIncome": 402200000,
    "operatingIncomeRatio": 0.1371666326,
    "totalOtherIncomeExpensesNet": 7500000,
    "incomeBeforeTax": 409700000,
    "incomeBeforeTaxRatio": 0.139724439,
    "incomeTaxExpense": 129900000,
    "netIncome": 279100000,
    "netIncomeRatio": 0.0951845031,
    "eps": 0.19,
    "epsdiluted": 0.18,
    "weightedAverageShsOut": 1485200000,
    "weightedAverageShsOutDil": 1543800000,
    "link": "https://www.sec.gov/Archives/edgar/data/829224/000119312511212221/0001193125-11-212221-index.htm",
    "finalLink": "https://www.sec.gov/Archives/edgar/data/829224/000119312511212221/d10q.htm"
  },
  {
    "date": "2011-04-03",
    "symbol": "SBUX",
    "reportedCurrency": "USD",
    "cik": "0000829224",
    "fillingDate": "2011-05-06",
    "acceptedDate": "2011-05-06 13:52:44",
    "calendarYear": "2011",
    "period": "Q2",
    "revenue": 2785700000,
    "costOfRevenue": 1171200000,
    "grossProfit": 1614500000,
    "grossProfitRatio": 0.5795670747,
    "researchAndDevelopmentExpenses": 0,
    "generalAndAdministrativeExpenses": 0,
    "sellingAndMarketingExpenses": 0,
    "sellingGeneralAndAdministrativeExpenses": 1048800000,
    "otherExpenses": 189600000,
    "operatingExpenses": 1238400000,
    "costAndExpenses": 2409600000,
    "interestIncome": 0,
    "interestExpense": 7100000,
    "depreciationAndAmortization": 136300000,
    "ebitda": 532300000,
    "ebitdaratio": 0.1910830312,
    "operatingIncome": 376100000,
    "operatingIncomeRatio": 0.1350109488,
    "totalOtherIncomeExpensesNet": 12800000,
    "incomeBeforeTax": 388900000,
    "incomeBeforeTaxRatio": 0.1396058441,
    "incomeTaxExpense": 126500000,
    "netIncome": 261600000,
    "netIncomeRatio": 0.0939081739,
    "eps": 0.18,
    "epsdiluted": 0.17,
    "weightedAverageShsOut": 1497600000,
    "weightedAverageShsOutDil": 1543600000,
    "link": "https://www.sec.gov/Archives/edgar/data/829224/000119312511130357/0001193125-11-130357-index.htm",
    "finalLink": "https://www.sec.gov/Archives/edgar/data/829224/000119312511130357/d10q.htm"
  },
  {
    "date": "2011-01-02",
    "symbol": "SBUX",
    "reportedCurrency": "USD",
    "cik": "0000829224",
    "fillingDate": "2011-02-04",
    "acceptedDate": "2011-02-04 13:06:15",
    "calendarYear": "2011",
    "period": "Q1",
    "revenue": 2950800000,
    "costOfRevenue": 1192300000,
    "grossProfit": 1758500000,
    "grossProfitRatio": 0.595940084,
    "researchAndDevelopmentExpenses": 0,
    "generalAndAdministrativeExpenses": 0,
    "sellingAndMarketingExpenses": 0,
    "sellingGeneralAndAdministrativeExpenses": 1073200000,
    "otherExpenses": 183400000,
    "operatingExpenses": 1256600000,
    "costAndExpenses": 2448900000,
    "interestIncome": 14400000,
    "interestExpense": 7900000,
    "depreciationAndAmortization": 135300000,
    "ebitda": 651600000,
    "ebitdaratio": 0.2208214721,
    "operatingIncome": 501900000,
    "operatingIncomeRatio": 0.1700894673,
    "totalOtherIncomeExpensesNet": 6500000,
    "incomeBeforeTax": 508400000,
    "incomeBeforeTaxRatio": 0.1722922597,
    "incomeTaxExpense": 160800000,
    "netIncome": 346600000,
    "netIncomeRatio": 0.117459672,
    "eps": 0.23,
    "epsdiluted": 0.23,
    "weightedAverageShsOut": 1497600000,
    "weightedAverageShsOutDil": 1533400000,
    "link": "https://www.sec.gov/Archives/edgar/data/829224/000119312511024207/0001193125-11-024207-index.htm",
    "finalLink": "https://www.sec.gov/Archives/edgar/data/829224/000119312511024207/d10q.htm"
  },
  {
    "date": "2010-10-03",
    "symbol": "SBUX",
    "reportedCurrency": "USD",
    "cik": "0000829224",
    "fillingDate": "2010-11-22",
    "acceptedDate": "2010-11-22 15:48:55",
    "calendarYear": "2010",
    "period": "Q4",
    "revenue": 2838000000,
    "costOfRevenue": 1172600000,
    "grossProfit": 1665400000,
    "grossProfitRatio": 0.5868217054,
    "researchAndDevelopmentExpenses": 0,
    "generalAndAdministrativeExpenses": 0,
    "sellingAndMarketingExpenses": 0,
    "sellingGeneralAndAdministrativeExpenses": 1099300000,
    "otherExpenses": 166800000,
    "operatingExpenses": 1266100000,
    "costAndExpenses": 2438700000,
    "interestIncome": 21900000,
    "interestExpense": 8600000,
    "depreciationAndAmortization": 136300000,
    "ebitda": 557500000,
    "ebitdaratio": 0.1964411557,
    "operatingIncome": 399300000,
    "operatingIncomeRatio": 0.1406976744,
    "totalOtherIncomeExpensesNet": 13300000,
    "incomeBeforeTax": 412600000,
    "incomeBeforeTaxRatio": 0.1453840733,
    "incomeTaxExpense": 134100000,
    "netIncome": 278900000,
    "netIncomeRatio": 0.098273432,
    "eps": 0.18,
    "epsdiluted": 0.18,
    "weightedAverageShsOut": 1480400000,
    "weightedAverageShsOutDil": 1521800000,
    "link": "https://www.sec.gov/Archives/edgar/data/829224/000119312510266333/0001193125-10-266333-index.htm",
    "finalLink": "https://www.sec.gov/Archives/edgar/data/829224/000119312510266333/d10k.htm"
  },
  {
    "date": "2010-06-27",
    "symbol": "SBUX",
    "reportedCurrency": "USD",
    "cik": "0000829224",
    "fillingDate": "2010-08-02",
    "acceptedDate": "2010-08-02 16:46:54",
    "calendarYear": "2010",
    "period": "Q3",
    "revenue": 2612000000,
    "costOfRevenue": 1076200000,
    "grossProfit": 1535800000,
    "grossProfitRatio": 0.5879785605,
    "researchAndDevelopmentExpenses": 0,
    "generalAndAdministrativeExpenses": 0,
    "sellingAndMarketingExpenses": 0,
    "sellingGeneralAndAdministrativeExpenses": 1021600000,
    "otherExpenses": 222800000,
    "operatingExpenses": 1244400000,
    "costAndExpenses": 2320600000,
    "interestIncome": 1400000,
    "interestExpense": 9300000,
    "depreciationAndAmortization": 132000000,
    "ebitda": 459700000,
    "ebitdaratio": 0.1759954058,
    "operatingIncome": 291400000,
    "operatingIncomeRatio": 0.1115620214,
    "totalOtherIncomeExpensesNet": 27000000,
    "incomeBeforeTax": 318400000,
    "incomeBeforeTaxRatio": 0.121898928,
    "incomeTaxExpense": 109900000,
    "netIncome": 207900000,
    "netIncomeRatio": 0.0795941807,
    "eps": 0.14,
    "epsdiluted": 0.14,
    "weightedAverageShsOut": 1491200000,
    "weightedAverageShsOutDil": 1533400000,
    "link": "https://www.sec.gov/Archives/edgar/data/829224/000119312510173723/0001193125-10-173723-index.htm",
    "finalLink": "https://www.sec.gov/Archives/edgar/data/829224/000119312510173723/d10q.htm"
  },
  {
    "date": "2010-03-28",
    "symbol": "SBUX",
    "reportedCurrency": "USD",
    "cik": "0000829224",
    "fillingDate": "2010-05-04",
    "acceptedDate": "2010-05-03 20:09:43",
    "calendarYear": "2010",
    "period": "Q2",
    "revenue": 2534700000,
    "costOfRevenue": 1064100000,
    "grossProfit": 1470600000,
    "grossProfitRatio": 0.5801870044,
    "researchAndDevelopmentExpenses": 0,
    "generalAndAdministrativeExpenses": 0,
    "sellingAndMarketingExpenses": 0,
    "sellingGeneralAndAdministrativeExpenses": 967000000,
    "otherExpenses": 163800000,
    "operatingExpenses": 1130800000,
    "costAndExpenses": 2194900000,
    "interestIncome": 4700000,
    "interestExpense": 8000000,
    "depreciationAndAmortization": 134300000,
    "ebitda": 478800000,
    "ebitdaratio": 0.1888980944,
    "operatingIncome": 339800000,
    "operatingIncomeRatio": 0.1340592575,
    "totalOtherIncomeExpensesNet": -3300000,
    "incomeBeforeTax": 336500000,
    "incomeBeforeTaxRatio": 0.1327573283,
    "incomeTaxExpense": 118700000,
    "netIncome": 217300000,
    "netIncomeRatio": 0.0857300667,
    "eps": 0.15,
    "epsdiluted": 0.14,
    "weightedAverageShsOut": 1488400000,
    "weightedAverageShsOutDil": 1533800000,
    "link": "https://www.sec.gov/Archives/edgar/data/829224/000119312510104825/0001193125-10-104825-index.htm",
    "finalLink": "https://www.sec.gov/Archives/edgar/data/829224/000119312510104825/d10q.htm"
  },
  {
    "date": "2009-12-27",
    "symbol": "SBUX",
    "reportedCurrency": "USD",
    "cik": "0000829224",
    "fillingDate": "2010-02-02",
    "acceptedDate": "2010-02-02 16:15:56",
    "calendarYear": "2010",
    "period": "Q1",
    "revenue": 2722700000,
    "costOfRevenue": 1145700000,
    "grossProfit": 1577000000,
    "grossProfitRatio": 0.5792044662,
    "researchAndDevelopmentExpenses": 0,
    "generalAndAdministrativeExpenses": 0,
    "sellingAndMarketingExpenses": 0,
    "sellingGeneralAndAdministrativeExpenses": 1033000000,
    "otherExpenses": 191400000,
    "operatingExpenses": 1224400000,
    "costAndExpenses": 2370100000,
    "interestIncome": 25100000,
    "interestExpense": 8200000,
    "depreciationAndAmortization": 138200000,
    "ebitda": 515900000,
    "ebitdaratio": 0.1894810299,
    "operatingIncome": 352600000,
    "operatingIncomeRatio": 0.1295038014,
    "totalOtherIncomeExpensesNet": 16900000,
    "incomeBeforeTax": 369500000,
    "incomeBeforeTaxRatio": 0.1357108752,
    "incomeTaxExpense": 126000000,
    "netIncome": 241500000,
    "netIncomeRatio": 0.0886987182,
    "eps": 0.16,
    "epsdiluted": 0.16,
    "weightedAverageShsOut": 1525800000,
    "weightedAverageShsOutDil": 1525800000,
    "link": "https://www.sec.gov/Archives/edgar/data/829224/000095012310007737/0000950123-10-007737-index.htm",
    "finalLink": "https://www.sec.gov/Archives/edgar/data/829224/000095012310007737/v54197e10vq.htm"
  },
  {
    "date": "2009-09-27",
    "symbol": "SBUX",
    "reportedCurrency": "USD",
    "cik": "0000829224",
    "fillingDate": "2009-11-20",
    "acceptedDate": "2009-11-20 16:44:50",
    "calendarYear": "2009",
    "period": "Q4",
    "revenue": 2422200000,
    "costOfRevenue": 1041200000,
    "grossProfit": 1381000000,
    "grossProfitRatio": 0.5701428453,
    "researchAndDevelopmentExpenses": 0,
    "generalAndAdministrativeExpenses": 0,
    "sellingAndMarketingExpenses": 0,
    "sellingGeneralAndAdministrativeExpenses": 980700000,
    "otherExpenses": 200900000,
    "operatingExpenses": 1181600000,
    "costAndExpenses": 2222800000,
    "interestIncome": 17900000,
    "interestExpense": 8600000,
    "depreciationAndAmortization": 140100000,
    "ebitda": 357400000,
    "ebitdaratio": 0.1475518124,
    "operatingIncome": 199400000,
    "operatingIncomeRatio": 0.0823218562,
    "totalOtherIncomeExpensesNet": 9300000,
    "incomeBeforeTax": 208700000,
    "incomeBeforeTaxRatio": 0.0861613409,
    "incomeTaxExpense": 58700000,
    "netIncome": 150000000,
    "netIncomeRatio": 0.0619271736,
    "eps": 0.099,
    "epsdiluted": 0.099,
    "weightedAverageShsOut": 1482200000,
    "weightedAverageShsOutDil": 1515800000,
    "link": "https://www.sec.gov/Archives/edgar/data/829224/000095012309064772/0000950123-09-064772-index.htm",
    "finalLink": "https://www.sec.gov/Archives/edgar/data/829224/000095012309064772/v53316e10vk.htm"
  },
  {
    "date": "2009-06-28",
    "symbol": "SBUX",
    "reportedCurrency": "USD",
    "cik": "0000829224",
    "fillingDate": "2009-08-05",
    "acceptedDate": "2009-08-04 21:39:19",
    "calendarYear": "2009",
    "period": "Q3",
    "revenue": 2403900000,
    "costOfRevenue": 1043400000,
    "grossProfit": 1360500000,
    "grossProfitRatio": 0.5659553226,
    "researchAndDevelopmentExpenses": 0,
    "generalAndAdministrativeExpenses": 0,
    "sellingAndMarketingExpenses": 0,
    "sellingGeneralAndAdministrativeExpenses": 931700000,
    "otherExpenses": 224800000,
    "operatingExpenses": 1156500000,
    "costAndExpenses": 2199900000,
    "interestIncome": 18600000,
    "interestExpense": 8600000,
    "depreciationAndAmortization": 141000000,
    "ebitda": 363600000,
    "ebitdaratio": 0.1512542119,
    "operatingIncome": 204000000,
    "operatingIncomeRatio": 0.0848620991,
    "totalOtherIncomeExpensesNet": 10000000,
    "incomeBeforeTax": 214000000,
    "incomeBeforeTaxRatio": 0.0890220059,
    "incomeTaxExpense": 65800000,
    "netIncome": 151500000,
    "netIncomeRatio": 0.0630225883,
    "eps": 0.1,
    "epsdiluted": 0.1,
    "weightedAverageShsOut": 1493400000,
    "weightedAverageShsOutDil": 1493400000,
    "link": "https://www.sec.gov/Archives/edgar/data/829224/000095012309029843/0000950123-09-029843-index.htm",
    "finalLink": "https://www.sec.gov/Archives/edgar/data/829224/000095012309029843/v52638e10vq.htm"
  },
  {
    "date": "2009-03-29",
    "symbol": "SBUX",
    "reportedCurrency": "USD",
    "cik": "0000829224",
    "fillingDate": "2009-05-06",
    "acceptedDate": "2009-05-06 16:43:43",
    "calendarYear": "2009",
    "period": "Q2",
    "revenue": 2333300000,
    "costOfRevenue": 1043500000,
    "grossProfit": 1289800000,
    "grossProfitRatio": 0.5527793254,
    "researchAndDevelopmentExpenses": 0,
    "generalAndAdministrativeExpenses": 0,
    "sellingAndMarketingExpenses": 0,
    "sellingGeneralAndAdministrativeExpenses": 923900000,
    "otherExpenses": 325000000,
    "operatingExpenses": 1248900000,
    "costAndExpenses": 2292400000,
    "interestIncome": 3000000,
    "interestExpense": 8900000,
    "depreciationAndAmortization": 141200000,
    "ebitda": 185100000,
    "ebitdaratio": 0.0793297047,
    "operatingIncome": 40900000,
    "operatingIncomeRatio": 0.0175288218,
    "totalOtherIncomeExpensesNet": -5900000,
    "incomeBeforeTax": 35000000,
    "incomeBeforeTaxRatio": 0.0150002143,
    "incomeTaxExpense": 9900000,
    "netIncome": 25000000,
    "netIncomeRatio": 0.0107144388,
    "eps": 0.015,
    "epsdiluted": 0.015,
    "weightedAverageShsOut": 1476000000,
    "weightedAverageShsOutDil": 1479800000,
    "link": "https://www.sec.gov/Archives/edgar/data/829224/000095013409009696/0000950134-09-009696-index.htm",
    "finalLink": "https://www.sec.gov/Archives/edgar/data/829224/000095013409009696/v52354e10vq.htm"
  },
  {
    "date": "2008-12-28",
    "symbol": "SBUX",
    "reportedCurrency": "USD",
    "cik": "0000829224",
    "fillingDate": "2009-02-04",
    "acceptedDate": "2009-02-04 16:18:08",
    "calendarYear": "2009",
    "period": "Q1",
    "revenue": 2615200000,
    "costOfRevenue": 1196800000,
    "grossProfit": 1418400000,
    "grossProfitRatio": 0.5423676965,
    "researchAndDevelopmentExpenses": 0,
    "generalAndAdministrativeExpenses": 0,
    "sellingAndMarketingExpenses": 0,
    "sellingGeneralAndAdministrativeExpenses": 1041800000,
    "otherExpenses": 258900000,
    "operatingExpenses": 1300700000,
    "costAndExpenses": 2497500000,
    "interestIncome": 6000000,
    "interestExpense": 13000000,
    "depreciationAndAmortization": 141000000,
    "ebitda": 252700000,
    "ebitdaratio": 0.096627409,
    "operatingIncome": 117700000,
    "operatingIncomeRatio": 0.0450061181,
    "totalOtherIncomeExpensesNet": -19000000,
    "incomeBeforeTax": 98700000,
    "incomeBeforeTaxRatio": 0.0377408994,
    "incomeTaxExpense": 34000000,
    "netIncome": 64300000,
    "netIncomeRatio": 0.0245870297,
    "eps": 0.045,
    "epsdiluted": 0.045,
    "weightedAverageShsOut": 1472600000,
    "weightedAverageShsOutDil": 1478200000,
    "link": "https://www.sec.gov/Archives/edgar/data/829224/000095013409001837/0000950134-09-001837-index.htm",
    "finalLink": "https://www.sec.gov/Archives/edgar/data/829224/000095013409001837/v51211e10vq.htm"
  },
  {
    "date": "2008-09-28",
    "symbol": "SBUX",
    "reportedCurrency": "USD",
    "cik": "0000829224",
    "fillingDate": "2008-11-24",
    "acceptedDate": "2008-11-24 16:01:03",
    "calendarYear": "2008",
    "period": "Q4",
    "revenue": 2515400000,
    "costOfRevenue": 4934600000,
    "grossProfit": -2419200000,
    "grossProfitRatio": -0.9617555856,
    "researchAndDevelopmentExpenses": 0,
    "generalAndAdministrativeExpenses": 0,
    "sellingAndMarketingExpenses": 0,
    "sellingGeneralAndAdministrativeExpenses": -2634300000,
    "otherExpenses": 200900000,
    "operatingExpenses": -2433400000,
    "costAndExpenses": 2501200000,
    "interestIncome": 0,
    "interestExpense": 0,
    "depreciationAndAmortization": 173100000,
    "ebitda": 286500000,
    "ebitdaratio": 0.1138983859,
    "operatingIncome": 14200000,
    "operatingIncomeRatio": 0.0056452254,
    "totalOtherIncomeExpensesNet": -15400000,
    "incomeBeforeTax": -1200000,
    "incomeBeforeTaxRatio": -0.0004770613,
    "incomeTaxExpense": -6600000,
    "netIncome": 5400000,
    "netIncomeRatio": 0.0021467759,
    "eps": 0.0036,
    "epsdiluted": 0.0036,
    "weightedAverageShsOut": 1467800000,
    "weightedAverageShsOutDil": 1483800000,
    "link": "https://www.sec.gov/Archives/edgar/data/829224/000095013408021134/0000950134-08-021134-index.htm",
    "finalLink": "https://www.sec.gov/Archives/edgar/data/829224/000095013408021134/v50316e10vk.htm"
  },
  {
    "date": "2008-06-29",
    "symbol": "SBUX",
    "reportedCurrency": "USD",
    "cik": "0000829224",
    "fillingDate": "2008-08-06",
    "acceptedDate": "2008-08-06 15:52:36",
    "calendarYear": "2008",
    "period": "Q3",
    "revenue": 2574000000,
    "costOfRevenue": 1163100000,
    "grossProfit": 1410900000,
    "grossProfitRatio": 0.5481351981,
    "researchAndDevelopmentExpenses": 0,
    "generalAndAdministrativeExpenses": 0,
    "sellingAndMarketingExpenses": 0,
    "sellingGeneralAndAdministrativeExpenses": 1154000000,
    "otherExpenses": 278500000,
    "operatingExpenses": 1432500000,
    "costAndExpenses": 2595600000,
    "interestIncome": 0,
    "interestExpense": 0,
    "depreciationAndAmortization": 145300000,
    "ebitda": 291400000,
    "ebitdaratio": 0.1132090132,
    "operatingIncome": -21600000,
    "operatingIncomeRatio": -0.0083916084,
    "totalOtherIncomeExpensesNet": 54800000,
    "incomeBeforeTax": 33200000,
    "incomeBeforeTaxRatio": 0.0128982129,
    "incomeTaxExpense": -26500000,
    "netIncome": -6700000,
    "netIncomeRatio": -0.0026029526,
    "eps": -0.0046,
    "epsdiluted": -0.0046,
    "weightedAverageShsOut": 1463400000,
    "weightedAverageShsOutDil": 1463400000,
    "link": "https://www.sec.gov/Archives/edgar/data/829224/000095013408014290/0000950134-08-014290-index.htm",
    "finalLink": "https://www.sec.gov/Archives/edgar/data/829224/000095013408014290/v42779e10vq.htm"
  },
  {
    "date": "2008-03-30",
    "symbol": "SBUX",
    "reportedCurrency": "USD",
    "cik": "0000829224",
    "fillingDate": "2008-05-08",
    "acceptedDate": "2008-05-07 21:40:47",
    "calendarYear": "2008",
    "period": "Q2",
    "revenue": 2526000000,
    "costOfRevenue": 2116600000,
    "grossProfit": 409400000,
    "grossProfitRatio": 0.162074426,
    "researchAndDevelopmentExpenses": 0,
    "generalAndAdministrativeExpenses": 0,
    "sellingAndMarketingExpenses": 0,
    "sellingGeneralAndAdministrativeExpenses": 117600000,
    "otherExpenses": 113600000,
    "operatingExpenses": 231200000,
    "costAndExpenses": 2347800000,
    "interestIncome": 0,
    "interestExpense": 0,
    "depreciationAndAmortization": 146300000,
    "ebitda": 324500000,
    "ebitdaratio": 0.1284639747,
    "operatingIncome": 178200000,
    "operatingIncomeRatio": 0.0705463183,
    "totalOtherIncomeExpensesNet": -11000000,
    "incomeBeforeTax": 167200000,
    "incomeBeforeTaxRatio": 0.0661916073,
    "incomeTaxExpense": 58500000,
    "netIncome": 108700000,
    "netIncomeRatio": 0.0430324624,
    "eps": 0.075,
    "epsdiluted": 0.075,
    "weightedAverageShsOut": 1457400000,
    "weightedAverageShsOutDil": 1478600000,
    "link": "https://www.sec.gov/Archives/edgar/data/829224/000095013408008777/0000950134-08-008777-index.htm",
    "finalLink": "https://www.sec.gov/Archives/edgar/data/829224/000095013408008777/v40092e10vq.htm"
  },
  {
    "date": "2007-12-30",
    "symbol": "SBUX",
    "reportedCurrency": "USD",
    "cik": "0000829224",
    "fillingDate": "2008-02-08",
    "acceptedDate": "2008-02-07 21:54:27",
    "calendarYear": "2008",
    "period": "Q1",
    "revenue": 2767600000,
    "costOfRevenue": 1186000000,
    "grossProfit": 1581600000,
    "grossProfitRatio": 0.5714698656,
    "researchAndDevelopmentExpenses": 0,
    "generalAndAdministrativeExpenses": 0,
    "sellingAndMarketingExpenses": 0,
    "sellingGeneralAndAdministrativeExpenses": 1138900000,
    "otherExpenses": 109600000,
    "operatingExpenses": 1248500000,
    "costAndExpenses": 2434500000,
    "interestIncome": 0,
    "interestExpense": 0,
    "depreciationAndAmortization": 139800000,
    "ebitda": 472900000,
    "ebitdaratio": 0.1708700679,
    "operatingIncome": 333100000,
    "operatingIncomeRatio": 0.120356988,
    "totalOtherIncomeExpensesNet": -6400000,
    "incomeBeforeTax": 326700000,
    "incomeBeforeTaxRatio": 0.1180445151,
    "incomeTaxExpense": 118600000,
    "netIncome": 208100000,
    "netIncomeRatio": 0.0751915017,
    "eps": 0.14,
    "epsdiluted": 0.14,
    "weightedAverageShsOut": 1463200000,
    "weightedAverageShsOutDil": 1489800000,
    "link": "https://www.sec.gov/Archives/edgar/data/829224/000089102008000030/0000891020-08-000030-index.htm",
    "finalLink": "https://www.sec.gov/Archives/edgar/data/829224/000089102008000030/v37402e10vq.htm"
  },
  {
    "date": "2007-09-30",
    "symbol": "SBUX",
    "reportedCurrency": "USD",
    "cik": "0000829224",
    "fillingDate": "2007-11-29",
    "acceptedDate": "2007-11-29 16:26:17",
    "calendarYear": "2007",
    "period": "Q4",
    "revenue": 2440935000,
    "costOfRevenue": 1684693000,
    "grossProfit": 756242000,
    "grossProfitRatio": 0.3098165252,
    "researchAndDevelopmentExpenses": 0,
    "generalAndAdministrativeExpenses": 0,
    "sellingAndMarketingExpenses": 0,
    "sellingGeneralAndAdministrativeExpenses": 422528000,
    "otherExpenses": 85681000,
    "operatingExpenses": 508209000,
    "costAndExpenses": 2192902000,
    "interestIncome": 0,
    "interestExpense": 0,
    "depreciationAndAmortization": 130406000,
    "ebitda": 378439000,
    "ebitdaratio": 0.1550385406,
    "operatingIncome": 248033000,
    "operatingIncomeRatio": 0.1016139307,
    "totalOtherIncomeExpensesNet": -1187000,
    "incomeBeforeTax": 246846000,
    "incomeBeforeTaxRatio": 0.1011276417,
    "incomeTaxExpense": 88343000,
    "netIncome": 158503000,
    "netIncomeRatio": 0.0649353629,
    "eps": 0.1,
    "epsdiluted": 0.1,
    "weightedAverageShsOut": 1488236000,
    "weightedAverageShsOutDil": 1527100000,
    "link": "https://www.sec.gov/Archives/edgar/data/829224/000095013407024667/0000950134-07-024667-index.htm",
    "finalLink": "https://www.sec.gov/Archives/edgar/data/829224/000095013407024667/v33834e10vk.htm"
  },
  {
    "date": "2007-07-01",
    "symbol": "SBUX",
    "reportedCurrency": "USD",
    "cik": "0000829224",
    "fillingDate": "2007-08-10",
    "acceptedDate": "2007-08-10 16:23:46",
    "calendarYear": "2007",
    "period": "Q3",
    "revenue": 2359245000,
    "costOfRevenue": 1899600000,
    "grossProfit": 459645000,
    "grossProfitRatio": 0.1948271587,
    "researchAndDevelopmentExpenses": 0,
    "generalAndAdministrativeExpenses": 0,
    "sellingAndMarketingExpenses": 0,
    "sellingGeneralAndAdministrativeExpenses": 119525000,
    "otherExpenses": 94906000,
    "operatingExpenses": 214431000,
    "costAndExpenses": 2114031000,
    "interestIncome": 0,
    "interestExpense": 0,
    "depreciationAndAmortization": 125572000,
    "ebitda": 370786000,
    "ebitdaratio": 0.1571629907,
    "operatingIncome": 245214000,
    "operatingIncomeRatio": 0.1039374885,
    "totalOtherIncomeExpensesNet": -2241000,
    "incomeBeforeTax": 242973000,
    "incomeBeforeTaxRatio": 0.1029876083,
    "incomeTaxExpense": 84630000,
    "netIncome": 158343000,
    "netIncomeRatio": 0.0671159629,
    "eps": 0.11,
    "epsdiluted": 0.11,
    "weightedAverageShsOut": 1488946000,
    "weightedAverageShsOutDil": 1527118000,
    "link": "https://www.sec.gov/Archives/edgar/data/829224/000095013407017907/0000950134-07-017907-index.htm",
    "finalLink": "https://www.sec.gov/Archives/edgar/data/829224/000095013407017907/v32843e10vq.htm"
  },
  {
    "date": "2007-04-01",
    "symbol": "SBUX",
    "reportedCurrency": "USD",
    "cik": "0000829224",
    "fillingDate": "2007-05-11",
    "acceptedDate": "2007-05-11 16:22:59",
    "calendarYear": "2007",
    "period": "Q2",
    "revenue": 2255600000,
    "costOfRevenue": 1799700000,
    "grossProfit": 455900000,
    "grossProfitRatio": 0.2021191701,
    "researchAndDevelopmentExpenses": 0,
    "generalAndAdministrativeExpenses": 0,
    "sellingAndMarketingExpenses": 0,
    "sellingGeneralAndAdministrativeExpenses": 127800000,
    "otherExpenses": 87100000,
    "operatingExpenses": 214900000,
    "costAndExpenses": 2014600000,
    "interestIncome": 0,
    "interestExpense": 0,
    "depreciationAndAmortization": 119578000,
    "ebitda": 360578000,
    "ebitdaratio": 0.1598590176,
    "operatingIncome": 241000000,
    "operatingIncomeRatio": 0.1068451853,
    "totalOtherIncomeExpensesNet": -700000,
    "incomeBeforeTax": 240300000,
    "incomeBeforeTaxRatio": 0.1065348466,
    "incomeTaxExpense": 89500000,
    "netIncome": 150800000,
    "netIncomeRatio": 0.0668558255,
    "eps": 0.1,
    "epsdiluted": 0.095,
    "weightedAverageShsOut": 1504994000,
    "weightedAverageShsOutDil": 1548110000,
    "link": "https://www.sec.gov/Archives/edgar/data/829224/000095013407011254/0000950134-07-011254-index.htm",
    "finalLink": "https://www.sec.gov/Archives/edgar/data/829224/000095013407011254/v30211e10vq.htm"
  },
  {
    "date": "2006-12-31",
    "symbol": "SBUX",
    "reportedCurrency": "USD",
    "cik": "0000829224",
    "fillingDate": "2007-02-09",
    "acceptedDate": "2007-02-09 16:03:02",
    "calendarYear": "2007",
    "period": "Q1",
    "revenue": 2355700000,
    "costOfRevenue": 984800000,
    "grossProfit": 1370900000,
    "grossProfitRatio": 0.5819501634,
    "researchAndDevelopmentExpenses": 0,
    "generalAndAdministrativeExpenses": 0,
    "sellingAndMarketingExpenses": 0,
    "sellingGeneralAndAdministrativeExpenses": 959700000,
    "otherExpenses": 91500000,
    "operatingExpenses": 1051200000,
    "costAndExpenses": 2036000000,
    "interestIncome": 0,
    "interestExpense": 0,
    "depreciationAndAmortization": 116335000,
    "ebitda": 436035000,
    "ebitdaratio": 0.1850978478,
    "operatingIncome": 319700000,
    "operatingIncomeRatio": 0.1357133761,
    "totalOtherIncomeExpensesNet": 6500000,
    "incomeBeforeTax": 326200000,
    "incomeBeforeTaxRatio": 0.1384726408,
    "incomeTaxExpense": 121200000,
    "netIncome": 205000000,
    "netIncomeRatio": 0.0870229656,
    "eps": 0.14,
    "epsdiluted": 0.13,
    "weightedAverageShsOut": 1516200000,
    "weightedAverageShsOutDil": 1565600000,
    "link": "https://www.sec.gov/Archives/edgar/data/829224/000095013407002620/0000950134-07-002620-index.htm",
    "finalLink": "https://www.sec.gov/Archives/edgar/data/829224/000095013407002620/v27090e10vq.htm"
  },
  {
    "date": "2006-10-01",
    "symbol": "SBUX",
    "reportedCurrency": "USD",
    "cik": "0000829224",
    "fillingDate": "2006-12-14",
    "acceptedDate": "2006-12-14 17:22:16",
    "calendarYear": "2006",
    "period": "Q4",
    "revenue": 2003355000,
    "costOfRevenue": 1616578000,
    "grossProfit": 386777000,
    "grossProfitRatio": 0.1930646341,
    "researchAndDevelopmentExpenses": 0,
    "generalAndAdministrativeExpenses": 0,
    "sellingAndMarketingExpenses": 0,
    "sellingGeneralAndAdministrativeExpenses": 114829000,
    "otherExpenses": 74310000,
    "operatingExpenses": 189139000,
    "costAndExpenses": 1805717000,
    "interestIncome": 0,
    "interestExpense": 0,
    "depreciationAndAmortization": 109785000,
    "ebitda": 307423000,
    "ebitdaratio": 0.1534540808,
    "operatingIncome": 197638000,
    "operatingIncomeRatio": 0.0986535087,
    "totalOtherIncomeExpensesNet": 3852000,
    "incomeBeforeTax": 201490000,
    "incomeBeforeTaxRatio": 0.1005762833,
    "incomeTaxExpense": 66987000,
    "netIncome": 117289000,
    "netIncomeRatio": 0.0585462886,
    "eps": 0.0748,
    "epsdiluted": 0.0748,
    "weightedAverageShsOut": 1520264000,
    "weightedAverageShsOutDil": 1568800000,
    "link": "https://www.sec.gov/Archives/edgar/data/829224/000089102006000406/0000891020-06-000406-index.htm",
    "finalLink": "https://www.sec.gov/Archives/edgar/data/829224/000089102006000406/v24294e10vk.htm"
  },
  {
    "date": "2006-07-02",
    "symbol": "SBUX",
    "reportedCurrency": "USD",
    "cik": "0000829224",
    "fillingDate": "2006-08-11",
    "acceptedDate": "2006-08-11 13:26:16",
    "calendarYear": "2006",
    "period": "Q3",
    "revenue": 1963673000,
    "costOfRevenue": 1560969000,
    "grossProfit": 402704000,
    "grossProfitRatio": 0.2050769145,
    "researchAndDevelopmentExpenses": 0,
    "generalAndAdministrativeExpenses": 0,
    "sellingAndMarketingExpenses": 0,
    "sellingGeneralAndAdministrativeExpenses": 115258000,
    "otherExpenses": 72873000,
    "operatingExpenses": 188131000,
    "costAndExpenses": 1749100000,
    "interestIncome": 0,
    "interestExpense": 0,
    "depreciationAndAmortization": 105011000,
    "ebitda": 319584000,
    "ebitdaratio": 0.1627480747,
    "operatingIncome": 214573000,
    "operatingIncomeRatio": 0.1092712483,
    "totalOtherIncomeExpensesNet": 5028000,
    "incomeBeforeTax": 219601000,
    "incomeBeforeTaxRatio": 0.1118317561,
    "incomeTaxExpense": 74103000,
    "netIncome": 145498000,
    "netIncomeRatio": 0.0740948213,
    "eps": 0.095,
    "epsdiluted": 0.09,
    "weightedAverageShsOut": 1539650000,
    "weightedAverageShsOutDil": 1596518000,
    "link": "https://www.sec.gov/Archives/edgar/data/829224/000095012406004460/0000950124-06-004460-index.htm",
    "finalLink": "https://www.sec.gov/Archives/edgar/data/829224/000095012406004460/v22509e10vq.htm"
  },
  {
    "date": "2006-04-02",
    "symbol": "SBUX",
    "reportedCurrency": "USD",
    "cik": "0000829224",
    "fillingDate": "2006-05-12",
    "acceptedDate": "2006-05-12 14:39:32",
    "calendarYear": "2006",
    "period": "Q2",
    "revenue": 1885822000,
    "costOfRevenue": 1489794000,
    "grossProfit": 396028000,
    "grossProfitRatio": 0.2100028529,
    "researchAndDevelopmentExpenses": 0,
    "generalAndAdministrativeExpenses": 0,
    "sellingAndMarketingExpenses": 0,
    "sellingGeneralAndAdministrativeExpenses": 119611000,
    "otherExpenses": 74523000,
    "operatingExpenses": 194134000,
    "costAndExpenses": 1683928000,
    "interestIncome": 0,
    "interestExpense": 0,
    "depreciationAndAmortization": 101553000,
    "ebitda": 303447000,
    "ebitdaratio": 0.1609096723,
    "operatingIncome": 201894000,
    "operatingIncomeRatio": 0.1070588847,
    "totalOtherIncomeExpensesNet": 3063000,
    "incomeBeforeTax": 204957000,
    "incomeBeforeTaxRatio": 0.1086831101,
    "incomeTaxExpense": 77641000,
    "netIncome": 127316000,
    "netIncomeRatio": 0.0675122042,
    "eps": 0.085,
    "epsdiluted": 0.08,
    "weightedAverageShsOut": 1534890000,
    "weightedAverageShsOutDil": 1589226000,
    "link": "https://www.sec.gov/Archives/edgar/data/829224/000095012406002749/0000950124-06-002749-index.htm",
    "finalLink": "https://www.sec.gov/Archives/edgar/data/829224/000095012406002749/v20070e10vq.htm"
  },
  {
    "date": "2006-01-01",
    "symbol": "SBUX",
    "reportedCurrency": "USD",
    "cik": "0000829224",
    "fillingDate": "2006-02-10",
    "acceptedDate": "2006-02-10 17:07:00",
    "calendarYear": "2006",
    "period": "Q1",
    "revenue": 1934092000,
    "costOfRevenue": 1459352000,
    "grossProfit": 474740000,
    "grossProfitRatio": 0.245458851,
    "researchAndDevelopmentExpenses": 0,
    "generalAndAdministrativeExpenses": 0,
    "sellingAndMarketingExpenses": 0,
    "sellingGeneralAndAdministrativeExpenses": 123325000,
    "otherExpenses": 71568000,
    "operatingExpenses": 194893000,
    "costAndExpenses": 1654245000,
    "interestIncome": 0,
    "interestExpense": 0,
    "depreciationAndAmortization": 98289000,
    "ebitda": 378136000,
    "ebitdaratio": 0.195510865,
    "operatingIncome": 279847000,
    "operatingIncomeRatio": 0.1446916693,
    "totalOtherIncomeExpensesNet": 348000,
    "incomeBeforeTax": 280195000,
    "incomeBeforeTaxRatio": 0.1448715987,
    "incomeTaxExpense": 106039000,
    "netIncome": 174156000,
    "netIncomeRatio": 0.0900453546,
    "eps": 0.12,
    "epsdiluted": 0.11,
    "weightedAverageShsOut": 1534042000,
    "weightedAverageShsOutDil": 1585898000,
    "link": "https://www.sec.gov/Archives/edgar/data/829224/000089102006000033/0000891020-06-000033-index.htm",
    "finalLink": "https://www.sec.gov/Archives/edgar/data/829224/000089102006000033/v16816e10vq.htm"
  },
  {
    "date": "2005-10-02",
    "symbol": "SBUX",
    "reportedCurrency": "USD",
    "cik": "0000829224",
    "fillingDate": "2005-12-16",
    "acceptedDate": "2005-12-16 17:27:28",
    "calendarYear": "2005",
    "period": "Q4",
    "revenue": 1659241000,
    "costOfRevenue": 1302771000,
    "grossProfit": 356470000,
    "grossProfitRatio": 0.2148391945,
    "researchAndDevelopmentExpenses": 0,
    "generalAndAdministrativeExpenses": 0,
    "sellingAndMarketingExpenses": 0,
    "sellingGeneralAndAdministrativeExpenses": 100949000,
    "otherExpenses": 59125000,
    "operatingExpenses": 160074000,
    "costAndExpenses": 1462845000,
    "interestIncome": 0,
    "interestExpense": 0,
    "depreciationAndAmortization": 86164000,
    "ebitda": 284871000,
    "ebitdaratio": 0.1716875367,
    "operatingIncome": 196396000,
    "operatingIncomeRatio": 0.1183649633,
    "totalOtherIncomeExpensesNet": 3458000,
    "incomeBeforeTax": 199854000,
    "incomeBeforeTaxRatio": 0.1204490487,
    "incomeTaxExpense": 76251000,
    "netIncome": 123603000,
    "netIncomeRatio": 0.0744936992,
    "eps": 0.0804,
    "epsdiluted": 0.0804,
    "weightedAverageShsOut": 1560727000,
    "weightedAverageShsOutDil": 1615899000,
    "link": "https://www.sec.gov/Archives/edgar/data/829224/000089102005000350/0000891020-05-000350-index.htm",
    "finalLink": "https://www.sec.gov/Archives/edgar/data/829224/000089102005000350/v13039e10vk.htm"
  },
  {
    "date": "2005-07-03",
    "symbol": "SBUX",
    "reportedCurrency": "USD",
    "cik": "0000829224",
    "fillingDate": "2005-08-10",
    "acceptedDate": "2005-08-10 16:20:37",
    "calendarYear": "2005",
    "period": "Q3",
    "revenue": 1601799000,
    "costOfRevenue": 1244303000,
    "grossProfit": 357496000,
    "grossProfitRatio": 0.2231840574,
    "researchAndDevelopmentExpenses": 0,
    "generalAndAdministrativeExpenses": 0,
    "sellingAndMarketingExpenses": 0,
    "sellingGeneralAndAdministrativeExpenses": 90637000,
    "otherExpenses": 67227000,
    "operatingExpenses": 157864000,
    "costAndExpenses": 1402167000,
    "interestIncome": 0,
    "interestExpense": 0,
    "depreciationAndAmortization": 94074000,
    "ebitda": 293706000,
    "ebitdaratio": 0.1833600845,
    "operatingIncome": 199632000,
    "operatingIncomeRatio": 0.1246298693,
    "totalOtherIncomeExpensesNet": 3235000,
    "incomeBeforeTax": 202867000,
    "incomeBeforeTaxRatio": 0.1266494735,
    "incomeTaxExpense": 77292000,
    "netIncome": 125575000,
    "netIncomeRatio": 0.0783962282,
    "eps": 0.0805,
    "epsdiluted": 0.0777,
    "weightedAverageShsOut": 1560727000,
    "weightedAverageShsOutDil": 1615899000,
    "link": "https://www.sec.gov/Archives/edgar/data/829224/000095012405004858/0000950124-05-004858-index.htm",
    "finalLink": "https://www.sec.gov/Archives/edgar/data/829224/000095012405004858/v11192e10vq.htm"
  },
  {
    "date": "2005-04-03",
    "symbol": "SBUX",
    "reportedCurrency": "USD",
    "cik": "0000829224",
    "fillingDate": "2005-05-10",
    "acceptedDate": "2005-05-10 17:01:05",
    "calendarYear": "2005",
    "period": "Q2",
    "revenue": 1518716000,
    "costOfRevenue": 1208031000,
    "grossProfit": 310685000,
    "grossProfitRatio": 0.2045708348,
    "researchAndDevelopmentExpenses": 0,
    "generalAndAdministrativeExpenses": 0,
    "sellingAndMarketingExpenses": 0,
    "sellingGeneralAndAdministrativeExpenses": 81929000,
    "otherExpenses": 71478000,
    "operatingExpenses": 153407000,
    "costAndExpenses": 1361438000,
    "interestIncome": 0,
    "interestExpense": 0,
    "depreciationAndAmortization": 98377000,
    "ebitda": 255655000,
    "ebitdaratio": 0.1683362788,
    "operatingIncome": 157278000,
    "operatingIncomeRatio": 0.1035598492,
    "totalOtherIncomeExpensesNet": 4014000,
    "incomeBeforeTax": 161292000,
    "incomeBeforeTaxRatio": 0.1062028714,
    "incomeTaxExpense": 60831000,
    "netIncome": 100461000,
    "netIncomeRatio": 0.0661486414,
    "eps": 0.0644,
    "epsdiluted": 0.0622,
    "weightedAverageShsOut": 1560727000,
    "weightedAverageShsOutDil": 1615899000,
    "link": "https://www.sec.gov/Archives/edgar/data/829224/000095012405003185/0000950124-05-003185-index.htm",
    "finalLink": "https://www.sec.gov/Archives/edgar/data/829224/000095012405003185/v08848e10vq.htm"
  },
  {
    "date": "2005-01-02",
    "symbol": "SBUX",
    "reportedCurrency": "USD",
    "cik": "0000829224",
    "fillingDate": "2005-02-16",
    "acceptedDate": "2005-02-16 17:13:34",
    "calendarYear": "2005",
    "period": "Q1",
    "revenue": 1589544000,
    "costOfRevenue": 1168761000,
    "grossProfit": 420783000,
    "grossProfitRatio": 0.2647193157,
    "researchAndDevelopmentExpenses": 0,
    "generalAndAdministrativeExpenses": 0,
    "sellingAndMarketingExpenses": 0,
    "sellingGeneralAndAdministrativeExpenses": 127880000,
    "otherExpenses": 65669000,
    "operatingExpenses": 193549000,
    "costAndExpenses": 1362310000,
    "interestIncome": 0,
    "interestExpense": 0,
    "depreciationAndAmortization": 88592000,
    "ebitda": 315826000,
    "ebitdaratio": 0.1986896871,
    "operatingIncome": 227234000,
    "operatingIncomeRatio": 0.142955464,
    "totalOtherIncomeExpensesNet": 5122000,
    "incomeBeforeTax": 232356000,
    "incomeBeforeTaxRatio": 0.1461777717,
    "incomeTaxExpense": 87603000,
    "netIncome": 144753000,
    "netIncomeRatio": 0.0910657396,
    "eps": 0.0927,
    "epsdiluted": 0.0896,
    "weightedAverageShsOut": 1560727000,
    "weightedAverageShsOutDil": 1615899000,
    "link": "https://www.sec.gov/Archives/edgar/data/829224/000089102005000046/0000891020-05-000046-index.htm",
    "finalLink": "https://www.sec.gov/Archives/edgar/data/829224/000089102005000046/v05812e10vq.htm"
  },
  {
    "date": "2004-10-03",
    "symbol": "SBUX",
    "reportedCurrency": "USD",
    "cik": "0000829224",
    "fillingDate": "2004-12-10",
    "acceptedDate": "2004-12-10 15:37:36",
    "calendarYear": "2004",
    "period": "Q4",
    "revenue": 1453297000,
    "costOfRevenue": 1169351000,
    "grossProfit": 283946000,
    "grossProfitRatio": 0.1953805726,
    "researchAndDevelopmentExpenses": 0,
    "generalAndAdministrativeExpenses": 0,
    "sellingAndMarketingExpenses": 0,
    "sellingGeneralAndAdministrativeExpenses": 80537000,
    "otherExpenses": 47140000,
    "operatingExpenses": 127677000,
    "costAndExpenses": 1297028000,
    "interestIncome": 0,
    "interestExpense": 0,
    "depreciationAndAmortization": 69846000,
    "ebitda": 227914000,
    "ebitdaratio": 0.1568254803,
    "operatingIncome": 156269000,
    "operatingIncomeRatio": 0.1075272295,
    "totalOtherIncomeExpensesNet": 2823000,
    "incomeBeforeTax": 159092000,
    "incomeBeforeTaxRatio": 0.1094697092,
    "incomeTaxExpense": 55720000,
    "netIncome": 103372000,
    "netIncomeRatio": 0.0711293012,
    "eps": 0.0623,
    "epsdiluted": 0.0623,
    "weightedAverageShsOut": 1587412000,
    "weightedAverageShsOutDil": 1645900000,
    "link": "https://www.sec.gov/Archives/edgar/data/829224/000095012404006165/0000950124-04-006165-index.htm",
    "finalLink": "https://www.sec.gov/Archives/edgar/data/829224/000095012404006165/v03654e10vk.htm"
  },
  {
    "date": "2004-06-27",
    "symbol": "SBUX",
    "reportedCurrency": "USD",
    "cik": "0000829224",
    "fillingDate": "2004-08-06",
    "acceptedDate": "2004-08-06 14:34:35",
    "calendarYear": "2004",
    "period": "Q3",
    "revenue": 1318691000,
    "costOfRevenue": 1032463000,
    "grossProfit": 286228000,
    "grossProfitRatio": 0.2170546398,
    "researchAndDevelopmentExpenses": 0,
    "generalAndAdministrativeExpenses": 0,
    "sellingAndMarketingExpenses": 0,
    "sellingGeneralAndAdministrativeExpenses": 73357000,
    "otherExpenses": 59064000,
    "operatingExpenses": 132421000,
    "costAndExpenses": 1164884000,
    "interestIncome": 0,
    "interestExpense": 0,
    "depreciationAndAmortization": 78050000,
    "ebitda": 231857000,
    "ebitdaratio": 0.1758236008,
    "operatingIncome": 153807000,
    "operatingIncomeRatio": 0.1166361187,
    "totalOtherIncomeExpensesNet": 3765000,
    "incomeBeforeTax": 157572000,
    "incomeBeforeTaxRatio": 0.1194912227,
    "incomeTaxExpense": 59992000,
    "netIncome": 97580000,
    "netIncomeRatio": 0.0739976234,
    "eps": 0.0625,
    "epsdiluted": 0.06,
    "weightedAverageShsOut": 1591768000,
    "weightedAverageShsOutDil": 1649156000,
    "link": "https://www.sec.gov/Archives/edgar/data/829224/000095012404003640/0000950124-04-003640-index.htm",
    "finalLink": "https://www.sec.gov/Archives/edgar/data/829224/000095012404003640/v00861e10vq.htm"
  },
  {
    "date": "2004-03-28",
    "symbol": "SBUX",
    "reportedCurrency": "USD",
    "cik": "0000829224",
    "fillingDate": "2004-05-06",
    "acceptedDate": "2004-05-06 16:22:12",
    "calendarYear": "2004",
    "period": "Q2",
    "revenue": 1241068000,
    "costOfRevenue": 975046000,
    "grossProfit": 266022000,
    "grossProfitRatio": 0.214349254,
    "researchAndDevelopmentExpenses": 0,
    "generalAndAdministrativeExpenses": 0,
    "sellingAndMarketingExpenses": 0,
    "sellingGeneralAndAdministrativeExpenses": 79982000,
    "otherExpenses": 62281000,
    "operatingExpenses": 142263000,
    "costAndExpenses": 1117309000,
    "interestIncome": 0,
    "interestExpense": 0,
    "depreciationAndAmortization": 82817000,
    "ebitda": 206576000,
    "ebitdaratio": 0.1664501865,
    "operatingIncome": 123759000,
    "operatingIncomeRatio": 0.0997197575,
    "totalOtherIncomeExpensesNet": 3685000,
    "incomeBeforeTax": 127444000,
    "incomeBeforeTaxRatio": 0.1026889743,
    "incomeTaxExpense": 48559000,
    "netIncome": 78885000,
    "netIncomeRatio": 0.06356219,
    "eps": 0.0497,
    "epsdiluted": 0.0481,
    "weightedAverageShsOut": 1585998000,
    "weightedAverageShsOutDil": 1639868000,
    "link": "https://www.sec.gov/Archives/edgar/data/829224/000095012404002103/0000950124-04-002103-index.htm",
    "finalLink": "https://www.sec.gov/Archives/edgar/data/829224/000095012404002103/v98751e10vq.htm"
  },
  {
    "date": "2003-12-28",
    "symbol": "SBUX",
    "reportedCurrency": "USD",
    "cik": "0000829224",
    "fillingDate": "2004-02-04",
    "acceptedDate": "2004-02-04 17:11:15",
    "calendarYear": "2004",
    "period": "Q1",
    "revenue": 1281191000,
    "costOfRevenue": 934530000,
    "grossProfit": 346661000,
    "grossProfitRatio": 0.2705771427,
    "researchAndDevelopmentExpenses": 0,
    "generalAndAdministrativeExpenses": 0,
    "sellingAndMarketingExpenses": 0,
    "sellingGeneralAndAdministrativeExpenses": 114115000,
    "otherExpenses": 57885000,
    "operatingExpenses": 172000000,
    "costAndExpenses": 1106530000,
    "interestIncome": 0,
    "interestExpense": 0,
    "depreciationAndAmortization": 74107000,
    "ebitda": 248768000,
    "ebitdaratio": 0.1941693315,
    "operatingIncome": 174661000,
    "operatingIncomeRatio": 0.1363270582,
    "totalOtherIncomeExpensesNet": 3208000,
    "incomeBeforeTax": 177869000,
    "incomeBeforeTaxRatio": 0.1388309784,
    "incomeTaxExpense": 67734000,
    "netIncome": 110135000,
    "netIncomeRatio": 0.0859629829,
    "eps": 0.07,
    "epsdiluted": 0.0675,
    "weightedAverageShsOut": 1580228000,
    "weightedAverageShsOutDil": 1630580000,
    "link": "https://www.sec.gov/Archives/edgar/data/829224/000089102004000134/0000891020-04-000134-index.htm",
    "finalLink": "https://www.sec.gov/Archives/edgar/data/829224/000089102004000134/v96189e10vq.htm"
  },
  {
    "date": "2003-09-28",
    "symbol": "SBUX",
    "reportedCurrency": "USD",
    "cik": "0000829224",
    "fillingDate": "2003-12-23",
    "acceptedDate": "2003-12-23 16:31:59",
    "calendarYear": "2003",
    "period": "Q4",
    "revenue": 1081014000,
    "costOfRevenue": -691348000,
    "grossProfit": 1772362000,
    "grossProfitRatio": 1.6395365832,
    "researchAndDevelopmentExpenses": 0,
    "generalAndAdministrativeExpenses": 0,
    "sellingAndMarketingExpenses": 0,
    "sellingGeneralAndAdministrativeExpenses": 1614700000,
    "otherExpenses": 45466000,
    "operatingExpenses": 1660166000,
    "costAndExpenses": 968818000,
    "interestIncome": 0,
    "interestExpense": 0,
    "depreciationAndAmortization": 68617000,
    "ebitda": 180813000,
    "ebitdaratio": 0.1672624036,
    "operatingIncome": 112196000,
    "operatingIncomeRatio": 0.10378774,
    "totalOtherIncomeExpensesNet": 772000,
    "incomeBeforeTax": 112968000,
    "incomeBeforeTaxRatio": 0.1045018843,
    "incomeTaxExpense": 43493000,
    "netIncome": 69475000,
    "netIncomeRatio": 0.0642683629,
    "eps": 0.043,
    "epsdiluted": 0.043,
    "weightedAverageShsOut": 1570536000,
    "weightedAverageShsOutDil": 1618000000,
    "link": "https://www.sec.gov/Archives/edgar/data/829224/000089102003002898/0000891020-03-002898-index.htm",
    "finalLink": "https://www.sec.gov/Archives/edgar/data/829224/000089102003002898/v95180e10vk.htm"
  },
  {
    "date": "2003-06-29",
    "symbol": "SBUX",
    "reportedCurrency": "USD",
    "cik": "0000829224",
    "fillingDate": "2003-08-08",
    "acceptedDate": "2003-08-08 16:10:01",
    "calendarYear": "2003",
    "period": "Q3",
    "revenue": 1036776000,
    "costOfRevenue": 829490000,
    "grossProfit": 207286000,
    "grossProfitRatio": 0.1999332546,
    "researchAndDevelopmentExpenses": 0,
    "generalAndAdministrativeExpenses": 0,
    "sellingAndMarketingExpenses": 0,
    "sellingGeneralAndAdministrativeExpenses": 49325000,
    "otherExpenses": 51847000,
    "operatingExpenses": 101172000,
    "costAndExpenses": 930662000,
    "interestIncome": 0,
    "interestExpense": 0,
    "depreciationAndAmortization": 63245000,
    "ebitda": 169359000,
    "ebitdaratio": 0.1633515822,
    "operatingIncome": 106114000,
    "operatingIncomeRatio": 0.1023499772,
    "totalOtherIncomeExpensesNet": 5115000,
    "incomeBeforeTax": 111229000,
    "incomeBeforeTaxRatio": 0.1072835405,
    "incomeTaxExpense": 42815000,
    "netIncome": 68414000,
    "netIncomeRatio": 0.0659872528,
    "eps": 0.0425,
    "epsdiluted": 0.0425,
    "weightedAverageShsOut": 1568288000,
    "weightedAverageShsOutDil": 1610656000,
    "link": "https://www.sec.gov/Archives/edgar/data/829224/000089102003002071/0000891020-03-002071-index.htm",
    "finalLink": "https://www.sec.gov/Archives/edgar/data/829224/000089102003002071/v92138e10vq.htm"
  },
  {
    "date": "2003-03-30",
    "symbol": "SBUX",
    "reportedCurrency": "USD",
    "cik": "0000829224",
    "fillingDate": "2003-05-13",
    "acceptedDate": "2003-05-12 21:00:14",
    "calendarYear": "2003",
    "period": "Q2",
    "revenue": 954206000,
    "costOfRevenue": 721251000,
    "grossProfit": 232955000,
    "grossProfitRatio": 0.2441349143,
    "researchAndDevelopmentExpenses": 0,
    "generalAndAdministrativeExpenses": 0,
    "sellingAndMarketingExpenses": 0,
    "sellingGeneralAndAdministrativeExpenses": 96073000,
    "otherExpenses": 51388000,
    "operatingExpenses": 147461000,
    "costAndExpenses": 868712000,
    "interestIncome": 0,
    "interestExpense": 0,
    "depreciationAndAmortization": 64709000,
    "ebitda": 150203000,
    "ebitdaratio": 0.1574115023,
    "operatingIncome": 85494000,
    "operatingIncomeRatio": 0.0895970053,
    "totalOtherIncomeExpensesNet": 1239000,
    "incomeBeforeTax": 86733000,
    "incomeBeforeTaxRatio": 0.090895467,
    "incomeTaxExpense": 34702000,
    "netIncome": 52031000,
    "netIncomeRatio": 0.0545280579,
    "eps": 0.0163,
    "epsdiluted": 0.0163,
    "weightedAverageShsOut": 3117704000,
    "weightedAverageShsOutDil": 3196976000,
    "link": "https://www.sec.gov/Archives/edgar/data/829224/000089102003001521/0000891020-03-001521-index.htm",
    "finalLink": "https://www.sec.gov/Archives/edgar/data/829224/000089102003001521/v90011e10vq.htm"
  },
  {
    "date": "2002-12-29",
    "symbol": "SBUX",
    "reportedCurrency": "USD",
    "cik": "0000829224",
    "fillingDate": "2003-02-12",
    "acceptedDate": "2003-02-12 17:24:13",
    "calendarYear": "2003",
    "period": "Q1",
    "revenue": 1003526000,
    "costOfRevenue": 739448000,
    "grossProfit": 264078000,
    "grossProfitRatio": 0.2631501326,
    "researchAndDevelopmentExpenses": 0,
    "generalAndAdministrativeExpenses": 0,
    "sellingAndMarketingExpenses": 0,
    "sellingGeneralAndAdministrativeExpenses": 92459000,
    "otherExpenses": 50784000,
    "operatingExpenses": 143243000,
    "costAndExpenses": 882691000,
    "interestIncome": 0,
    "interestExpense": 0,
    "depreciationAndAmortization": 62700000,
    "ebitda": 183535000,
    "ebitdaratio": 0.1828901294,
    "operatingIncome": 120835000,
    "operatingIncomeRatio": 0.1204104328,
    "totalOtherIncomeExpensesNet": 4496000,
    "incomeBeforeTax": 125331000,
    "incomeBeforeTaxRatio": 0.1248906356,
    "incomeTaxExpense": 46968000,
    "netIncome": 78363000,
    "netIncomeRatio": 0.0780876629,
    "eps": 0.025,
    "epsdiluted": 0.025,
    "weightedAverageShsOut": 3109216000,
    "weightedAverageShsOutDil": 3193744000,
    "link": "https://www.sec.gov/Archives/edgar/data/829224/000089102003000426/0000891020-03-000426-index.htm",
    "finalLink": "https://www.sec.gov/Archives/edgar/data/829224/000089102003000426/v87619e10vq.htm"
  },
  {
    "date": "2002-09-29",
    "symbol": "SBUX",
    "reportedCurrency": "USD",
    "cik": "0000829224",
    "fillingDate": "2002-12-20",
    "acceptedDate": "2002-12-20 16:06:26",
    "calendarYear": "2002",
    "period": "Q4",
    "revenue": 865198000,
    "costOfRevenue": 687728000,
    "grossProfit": 177470000,
    "grossProfitRatio": 0.2051206776,
    "researchAndDevelopmentExpenses": 0,
    "generalAndAdministrativeExpenses": 0,
    "sellingAndMarketingExpenses": 0,
    "sellingGeneralAndAdministrativeExpenses": 46721000,
    "otherExpenses": 41159000,
    "operatingExpenses": 87880000,
    "costAndExpenses": 775608000,
    "interestIncome": 0,
    "interestExpense": 0,
    "depreciationAndAmortization": 58377000,
    "ebitda": 147967000,
    "ebitdaratio": 0.1710209686,
    "operatingIncome": 89590000,
    "operatingIncomeRatio": 0.1035485519,
    "totalOtherIncomeExpensesNet": 3216000,
    "incomeBeforeTax": 92806000,
    "incomeBeforeTaxRatio": 0.1072656201,
    "incomeTaxExpense": 34339000,
    "netIncome": 58467000,
    "netIncomeRatio": 0.0675764392,
    "eps": 0.0361,
    "epsdiluted": 0.0361,
    "weightedAverageShsOut": 1537732000,
    "weightedAverageShsOutDil": 1596900000,
    "link": "https://www.sec.gov/Archives/edgar/data/829224/000089102002002061/0000891020-02-002061-index.htm",
    "finalLink": "https://www.sec.gov/Archives/edgar/data/829224/000089102002002061/v86608e10vk.htm"
  },
  {
    "date": "2002-06-30",
    "symbol": "SBUX",
    "reportedCurrency": "USD",
    "cik": "0000829224",
    "fillingDate": "2002-08-14",
    "acceptedDate": "2002-08-14 13:43:32",
    "calendarYear": "2002",
    "period": "Q3",
    "revenue": 835158000,
    "costOfRevenue": 658115000,
    "grossProfit": 177043000,
    "grossProfitRatio": 0.2119874323,
    "researchAndDevelopmentExpenses": 0,
    "generalAndAdministrativeExpenses": 0,
    "sellingAndMarketingExpenses": 0,
    "sellingGeneralAndAdministrativeExpenses": 46997000,
    "otherExpenses": 42337000,
    "operatingExpenses": 89334000,
    "costAndExpenses": 747449000,
    "interestIncome": 0,
    "interestExpense": 0,
    "depreciationAndAmortization": 54898000,
    "ebitda": 142607000,
    "ebitdaratio": 0.1707545159,
    "operatingIncome": 87709000,
    "operatingIncomeRatio": 0.1050208464,
    "totalOtherIncomeExpensesNet": 1456000,
    "incomeBeforeTax": 89165000,
    "incomeBeforeTaxRatio": 0.106764229,
    "incomeTaxExpense": 32991000,
    "netIncome": 56174000,
    "netIncomeRatio": 0.0672615242,
    "eps": 0.035,
    "epsdiluted": 0.035,
    "weightedAverageShsOut": 1552620000,
    "weightedAverageShsOutDil": 1604764000,
    "link": "https://www.sec.gov/Archives/edgar/data/829224/000089102002001234/0000891020-02-001234-index.htm",
    "finalLink": "https://www.sec.gov/Archives/edgar/data/829224/000089102002001234/v83821e10vq.htm"
  },
  {
    "date": "2002-03-31",
    "symbol": "SBUX",
    "reportedCurrency": "USD",
    "cik": "0000829224",
    "fillingDate": "2002-05-15",
    "acceptedDate": "2002-05-15 16:58:53",
    "calendarYear": "2002",
    "period": "Q2",
    "revenue": 783217000,
    "costOfRevenue": 624610000,
    "grossProfit": 158607000,
    "grossProfitRatio": 0.2025070957,
    "researchAndDevelopmentExpenses": 0,
    "generalAndAdministrativeExpenses": 0,
    "sellingAndMarketingExpenses": 0,
    "sellingGeneralAndAdministrativeExpenses": 67314000,
    "otherExpenses": 42513000,
    "operatingExpenses": 109827000,
    "costAndExpenses": 734437000,
    "interestIncome": 0,
    "interestExpense": 0,
    "depreciationAndAmortization": 53842000,
    "ebitda": 102622000,
    "ebitdaratio": 0.1310262673,
    "operatingIncome": 48780000,
    "operatingIncomeRatio": 0.0622815899,
    "totalOtherIncomeExpensesNet": 2135000,
    "incomeBeforeTax": 50915000,
    "incomeBeforeTaxRatio": 0.0650075266,
    "incomeTaxExpense": 18838000,
    "netIncome": 32077000,
    "netIncomeRatio": 0.040955444,
    "eps": 0.02,
    "epsdiluted": 0.02,
    "weightedAverageShsOut": 1537384000,
    "weightedAverageShsOutDil": 1591444000,
    "link": "https://www.sec.gov/Archives/edgar/data/829224/000089102002000725/0000891020-02-000725-index.htm",
    "finalLink": "https://www.sec.gov/Archives/edgar/data/829224/000089102002000725/v81769e10-q.htm"
  },
  {
    "date": "2001-12-30",
    "symbol": "SBUX",
    "reportedCurrency": "USD",
    "cik": "0000829224",
    "fillingDate": "2002-02-13",
    "acceptedDate": "2002-02-13 00:00:00",
    "calendarYear": "2002",
    "period": "Q1",
    "revenue": 805335000,
    "costOfRevenue": 627844000,
    "grossProfit": 177491000,
    "grossProfitRatio": 0.2203939975,
    "researchAndDevelopmentExpenses": 0,
    "generalAndAdministrativeExpenses": 0,
    "sellingAndMarketingExpenses": 0,
    "sellingGeneralAndAdministrativeExpenses": 41129000,
    "otherExpenses": 129777000,
    "operatingExpenses": 170906000,
    "costAndExpenses": 798750000,
    "interestIncome": 0,
    "interestExpense": 0,
    "depreciationAndAmortization": 54024000,
    "ebitda": 60609000,
    "ebitdaratio": 0.0752593641,
    "operatingIncome": 6585000,
    "operatingIncomeRatio": 0.0081767215,
    "totalOtherIncomeExpensesNet": 101915000,
    "incomeBeforeTax": 108500000,
    "incomeBeforeTaxRatio": 0.1347265424,
    "incomeTaxExpense": 40145000,
    "netIncome": 68355000,
    "netIncomeRatio": 0.0848777217,
    "eps": 0.0447,
    "epsdiluted": 0.0431,
    "weightedAverageShsOut": 1528428000,
    "weightedAverageShsOutDil": 1584672000,
    "link": "https://www.sec.gov/Archives/edgar/data/829224/000089102002000116/0000891020-02-000116-index.htm",
    "finalLink": "https://www.sec.gov/Archives/edgar/data/829224/000089102002000116/v79122e10-q.htm"
  },
  {
    "date": "2001-09-30",
    "symbol": "SBUX",
    "reportedCurrency": "USD",
    "cik": "0000829224",
    "fillingDate": "2001-12-20",
    "acceptedDate": "2001-12-20 00:00:00",
    "calendarYear": "2001",
    "period": "Q4",
    "revenue": 689536000,
    "costOfRevenue": 533658000,
    "grossProfit": 155878000,
    "grossProfitRatio": 0.2260621635,
    "researchAndDevelopmentExpenses": 0,
    "generalAndAdministrativeExpenses": 0,
    "sellingAndMarketingExpenses": 0,
    "sellingGeneralAndAdministrativeExpenses": 38455000,
    "otherExpenses": 34547000,
    "operatingExpenses": 73002000,
    "costAndExpenses": 606660000,
    "interestIncome": 0,
    "interestExpense": 0,
    "depreciationAndAmortization": 48967000,
    "ebitda": 845021000,
    "ebitdaratio": 1.2254922151,
    "operatingIncome": 82876000,
    "operatingIncomeRatio": 0.120190969,
    "totalOtherIncomeExpensesNet": 1645000,
    "incomeBeforeTax": 84521000,
    "incomeBeforeTaxRatio": 0.1225766312,
    "incomeTaxExpense": 31273000,
    "netIncome": 53248000,
    "netIncomeRatio": 0.0772229441,
    "eps": 0.0337,
    "epsdiluted": 0.0337,
    "weightedAverageShsOut": 1519472000,
    "weightedAverageShsOutDil": 1577900000,
    "link": "https://www.sec.gov/Archives/edgar/data/829224/000089102001500442/0000891020-01-500442-index.htm",
    "finalLink": "https://www.sec.gov/Archives/edgar/data/829224/000089102001500442/v77933e10-k.htm"
  },
  {
    "date": "2001-07-01",
    "symbol": "SBUX",
    "reportedCurrency": "USD",
    "cik": "0000829224",
    "fillingDate": "2001-08-15",
    "acceptedDate": "2001-08-15 00:00:00",
    "calendarYear": "2001",
    "period": "Q3",
    "revenue": 662769000,
    "costOfRevenue": 520659000,
    "grossProfit": 142110000,
    "grossProfitRatio": 0.2144185983,
    "researchAndDevelopmentExpenses": 0,
    "generalAndAdministrativeExpenses": 0,
    "sellingAndMarketingExpenses": 0,
    "sellingGeneralAndAdministrativeExpenses": 35651000,
    "otherExpenses": 35152000,
    "operatingExpenses": 70803000,
    "costAndExpenses": 591462000,
    "interestIncome": 0,
    "interestExpense": 0,
    "depreciationAndAmortization": 45393000,
    "ebitda": -132609000,
    "ebitdaratio": -0.2000832869,
    "operatingIncome": 71307000,
    "operatingIncomeRatio": 0.1075895221,
    "totalOtherIncomeExpensesNet": 2910000,
    "incomeBeforeTax": 74217000,
    "incomeBeforeTaxRatio": 0.1119801922,
    "incomeTaxExpense": 27460000,
    "netIncome": 46757000,
    "netIncomeRatio": 0.0705479586,
    "eps": 0.03,
    "epsdiluted": 0.03,
    "weightedAverageShsOut": 1527776000,
    "weightedAverageShsOutDil": 1577928000,
    "link": "https://www.sec.gov/Archives/edgar/data/829224/000109581101504327/0001095811-01-504327-index.htm",
    "finalLink": "https://www.sec.gov/Archives/edgar/data/829224/000109581101504327/v75115e10-q.htm"
  },
  {
    "date": "2001-04-01",
    "symbol": "SBUX",
    "reportedCurrency": "USD",
    "cik": "0000829224",
    "fillingDate": "2001-05-16",
    "acceptedDate": "2001-05-16 00:00:00",
    "calendarYear": "2001",
    "period": "Q2",
    "revenue": 629288000,
    "costOfRevenue": 503571000,
    "grossProfit": 125717000,
    "grossProfitRatio": 0.1997765729,
    "researchAndDevelopmentExpenses": 0,
    "generalAndAdministrativeExpenses": 0,
    "sellingAndMarketingExpenses": 0,
    "sellingGeneralAndAdministrativeExpenses": 42433000,
    "otherExpenses": -193796000,
    "operatingExpenses": -151363000,
    "costAndExpenses": 352208000,
    "interestIncome": 0,
    "interestExpense": 0,
    "depreciationAndAmortization": 42063000,
    "ebitda": 86750000,
    "ebitdaratio": 0.1378542098,
    "operatingIncome": 277080000,
    "operatingIncomeRatio": 0.4403071408,
    "totalOtherIncomeExpensesNet": -224666000,
    "incomeBeforeTax": 52414000,
    "incomeBeforeTaxRatio": 0.0832909574,
    "incomeTaxExpense": 20204000,
    "netIncome": 32210000,
    "netIncomeRatio": 0.0511848311,
    "eps": 0.0212,
    "epsdiluted": 0.0204,
    "weightedAverageShsOut": 1518468000,
    "weightedAverageShsOutDil": 1576284000,
    "link": "https://www.sec.gov/Archives/edgar/data/829224/000109581101502346/0001095811-01-502346-index.htm",
    "finalLink": "https://www.sec.gov/Archives/edgar/data/829224/000109581101502346/v72545e10-q.txt"
  },
  {
    "date": "2000-12-31",
    "symbol": "SBUX",
    "reportedCurrency": "USD",
    "cik": "0000829224",
    "fillingDate": "2001-02-14",
    "acceptedDate": "2001-02-14 00:00:00",
    "calendarYear": "2001",
    "period": "Q1",
    "revenue": 667387000,
    "costOfRevenue": 520594000,
    "grossProfit": 146793000,
    "grossProfitRatio": 0.219951842,
    "researchAndDevelopmentExpenses": 0,
    "generalAndAdministrativeExpenses": 0,
    "sellingAndMarketingExpenses": 0,
    "sellingGeneralAndAdministrativeExpenses": 34877000,
    "otherExpenses": 40664000,
    "operatingExpenses": 75541000,
    "costAndExpenses": 596135000,
    "interestIncome": 0,
    "interestExpense": 0,
    "depreciationAndAmortization": 40664000,
    "ebitda": 111916000,
    "ebitdaratio": 0.1676928079,
    "operatingIncome": 71252000,
    "operatingIncomeRatio": 0.106762643,
    "totalOtherIncomeExpensesNet": 6518000,
    "incomeBeforeTax": 77770000,
    "incomeBeforeTaxRatio": 0.1165290903,
    "incomeTaxExpense": 28775000,
    "netIncome": 48995000,
    "netIncomeRatio": 0.0734131771,
    "eps": 0.0325,
    "epsdiluted": 0.0313,
    "weightedAverageShsOut": 1509160000,
    "weightedAverageShsOutDil": 1574640000,
    "link": "https://www.sec.gov/Archives/edgar/data/829224/000089102001000207/0000891020-01-000207-index.htm",
    "finalLink": "https://www.sec.gov/Archives/edgar/data/829224/000089102001000207/v69539e10-q.txt"
  },
  {
    "date": "2000-10-01",
    "symbol": "SBUX",
    "reportedCurrency": "USD",
    "cik": "0000829224",
    "fillingDate": "2000-12-22",
    "acceptedDate": "2000-12-22 00:00:00",
    "calendarYear": "2000",
    "period": "Q4",
    "revenue": 581992000,
    "costOfRevenue": 413727000,
    "grossProfit": 168265000,
    "grossProfitRatio": 0.2891190944,
    "researchAndDevelopmentExpenses": 0,
    "generalAndAdministrativeExpenses": 0,
    "sellingAndMarketingExpenses": 0,
    "sellingGeneralAndAdministrativeExpenses": 27385000,
    "otherExpenses": 40919000,
    "operatingExpenses": 68304000,
    "costAndExpenses": 482031000,
    "interestIncome": 0,
    "interestExpense": 0,
    "depreciationAndAmortization": 40919000,
    "ebitda": 140880000,
    "ebitdaratio": 0.242065183,
    "operatingIncome": 99961000,
    "operatingIncomeRatio": 0.1717566564,
    "totalOtherIncomeExpensesNet": -88748000,
    "incomeBeforeTax": 11213000,
    "incomeBeforeTaxRatio": 0.0192665879,
    "incomeTaxExpense": 9717000,
    "netIncome": 1496000,
    "netIncomeRatio": 0.0025704821,
    "eps": 0.001,
    "epsdiluted": 0.001,
    "weightedAverageShsOut": 1505500568,
    "weightedAverageShsOutDil": 1570900000,
    "link": "https://www.sec.gov/Archives/edgar/data/829224/000089102000002203/0000891020-00-002203-index.htm",
    "finalLink": "https://www.sec.gov/Archives/edgar/data/829224/000089102000002203/v68084e10-k.txt"
  },
  {
    "date": "2000-07-02",
    "symbol": "SBUX",
    "reportedCurrency": "USD",
    "cik": "0000829224",
    "fillingDate": "2000-08-16",
    "acceptedDate": "2000-08-16 00:00:00",
    "calendarYear": "2000",
    "period": "Q3",
    "revenue": 557516000,
    "costOfRevenue": 446240000,
    "grossProfit": 111276000,
    "grossProfitRatio": 0.1995924781,
    "researchAndDevelopmentExpenses": 0,
    "generalAndAdministrativeExpenses": 0,
    "sellingAndMarketingExpenses": 0,
    "sellingGeneralAndAdministrativeExpenses": 28049000,
    "otherExpenses": 28921000,
    "operatingExpenses": 56970000,
    "costAndExpenses": 503210000,
    "interestIncome": 0,
    "interestExpense": 0,
    "depreciationAndAmortization": 33658000,
    "ebitda": -115210000,
    "ebitdaratio": -0.2066487778,
    "operatingIncome": 54306000,
    "operatingIncomeRatio": 0.0974070699,
    "totalOtherIncomeExpensesNet": 1555000,
    "incomeBeforeTax": 55861000,
    "incomeBeforeTaxRatio": 0.1001962276,
    "incomeTaxExpense": 20948000,
    "netIncome": 34913000,
    "netIncomeRatio": 0.062622418,
    "eps": 0.0237,
    "epsdiluted": 0.0232,
    "weightedAverageShsOut": 1474564000,
    "weightedAverageShsOutDil": 1503316000,
    "link": "https://www.sec.gov/Archives/edgar/data/829224/000089102000001527/0000891020-00-001527-index.htm",
    "finalLink": "https://www.sec.gov/Archives/edgar/data/829224/000089102000001527/e10-q.txt"
  },
  {
    "date": "2000-04-02",
    "symbol": "SBUX",
    "reportedCurrency": "USD",
    "cik": "0000829224",
    "fillingDate": "2000-05-17",
    "acceptedDate": "2000-05-17 00:00:00",
    "calendarYear": "2000",
    "period": "Q2",
    "revenue": 506668000,
    "costOfRevenue": 414709000,
    "grossProfit": 91959000,
    "grossProfitRatio": 0.1814975487,
    "researchAndDevelopmentExpenses": 0,
    "generalAndAdministrativeExpenses": 0,
    "sellingAndMarketingExpenses": 0,
    "sellingGeneralAndAdministrativeExpenses": 28622000,
    "otherExpenses": -157518000,
    "operatingExpenses": -128896000,
    "costAndExpenses": 285813000,
    "interestIncome": 0,
    "interestExpense": 0,
    "depreciationAndAmortization": 35618000,
    "ebitda": 67004000,
    "ebitdaratio": 0.1322443888,
    "operatingIncome": 220855000,
    "operatingIncomeRatio": 0.4358968792,
    "totalOtherIncomeExpensesNet": -183406000,
    "incomeBeforeTax": 37449000,
    "incomeBeforeTaxRatio": 0.0739123055,
    "incomeTaxExpense": 14043000,
    "netIncome": 23406000,
    "netIncomeRatio": 0.0461959311,
    "eps": 0.0159,
    "epsdiluted": 0.0156,
    "weightedAverageShsOut": 1474564000,
    "weightedAverageShsOutDil": 1503316000,
    "link": "https://www.sec.gov/Archives/edgar/data/829224/000089102000001104/0000891020-00-001104-index.html",
    "finalLink": "https://www.sec.gov/Archives/edgar/data/829224/000089102000001104/"
  },
  {
    "date": "2000-01-02",
    "symbol": "SBUX",
    "reportedCurrency": "USD",
    "cik": "0000829224",
    "fillingDate": "2000-02-16",
    "acceptedDate": "2000-02-16 00:00:00",
    "calendarYear": "2000",
    "period": "Q1",
    "revenue": 529332000,
    "costOfRevenue": 419973000,
    "grossProfit": 109359000,
    "grossProfitRatio": 0.2065981275,
    "researchAndDevelopmentExpenses": 0,
    "generalAndAdministrativeExpenses": 0,
    "sellingAndMarketingExpenses": 0,
    "sellingGeneralAndAdministrativeExpenses": 26145000,
    "otherExpenses": 31976000,
    "operatingExpenses": 58121000,
    "costAndExpenses": 478094000,
    "interestIncome": 0,
    "interestExpense": 0,
    "depreciationAndAmortization": 31976000,
    "ebitda": 83214000,
    "ebitdaratio": 0.1572056857,
    "operatingIncome": 51238000,
    "operatingIncomeRatio": 0.096797473,
    "totalOtherIncomeExpensesNet": 4809000,
    "incomeBeforeTax": 56047000,
    "incomeBeforeTaxRatio": 0.1058825085,
    "incomeTaxExpense": 21298000,
    "netIncome": 34749000,
    "netIncomeRatio": 0.0656468908,
    "eps": 0.0063,
    "epsdiluted": 0.0056,
    "weightedAverageShsOut": 1469840000,
    "weightedAverageShsOutDil": 1469840000,
    "link": "https://www.sec.gov/Archives/edgar/data/829224/000089102000000326/0000891020-00-000326-index.html",
    "finalLink": "https://www.sec.gov/Archives/edgar/data/829224/000089102000000326/"
  },
  {
    "date": "1999-10-03",
    "symbol": "SBUX",
    "reportedCurrency": "USD",
    "cik": "0000829224",
    "fillingDate": "1999-12-23",
    "acceptedDate": "1999-12-23 00:00:00",
    "calendarYear": "1999",
    "period": "Q4",
    "revenue": 474800000,
    "costOfRevenue": 372800000,
    "grossProfit": 102000000,
    "grossProfitRatio": 0.2148272957,
    "researchAndDevelopmentExpenses": 0,
    "generalAndAdministrativeExpenses": 0,
    "sellingAndMarketingExpenses": 0,
    "sellingGeneralAndAdministrativeExpenses": 22300000,
    "otherExpenses": 29200000,
    "operatingExpenses": 51500000,
    "costAndExpenses": 424300000,
    "interestIncome": 0,
    "interestExpense": 0,
    "depreciationAndAmortization": 29200000,
    "ebitda": 79700000,
    "ebitdaratio": 0.1678601516,
    "operatingIncome": 50500000,
    "operatingIncomeRatio": 0.1063605729,
    "totalOtherIncomeExpensesNet": 1700000,
    "incomeBeforeTax": 52200000,
    "incomeBeforeTaxRatio": 0.1099410278,
    "incomeTaxExpense": 19800000,
    "netIncome": 32400000,
    "netIncomeRatio": 0.0682392586,
    "eps": 0.0214,
    "epsdiluted": 0.0214,
    "weightedAverageShsOut": 1461593280,
    "weightedAverageShsOutDil": 1511800000,
    "link": "https://www.sec.gov/Archives/edgar/data/829224/000089102099002151/0000891020-99-002151-index.html",
    "finalLink": "https://www.sec.gov/Archives/edgar/data/829224/000089102099002151/"
  },
  {
    "date": "1999-06-27",
    "symbol": "SBUX",
    "reportedCurrency": "USD",
    "cik": "0000829224",
    "fillingDate": "1999-08-11",
    "acceptedDate": "1999-08-11 00:00:00",
    "calendarYear": "1999",
    "period": "Q3",
    "revenue": 423792000,
    "costOfRevenue": 333300000,
    "grossProfit": 90492000,
    "grossProfitRatio": 0.2135292785,
    "researchAndDevelopmentExpenses": 0,
    "generalAndAdministrativeExpenses": 0,
    "sellingAndMarketingExpenses": 0,
    "sellingGeneralAndAdministrativeExpenses": 24700000,
    "otherExpenses": 27700000,
    "operatingExpenses": 52400000,
    "costAndExpenses": 385700000,
    "interestIncome": 0,
    "interestExpense": 0,
    "depreciationAndAmortization": 27700000,
    "ebitda": 65792000,
    "ebitdaratio": 0.1552459697,
    "operatingIncome": 38092000,
    "operatingIncomeRatio": 0.0898837165,
    "totalOtherIncomeExpensesNet": 1608000,
    "incomeBeforeTax": 39700000,
    "incomeBeforeTaxRatio": 0.0936780307,
    "incomeTaxExpense": 15100000,
    "netIncome": 24600000,
    "netIncomeRatio": 0.058047344,
    "eps": 0.0044,
    "epsdiluted": 0.0044,
    "weightedAverageShsOut": 1456456000,
    "weightedAverageShsOutDil": 1456456000,
    "link": "https://www.sec.gov/Archives/edgar/data/829224/000082922499000008/0000829224-99-000008-index.html",
    "finalLink": "https://www.sec.gov/Archives/edgar/data/829224/000082922499000008/"
  },
  {
    "date": "1999-03-28",
    "symbol": "SBUX",
    "reportedCurrency": "USD",
    "cik": "0000829224",
    "fillingDate": "1999-05-12",
    "acceptedDate": "1999-05-12 00:00:00",
    "calendarYear": "1999",
    "period": "Q2",
    "revenue": 375800000,
    "costOfRevenue": 300700000,
    "grossProfit": 75100000,
    "grossProfitRatio": 0.1998403406,
    "researchAndDevelopmentExpenses": 0,
    "generalAndAdministrativeExpenses": 0,
    "sellingAndMarketingExpenses": 0,
    "sellingGeneralAndAdministrativeExpenses": 22400000,
    "otherExpenses": 26000000,
    "operatingExpenses": 48400000,
    "costAndExpenses": 349100000,
    "interestIncome": 0,
    "interestExpense": 0,
    "depreciationAndAmortization": 26200000,
    "ebitda": 52900000,
    "ebitdaratio": 0.1407663651,
    "operatingIncome": 26700000,
    "operatingIncomeRatio": 0.07104843,
    "totalOtherIncomeExpensesNet": 2300000,
    "incomeBeforeTax": 29000000,
    "incomeBeforeTaxRatio": 0.0771687068,
    "incomeTaxExpense": 11000000,
    "netIncome": 18000000,
    "netIncomeRatio": 0.047897818,
    "eps": 0.0031,
    "epsdiluted": 0.0031,
    "weightedAverageShsOut": 1460416000,
    "weightedAverageShsOutDil": 1460416000,
    "link": "https://www.sec.gov/Archives/edgar/data/829224/000082922499000004/0000829224-99-000004-index.html",
    "finalLink": "https://www.sec.gov/Archives/edgar/data/829224/"
  },
  {
    "date": "1998-12-27",
    "symbol": "SBUX",
    "reportedCurrency": "USD",
    "cik": "0000829224",
    "fillingDate": "1999-02-10",
    "acceptedDate": "1999-02-10 00:00:00",
    "calendarYear": "1999",
    "period": "Q1",
    "revenue": 405600000,
    "costOfRevenue": 319700000,
    "grossProfit": 85900000,
    "grossProfitRatio": 0.2117850099,
    "researchAndDevelopmentExpenses": 0,
    "generalAndAdministrativeExpenses": 0,
    "sellingAndMarketingExpenses": 0,
    "sellingGeneralAndAdministrativeExpenses": 20400000,
    "otherExpenses": 24400000,
    "operatingExpenses": 44800000,
    "costAndExpenses": 364500000,
    "interestIncome": 0,
    "interestExpense": 0,
    "depreciationAndAmortization": 24400000,
    "ebitda": 65500000,
    "ebitdaratio": 0.1614891519,
    "operatingIncome": 41100000,
    "operatingIncomeRatio": 0.1013313609,
    "totalOtherIncomeExpensesNet": 2000000,
    "incomeBeforeTax": 43100000,
    "incomeBeforeTaxRatio": 0.1062623274,
    "incomeTaxExpense": 16400000,
    "netIncome": 26700000,
    "netIncomeRatio": 0.0658284024,
    "eps": 0.0025,
    "epsdiluted": 0.0025,
    "weightedAverageShsOut": 1446528000,
    "weightedAverageShsOutDil": 1446528000,
    "link": "https://www.sec.gov/Archives/edgar/data/829224/000082922499000002/0000829224-99-000002-index.html",
    "finalLink": "https://www.sec.gov/Archives/edgar/data/829224/"
  },
  {
    "date": "1998-09-27",
    "symbol": "SBUX",
    "reportedCurrency": "USD",
    "cik": "0000829224",
    "fillingDate": "1998-12-28",
    "acceptedDate": "1998-12-28 00:00:00",
    "calendarYear": "1998",
    "period": "Q4",
    "revenue": 357700000,
    "costOfRevenue": 277700000,
    "grossProfit": 80000000,
    "grossProfitRatio": 0.2236511043,
    "researchAndDevelopmentExpenses": 0,
    "generalAndAdministrativeExpenses": 0,
    "sellingAndMarketingExpenses": 0,
    "sellingGeneralAndAdministrativeExpenses": 19900000,
    "otherExpenses": 22600000,
    "operatingExpenses": 42500000,
    "costAndExpenses": 320200000,
    "interestIncome": 0,
    "interestExpense": 0,
    "depreciationAndAmortization": 22600000,
    "ebitda": 60100000,
    "ebitdaratio": 0.1680178921,
    "operatingIncome": 37500000,
    "operatingIncomeRatio": 0.1048364551,
    "totalOtherIncomeExpensesNet": 1700000,
    "incomeBeforeTax": 39200000,
    "incomeBeforeTaxRatio": 0.1095890411,
    "incomeTaxExpense": 13600000,
    "netIncome": 25600000,
    "netIncomeRatio": 0.0715683534,
    "eps": 0.0168,
    "epsdiluted": 0.0168,
    "weightedAverageShsOut": 1526400000,
    "weightedAverageShsOutDil": 1526400000,
    "link": "https://www.sec.gov/Archives/edgar/data/829224/000089102098001809/0000891020-98-001809-index.html",
    "finalLink": "https://www.sec.gov/Archives/edgar/data/829224/"
  },
  {
    "date": "1998-06-28",
    "symbol": "SBUX",
    "reportedCurrency": "USD",
    "cik": "0000829224",
    "fillingDate": "1998-08-12",
    "acceptedDate": "1998-08-12 00:00:00",
    "calendarYear": "1998",
    "period": "Q3",
    "revenue": 334400000,
    "costOfRevenue": 266100000,
    "grossProfit": 68300000,
    "grossProfitRatio": 0.2042464115,
    "researchAndDevelopmentExpenses": 0,
    "generalAndAdministrativeExpenses": 0,
    "sellingAndMarketingExpenses": 0,
    "sellingGeneralAndAdministrativeExpenses": 20600000,
    "otherExpenses": 21800000,
    "operatingExpenses": 42400000,
    "costAndExpenses": 308500000,
    "interestIncome": 0,
    "interestExpense": 0,
    "depreciationAndAmortization": 21100000,
    "ebitda": 47700000,
    "ebitdaratio": 0.1426435407,
    "operatingIncome": 25900000,
    "operatingIncomeRatio": 0.0774521531,
    "totalOtherIncomeExpensesNet": -6900000,
    "incomeBeforeTax": 19000000,
    "incomeBeforeTaxRatio": 0.0568181818,
    "incomeTaxExpense": 11100000,
    "netIncome": 7900000,
    "netIncomeRatio": 0.0236244019,
    "eps": 0.0009,
    "epsdiluted": 0.0009,
    "weightedAverageShsOut": 1430976000,
    "weightedAverageShsOutDil": 1430976000,
    "link": "https://www.sec.gov/Archives/edgar/data/829224/000082922498000013/0000829224-98-000013-index.html",
    "finalLink": "https://www.sec.gov/Archives/edgar/data/829224/"
  },
  {
    "date": "1998-03-29",
    "symbol": "SBUX",
    "reportedCurrency": "USD",
    "cik": "0000829224",
    "fillingDate": "1998-05-13",
    "acceptedDate": "1998-05-13 00:00:00",
    "calendarYear": "1998",
    "period": "Q2",
    "revenue": 295200000,
    "costOfRevenue": 235200000,
    "grossProfit": 60000000,
    "grossProfitRatio": 0.2032520325,
    "researchAndDevelopmentExpenses": 0,
    "generalAndAdministrativeExpenses": 0,
    "sellingAndMarketingExpenses": 0,
    "sellingGeneralAndAdministrativeExpenses": 19300000,
    "otherExpenses": 19400000,
    "operatingExpenses": 38700000,
    "costAndExpenses": 273900000,
    "interestIncome": 0,
    "interestExpense": 0,
    "depreciationAndAmortization": 19400000,
    "ebitda": 40700000,
    "ebitdaratio": 0.1378726287,
    "operatingIncome": 21300000,
    "operatingIncomeRatio": 0.0721544715,
    "totalOtherIncomeExpensesNet": 2200000,
    "incomeBeforeTax": 23500000,
    "incomeBeforeTaxRatio": 0.0796070461,
    "incomeTaxExpense": 9500000,
    "netIncome": 14000000,
    "netIncomeRatio": 0.0474254743,
    "eps": 0.0013,
    "epsdiluted": 0.0013,
    "weightedAverageShsOut": 1382272000,
    "weightedAverageShsOutDil": 1382272000,
    "link": "https://www.sec.gov/Archives/edgar/data/829224/000082922498000008/0000829224-98-000008-index.html",
    "finalLink": "https://www.sec.gov/Archives/edgar/data/829224/"
  },
  {
    "date": "1997-12-28",
    "symbol": "SBUX",
    "reportedCurrency": "USD",
    "cik": "0000829224",
    "fillingDate": "1998-02-11",
    "acceptedDate": "1998-02-11 00:00:00",
    "calendarYear": "1998",
    "period": "Q1",
    "revenue": 321300000,
    "costOfRevenue": 252300000,
    "grossProfit": 69000000,
    "grossProfitRatio": 0.2147525677,
    "researchAndDevelopmentExpenses": 0,
    "generalAndAdministrativeExpenses": 0,
    "sellingAndMarketingExpenses": 0,
    "sellingGeneralAndAdministrativeExpenses": 17800000,
    "otherExpenses": 17800000,
    "operatingExpenses": 35600000,
    "costAndExpenses": 287900000,
    "interestIncome": 0,
    "interestExpense": 0,
    "depreciationAndAmortization": 17800000,
    "ebitda": 51200000,
    "ebitdaratio": 0.1593526299,
    "operatingIncome": 33400000,
    "operatingIncomeRatio": 0.1039526922,
    "totalOtherIncomeExpensesNet": 1400000,
    "incomeBeforeTax": 34800000,
    "incomeBeforeTaxRatio": 0.1083099907,
    "incomeTaxExpense": 13800000,
    "netIncome": 21000000,
    "netIncomeRatio": 0.0653594771,
    "eps": 0.0022,
    "epsdiluted": 0.0019,
    "weightedAverageShsOut": 1382272000,
    "weightedAverageShsOutDil": 1382272000,
    "link": "https://www.sec.gov/Archives/edgar/data/829224/000103221098000096/0001032210-98-000096-index.html",
    "finalLink": "https://www.sec.gov/Archives/edgar/data/829224/"
  },
  {
    "date": "1997-09-28",
    "symbol": "SBUX",
    "reportedCurrency": "USD",
    "cik": "0000829224",
    "fillingDate": "1997-12-23",
    "acceptedDate": "1997-12-23 00:00:00",
    "calendarYear": "1997",
    "period": "Q4",
    "revenue": 270700000,
    "costOfRevenue": 207500000,
    "grossProfit": 63200000,
    "grossProfitRatio": 0.2334687846,
    "researchAndDevelopmentExpenses": 0,
    "generalAndAdministrativeExpenses": 0,
    "sellingAndMarketingExpenses": 0,
    "sellingGeneralAndAdministrativeExpenses": 16800000,
    "otherExpenses": 16300000,
    "operatingExpenses": 33100000,
    "costAndExpenses": 240600000,
    "interestIncome": 0,
    "interestExpense": 0,
    "depreciationAndAmortization": 16300000,
    "ebitda": 46400000,
    "ebitdaratio": 0.1714074621,
    "operatingIncome": 30100000,
    "operatingIncomeRatio": 0.1111932028,
    "totalOtherIncomeExpensesNet": 300000,
    "incomeBeforeTax": 30400000,
    "incomeBeforeTaxRatio": 0.1123014407,
    "incomeTaxExpense": 11700000,
    "netIncome": 18700000,
    "netIncomeRatio": 0.0690801625,
    "eps": 0.0123,
    "epsdiluted": 0.0123,
    "weightedAverageShsOut": 1456300000,
    "weightedAverageShsOutDil": 1456300000,
    "link": "https://www.sec.gov/Archives/edgar/data/829224/000089102097001606/0000891020-97-001606-index.html",
    "finalLink": "https://www.sec.gov/Archives/edgar/data/829224/"
  },
  {
    "date": "1997-06-29",
    "symbol": "SBUX",
    "reportedCurrency": "USD",
    "cik": "0000829224",
    "fillingDate": "1997-08-13",
    "acceptedDate": "1997-08-13 00:00:00",
    "calendarYear": "1997",
    "period": "Q3",
    "revenue": 242200000,
    "costOfRevenue": 189700000,
    "grossProfit": 52500000,
    "grossProfitRatio": 0.2167630058,
    "researchAndDevelopmentExpenses": 0,
    "generalAndAdministrativeExpenses": 0,
    "sellingAndMarketingExpenses": 0,
    "sellingGeneralAndAdministrativeExpenses": 14200000,
    "otherExpenses": 15300000,
    "operatingExpenses": 29500000,
    "costAndExpenses": 219200000,
    "interestIncome": 0,
    "interestExpense": 0,
    "depreciationAndAmortization": 15300000,
    "ebitda": 38300000,
    "ebitdaratio": 0.1581337737,
    "operatingIncome": 23000000,
    "operatingIncomeRatio": 0.0949628406,
    "totalOtherIncomeExpensesNet": 800000,
    "incomeBeforeTax": 23800000,
    "incomeBeforeTaxRatio": 0.098265896,
    "incomeTaxExpense": 9200000,
    "netIncome": 14600000,
    "netIncomeRatio": 0.0602807597,
    "eps": 0.0016,
    "epsdiluted": 0.0016,
    "weightedAverageShsOut": 1258480000,
    "weightedAverageShsOutDil": 1258480000,
    "link": "https://www.sec.gov/Archives/edgar/data/829224/000082922497000002/0000829224-97-000002-index.html",
    "finalLink": "https://www.sec.gov/Archives/edgar/data/829224/"
  },
  {
    "date": "1997-03-30",
    "symbol": "SBUX",
    "reportedCurrency": "USD",
    "cik": "0000829224",
    "fillingDate": "1997-05-13",
    "acceptedDate": "1997-05-13 15:44:00",
    "calendarYear": "1997",
    "period": "Q2",
    "revenue": 214900000,
    "costOfRevenue": 173600000,
    "grossProfit": 41300000,
    "grossProfitRatio": 0.1921824104,
    "researchAndDevelopmentExpenses": 0,
    "generalAndAdministrativeExpenses": 0,
    "sellingAndMarketingExpenses": 0,
    "sellingGeneralAndAdministrativeExpenses": 13200000,
    "otherExpenses": 14100000,
    "operatingExpenses": 27300000,
    "costAndExpenses": 200900000,
    "interestIncome": 0,
    "interestExpense": 0,
    "depreciationAndAmortization": 14100000,
    "ebitda": 28100000,
    "ebitdaratio": 0.1307584923,
    "operatingIncome": 14000000,
    "operatingIncomeRatio": 0.0651465798,
    "totalOtherIncomeExpensesNet": 1600000,
    "incomeBeforeTax": 15600000,
    "incomeBeforeTaxRatio": 0.0725919032,
    "incomeTaxExpense": 6000000,
    "netIncome": 9600000,
    "netIncomeRatio": 0.0446719404,
    "eps": 0.0009,
    "epsdiluted": 0.0009,
    "weightedAverageShsOut": 1252272000,
    "weightedAverageShsOutDil": 1252272000,
    "link": "https://www.sec.gov/Archives/edgar/data/829224/000088755797000012/0000887557-97-000012-index.htm",
    "finalLink": "https://www.sec.gov/Archives/edgar/data/829224/000088755797000012/"
  },
  {
    "date": "1996-12-29",
    "symbol": "SBUX",
    "reportedCurrency": "USD",
    "cik": "0000829224",
    "fillingDate": "1997-02-10",
    "acceptedDate": "1997-02-10 15:22:00",
    "calendarYear": "1997",
    "period": "Q1",
    "revenue": 239100000,
    "costOfRevenue": 192500000,
    "grossProfit": 46600000,
    "grossProfitRatio": 0.1948975324,
    "researchAndDevelopmentExpenses": 0,
    "generalAndAdministrativeExpenses": 0,
    "sellingAndMarketingExpenses": 0,
    "sellingGeneralAndAdministrativeExpenses": 12900000,
    "otherExpenses": 12500000,
    "operatingExpenses": 25400000,
    "costAndExpenses": 217900000,
    "interestIncome": 0,
    "interestExpense": 0,
    "depreciationAndAmortization": 12500000,
    "ebitda": 33700000,
    "ebitdaratio": 0.1409452112,
    "operatingIncome": 21200000,
    "operatingIncomeRatio": 0.0886658302,
    "totalOtherIncomeExpensesNet": 2200000,
    "incomeBeforeTax": 23400000,
    "incomeBeforeTaxRatio": 0.0978670013,
    "incomeTaxExpense": 9000000,
    "netIncome": 14400000,
    "netIncomeRatio": 0.0602258469,
    "eps": 0.0016,
    "epsdiluted": 0.0016,
    "weightedAverageShsOut": 1247744000,
    "weightedAverageShsOutDil": 1247744000,
    "link": "https://www.sec.gov/Archives/edgar/data/829224/000088755797000007/0000887557-97-000007-index.htm",
    "finalLink": "https://www.sec.gov/Archives/edgar/data/829224/000088755797000007/"
  },
  {
    "date": "1996-09-29",
    "symbol": "SBUX",
    "reportedCurrency": "USD",
    "cik": "0000829224",
    "fillingDate": "1996-12-26",
    "acceptedDate": "1996-12-26 16:23:00",
    "calendarYear": "1996",
    "period": "Q4",
    "revenue": 196400000,
    "costOfRevenue": 155300000,
    "grossProfit": 41100000,
    "grossProfitRatio": 0.2092668024,
    "researchAndDevelopmentExpenses": 0,
    "generalAndAdministrativeExpenses": 0,
    "sellingAndMarketingExpenses": 0,
    "sellingGeneralAndAdministrativeExpenses": 10900000,
    "otherExpenses": 11300000,
    "operatingExpenses": 22200000,
    "costAndExpenses": 177500000,
    "interestIncome": 0,
    "interestExpense": 0,
    "depreciationAndAmortization": 11300000,
    "ebitda": 30200000,
    "ebitdaratio": 0.1537678208,
    "operatingIncome": 18900000,
    "operatingIncomeRatio": 0.0962321792,
    "totalOtherIncomeExpensesNet": 1400000,
    "incomeBeforeTax": 20300000,
    "incomeBeforeTaxRatio": 0.1033604888,
    "incomeTaxExpense": 7600000,
    "netIncome": 12700000,
    "netIncomeRatio": 0.0646639511,
    "eps": 0.0084,
    "epsdiluted": 0.0084,
    "weightedAverageShsOut": 1508800000,
    "weightedAverageShsOutDil": 1508800000,
    "link": "https://www.sec.gov/Archives/edgar/data/829224/000088755796000023/0000887557-96-000023-index.htm",
    "finalLink": "https://www.sec.gov/Archives/edgar/data/829224/000088755796000023/"
  },
  {
    "date": "1996-06-30",
    "symbol": "SBUX",
    "reportedCurrency": "USD",
    "cik": "0000829224",
    "fillingDate": "1996-08-12",
    "acceptedDate": "1996-08-12 12:02:00",
    "calendarYear": "1996",
    "period": "Q3",
    "revenue": 177000000,
    "costOfRevenue": 141100000,
    "grossProfit": 35900000,
    "grossProfitRatio": 0.2028248588,
    "researchAndDevelopmentExpenses": 0,
    "generalAndAdministrativeExpenses": 0,
    "sellingAndMarketingExpenses": 0,
    "sellingGeneralAndAdministrativeExpenses": 10000000,
    "otherExpenses": 11300000,
    "operatingExpenses": 21300000,
    "costAndExpenses": 162400000,
    "interestIncome": 0,
    "interestExpense": 0,
    "depreciationAndAmortization": 10500000,
    "ebitda": 25900000,
    "ebitdaratio": 0.1463276836,
    "operatingIncome": 14600000,
    "operatingIncomeRatio": 0.0824858757,
    "totalOtherIncomeExpensesNet": 800000,
    "incomeBeforeTax": 15400000,
    "incomeBeforeTaxRatio": 0.0870056497,
    "incomeTaxExpense": 6000000,
    "netIncome": 9400000,
    "netIncomeRatio": 0.0531073446,
    "eps": 0.0009,
    "epsdiluted": 0.0009,
    "weightedAverageShsOut": 1235024000,
    "weightedAverageShsOutDil": 1235024000,
    "link": "https://www.sec.gov/Archives/edgar/data/829224/000088755796000015/0000887557-96-000015-index.htm",
    "finalLink": "https://www.sec.gov/Archives/edgar/data/829224/000088755796000015/"
  },
  {
    "date": "1996-03-31",
    "symbol": "SBUX",
    "reportedCurrency": "USD",
    "cik": "0000829224",
    "fillingDate": "1996-05-15",
    "acceptedDate": "1996-05-15 12:08:00",
    "calendarYear": "1996",
    "period": "Q2",
    "revenue": 153600000,
    "costOfRevenue": 127700000,
    "grossProfit": 25900000,
    "grossProfitRatio": 0.1686197917,
    "researchAndDevelopmentExpenses": 0,
    "generalAndAdministrativeExpenses": 0,
    "sellingAndMarketingExpenses": 0,
    "sellingGeneralAndAdministrativeExpenses": 9700000,
    "otherExpenses": 8600000,
    "operatingExpenses": 18300000,
    "costAndExpenses": 146000000,
    "interestIncome": 0,
    "interestExpense": 0,
    "depreciationAndAmortization": 9400000,
    "ebitda": 17000000,
    "ebitdaratio": 0.1106770833,
    "operatingIncome": 7600000,
    "operatingIncomeRatio": 0.0494791667,
    "totalOtherIncomeExpensesNet": 9300000,
    "incomeBeforeTax": 16900000,
    "incomeBeforeTaxRatio": 0.1100260417,
    "incomeTaxExpense": 6500000,
    "netIncome": 10400000,
    "netIncomeRatio": 0.0677083333,
    "eps": 0.0013,
    "epsdiluted": 0.0013,
    "weightedAverageShsOut": 1142304000,
    "weightedAverageShsOutDil": 1142304000,
    "link": "https://www.sec.gov/Archives/edgar/data/829224/000088755796000006/0000887557-96-000006-index.htm",
    "finalLink": "https://www.sec.gov/Archives/edgar/data/829224/000088755796000006/"
  },
  {
    "date": "1995-12-31",
    "symbol": "SBUX",
    "reportedCurrency": "USD",
    "cik": "0000829224",
    "fillingDate": "1995-12-31",
    "acceptedDate": "1995-12-31 00:00:00",
    "calendarYear": "1996",
    "period": "Q1",
    "revenue": 169500000,
    "costOfRevenue": 139000000,
    "grossProfit": 30500000,
    "grossProfitRatio": 0.1799410029,
    "researchAndDevelopmentExpenses": 0,
    "generalAndAdministrativeExpenses": 0,
    "sellingAndMarketingExpenses": 0,
    "sellingGeneralAndAdministrativeExpenses": 6600000,
    "otherExpenses": 8200000,
    "operatingExpenses": 14800000,
    "costAndExpenses": 153800000,
    "interestIncome": 0,
    "interestExpense": 0,
    "depreciationAndAmortization": 8200000,
    "ebitda": 23900000,
    "ebitdaratio": 0.1410029499,
    "operatingIncome": 15700000,
    "operatingIncomeRatio": 0.0926253687,
    "totalOtherIncomeExpensesNet": 100000,
    "incomeBeforeTax": 15800000,
    "incomeBeforeTaxRatio": 0.0932153392,
    "incomeTaxExpense": 6200000,
    "netIncome": 9600000,
    "netIncomeRatio": 0.0566371681,
    "eps": 0.0013,
    "epsdiluted": 0.0013,
    "weightedAverageShsOut": 1139264000,
    "weightedAverageShsOutDil": 1139264000,
    "link": null,
    "finalLink": null
  },
  {
    "date": "1995-09-30",
    "symbol": "SBUX",
    "reportedCurrency": "USD",
    "cik": "0000829224",
    "fillingDate": "1995-09-30",
    "acceptedDate": "1995-09-30 00:00:00",
    "calendarYear": "1995",
    "period": "Q4",
    "revenue": 129400000,
    "costOfRevenue": 224800000,
    "grossProfit": -95400000,
    "grossProfitRatio": -0.7372488408,
    "researchAndDevelopmentExpenses": 0,
    "generalAndAdministrativeExpenses": 0,
    "sellingAndMarketingExpenses": 0,
    "sellingGeneralAndAdministrativeExpenses": -113200000,
    "otherExpenses": 9300000,
    "operatingExpenses": -103900000,
    "costAndExpenses": 120900000,
    "interestIncome": 0,
    "interestExpense": 0,
    "depreciationAndAmortization": 9300000,
    "ebitda": 17800000,
    "ebitdaratio": 0.1375579598,
    "operatingIncome": 8500000,
    "operatingIncomeRatio": 0.0656877898,
    "totalOtherIncomeExpensesNet": 600000,
    "incomeBeforeTax": 9100000,
    "incomeBeforeTaxRatio": 0.070324575,
    "incomeTaxExpense": 3600000,
    "netIncome": 5500000,
    "netIncomeRatio": 0.042503864,
    "eps": 0.0049,
    "epsdiluted": 0.0049,
    "weightedAverageShsOut": 1130688000,
    "weightedAverageShsOutDil": 1130688000,
    "link": null,
    "finalLink": null
  }
]