[
  {
    "date": "2025-06-30",
    "symbol": "SCHW",
    "reportedCurrency": "USD",
    "cik": "0000316709",
    "fillingDate": "2025-08-08",
    "acceptedDate": "2025-08-08 16:19:59",
    "calendarYear": "2025",
    "period": "Q2",
    "revenue": 6816000000,
    "costOfRevenue": 965000000,
    "grossProfit": 5851000000,
    "grossProfitRatio": 0.8584213615,
    "researchAndDevelopmentExpenses": 0,
    "generalAndAdministrativeExpenses": 1536000000,
    "sellingAndMarketingExpenses": 108000000,
    "sellingGeneralAndAdministrativeExpenses": 1644000000,
    "otherExpenses": 1404000000,
    "operatingExpenses": 3048000000,
    "costAndExpenses": 4013000000,
    "interestIncome": 3787000000,
    "interestExpense": 965000000,
    "depreciationAndAmortization": 343000000,
    "ebitda": 3146000000,
    "ebitdaratio": 0.4615610329,
    "operatingIncome": 2803000000,
    "operatingIncomeRatio": 0.4112382629,
    "totalOtherIncomeExpensesNet": 0,
    "incomeBeforeTax": 2803000000,
    "incomeBeforeTaxRatio": 0.4112382629,
    "incomeTaxExpense": 677000000,
    "netIncome": 2126000000,
    "netIncomeRatio": 0.3119131455,
    "eps": 1.09,
    "epsdiluted": 1.08,
    "weightedAverageShsOut": 1817000000,
    "weightedAverageShsOutDil": 1822000000,
    "link": "https://www.sec.gov/Archives/edgar/data/316709/000031670925000039/0000316709-25-000039-index.htm",
    "finalLink": "https://www.sec.gov/Archives/edgar/data/316709/000031670925000039/schw-20250630.htm"
  },
  {
    "date": "2025-03-31",
    "symbol": "SCHW",
    "reportedCurrency": "USD",
    "cik": "0000316709",
    "fillingDate": "2025-05-09",
    "acceptedDate": "2025-05-09 16:17:14",
    "calendarYear": "2025",
    "period": "Q1",
    "revenue": 6650000000,
    "costOfRevenue": 1051000000,
    "grossProfit": 5599000000,
    "grossProfitRatio": 0.8419548872,
    "researchAndDevelopmentExpenses": 0,
    "generalAndAdministrativeExpenses": 1672000000,
    "sellingAndMarketingExpenses": 96000000,
    "sellingGeneralAndAdministrativeExpenses": 1768000000,
    "otherExpenses": 1376000000,
    "operatingExpenses": 3144000000,
    "costAndExpenses": 4195000000,
    "interestIncome": 3757000000,
    "interestExpense": 1051000000,
    "depreciationAndAmortization": 347000000,
    "ebitda": 2802000000,
    "ebitdaratio": 0.4213533835,
    "operatingIncome": 2455000000,
    "operatingIncomeRatio": 0.3691729323,
    "totalOtherIncomeExpensesNet": 0,
    "incomeBeforeTax": 2455000000,
    "incomeBeforeTaxRatio": 0.3691729323,
    "incomeTaxExpense": 546000000,
    "netIncome": 1909000000,
    "netIncomeRatio": 0.2870676692,
    "eps": 0.99,
    "epsdiluted": 0.99,
    "weightedAverageShsOut": 1817000000,
    "weightedAverageShsOutDil": 1822000000,
    "link": "https://www.sec.gov/Archives/edgar/data/316709/000031670925000023/0000316709-25-000023-index.htm",
    "finalLink": "https://www.sec.gov/Archives/edgar/data/316709/000031670925000023/schw-20250331.htm"
  },
  {
    "date": "2024-12-31",
    "symbol": "SCHW",
    "reportedCurrency": "USD",
    "cik": "0000316709",
    "fillingDate": "2025-02-26",
    "acceptedDate": "2025-02-26 16:25:18",
    "calendarYear": "2024",
    "period": "Q4",
    "revenue": 6651000000,
    "costOfRevenue": 1322000000,
    "grossProfit": 5329000000,
    "grossProfitRatio": 0.8012328973,
    "researchAndDevelopmentExpenses": 0,
    "generalAndAdministrativeExpenses": 1533000000,
    "sellingAndMarketingExpenses": 101000000,
    "sellingGeneralAndAdministrativeExpenses": 1634000000,
    "otherExpenses": 1390000000,
    "operatingExpenses": 3024000000,
    "costAndExpenses": 4346000000,
    "interestIncome": 3853000000,
    "interestExpense": 1322000000,
    "depreciationAndAmortization": 354000000,
    "ebitda": 2659000000,
    "ebitdaratio": 0.3997895053,
    "operatingIncome": 2305000000,
    "operatingIncomeRatio": 0.3465644264,
    "totalOtherIncomeExpensesNet": 0,
    "incomeBeforeTax": 2305000000,
    "incomeBeforeTaxRatio": 0.3465644264,
    "incomeTaxExpense": 465000000,
    "netIncome": 1840000000,
    "netIncomeRatio": 0.2766501278,
    "eps": 0.94,
    "epsdiluted": 0.94,
    "weightedAverageShsOut": 1831000000,
    "weightedAverageShsOutDil": 1836000000,
    "link": "https://www.sec.gov/Archives/edgar/data/316709/000031670925000010/0000316709-25-000010-index.htm",
    "finalLink": "https://www.sec.gov/Archives/edgar/data/316709/000031670925000010/schw-20241231.htm"
  },
  {
    "date": "2024-09-30",
    "symbol": "SCHW",
    "reportedCurrency": "USD",
    "cik": "0000316709",
    "fillingDate": "2024-11-08",
    "acceptedDate": "2024-11-08 16:17:36",
    "calendarYear": "2024",
    "period": "Q3",
    "revenue": 6553000000,
    "costOfRevenue": 1706000000,
    "grossProfit": 4847000000,
    "grossProfitRatio": 0.7396612239,
    "researchAndDevelopmentExpenses": 0,
    "generalAndAdministrativeExpenses": 1522000000,
    "sellingAndMarketingExpenses": 101000000,
    "sellingGeneralAndAdministrativeExpenses": 1623000000,
    "otherExpenses": 1382000000,
    "operatingExpenses": 3005000000,
    "costAndExpenses": 4711000000,
    "interestIncome": 3928000000,
    "interestExpense": 1706000000,
    "depreciationAndAmortization": 361000000,
    "ebitda": 2203000000,
    "ebitdaratio": 0.3361819014,
    "operatingIncome": 1842000000,
    "operatingIncomeRatio": 0.2810926293,
    "totalOtherIncomeExpensesNet": 0,
    "incomeBeforeTax": 1842000000,
    "incomeBeforeTaxRatio": 0.2810926293,
    "incomeTaxExpense": 434000000,
    "netIncome": 1408000000,
    "netIncomeRatio": 0.2148634213,
    "eps": 0.71,
    "epsdiluted": 0.71,
    "weightedAverageShsOut": 1829000000,
    "weightedAverageShsOutDil": 1834000000,
    "link": "https://www.sec.gov/Archives/edgar/data/316709/000031670924000069/0000316709-24-000069-index.htm",
    "finalLink": "https://www.sec.gov/Archives/edgar/data/316709/000031670924000069/schw-20240930.htm"
  },
  {
    "date": "2024-06-30",
    "symbol": "SCHW",
    "reportedCurrency": "USD",
    "cik": "0000316709",
    "fillingDate": "2024-08-08",
    "acceptedDate": "2024-08-08 16:17:38",
    "calendarYear": "2024",
    "period": "Q2",
    "revenue": 6349000000,
    "costOfRevenue": 1659000000,
    "grossProfit": 4690000000,
    "grossProfitRatio": 0.7386990077,
    "researchAndDevelopmentExpenses": 0,
    "generalAndAdministrativeExpenses": 1450000000,
    "sellingAndMarketingExpenses": 107000000,
    "sellingGeneralAndAdministrativeExpenses": 1557000000,
    "otherExpenses": 1386000000,
    "operatingExpenses": 2943000000,
    "costAndExpenses": 4602000000,
    "interestIncome": 3817000000,
    "interestExpense": 1659000000,
    "depreciationAndAmortization": 362000000,
    "ebitda": 2109000000,
    "ebitdaratio": 0.3321782958,
    "operatingIncome": 1747000000,
    "operatingIncomeRatio": 0.2751614427,
    "totalOtherIncomeExpensesNet": 0,
    "incomeBeforeTax": 1747000000,
    "incomeBeforeTaxRatio": 0.2751614427,
    "incomeTaxExpense": 415000000,
    "netIncome": 1332000000,
    "netIncomeRatio": 0.2097968184,
    "eps": 0.66,
    "epsdiluted": 0.66,
    "weightedAverageShsOut": 1828000000,
    "weightedAverageShsOutDil": 1834000000,
    "link": "https://www.sec.gov/Archives/edgar/data/316709/000031670924000060/0000316709-24-000060-index.htm",
    "finalLink": "https://www.sec.gov/Archives/edgar/data/316709/000031670924000060/schw-20240630.htm"
  },
  {
    "date": "2024-03-31",
    "symbol": "SCHW",
    "reportedCurrency": "USD",
    "cik": "0000316709",
    "fillingDate": "2024-05-09",
    "acceptedDate": "2024-05-09 16:18:38",
    "calendarYear": "2024",
    "period": "Q1",
    "revenue": 6448000000,
    "costOfRevenue": 1704000000,
    "grossProfit": 4744000000,
    "grossProfitRatio": 0.7357320099,
    "researchAndDevelopmentExpenses": 0,
    "generalAndAdministrativeExpenses": 1538000000,
    "sellingAndMarketingExpenses": 88000000,
    "sellingGeneralAndAdministrativeExpenses": 1626000000,
    "otherExpenses": 1320000000,
    "operatingExpenses": 2946000000,
    "costAndExpenses": 4650000000,
    "interestIncome": 3941000000,
    "interestExpense": 1704000000,
    "depreciationAndAmortization": 358000000,
    "ebitda": 2156000000,
    "ebitdaratio": 0.3343672457,
    "operatingIncome": 1798000000,
    "operatingIncomeRatio": 0.2788461538,
    "totalOtherIncomeExpensesNet": 0,
    "incomeBeforeTax": 1798000000,
    "incomeBeforeTaxRatio": 0.2788461538,
    "incomeTaxExpense": 436000000,
    "netIncome": 1362000000,
    "netIncomeRatio": 0.2112282878,
    "eps": 0.69,
    "epsdiluted": 0.68,
    "weightedAverageShsOut": 1825000000,
    "weightedAverageShsOutDil": 1831000000,
    "link": "https://www.sec.gov/Archives/edgar/data/316709/000031670924000044/0000316709-24-000044-index.htm",
    "finalLink": "https://www.sec.gov/Archives/edgar/data/316709/000031670924000044/schw-20240331.htm"
  },
  {
    "date": "2023-12-31",
    "symbol": "SCHW",
    "reportedCurrency": "USD",
    "cik": "0000316709",
    "fillingDate": "2024-02-23",
    "acceptedDate": "2024-02-23 16:21:25",
    "calendarYear": "2023",
    "period": "Q4",
    "revenue": 4459000000,
    "costOfRevenue": 0,
    "grossProfit": 4459000000,
    "grossProfitRatio": 1,
    "researchAndDevelopmentExpenses": 0,
    "generalAndAdministrativeExpenses": 1409000000,
    "sellingAndMarketingExpenses": 104000000,
    "sellingGeneralAndAdministrativeExpenses": 1513000000,
    "otherExpenses": 2946000000,
    "operatingExpenses": 4459000000,
    "costAndExpenses": 4459000000,
    "interestIncome": 3965000000,
    "interestExpense": 1835000000,
    "depreciationAndAmortization": 368000000,
    "ebitda": 0,
    "ebitdaratio": 0,
    "operatingIncome": 0,
    "operatingIncomeRatio": 0,
    "totalOtherIncomeExpensesNet": 1194000000,
    "incomeBeforeTax": 1194000000,
    "incomeBeforeTaxRatio": 0.2677730433,
    "incomeTaxExpense": 149000000,
    "netIncome": 1045000000,
    "netIncomeRatio": 0.2343574793,
    "eps": 0.51,
    "epsdiluted": 0.51,
    "weightedAverageShsOut": 1823000000,
    "weightedAverageShsOutDil": 1828000000,
    "link": "https://www.sec.gov/Archives/edgar/data/316709/000031670924000018/0000316709-24-000018-index.htm",
    "finalLink": "https://www.sec.gov/Archives/edgar/data/316709/000031670924000018/schw-20231231.htm"
  },
  {
    "date": "2023-09-30",
    "symbol": "SCHW",
    "reportedCurrency": "USD",
    "cik": "0000316709",
    "fillingDate": "2023-11-08",
    "acceptedDate": "2023-11-08 16:20:03",
    "calendarYear": "2023",
    "period": "Q3",
    "revenue": 4606000000,
    "costOfRevenue": 0,
    "grossProfit": 4606000000,
    "grossProfitRatio": 1,
    "researchAndDevelopmentExpenses": 0,
    "generalAndAdministrativeExpenses": 1770000000,
    "sellingAndMarketingExpenses": 102000000,
    "sellingGeneralAndAdministrativeExpenses": 1872000000,
    "otherExpenses": 2734000000,
    "operatingExpenses": 4606000000,
    "costAndExpenses": 4606000000,
    "interestIncome": 4027000000,
    "interestExpense": 1790000000,
    "depreciationAndAmortization": 333000000,
    "ebitda": 0,
    "ebitdaratio": 0,
    "operatingIncome": 0,
    "operatingIncomeRatio": 0,
    "totalOtherIncomeExpensesNet": 1383000000,
    "incomeBeforeTax": 1383000000,
    "incomeBeforeTaxRatio": 0.3002605297,
    "incomeTaxExpense": 258000000,
    "netIncome": 1125000000,
    "netIncomeRatio": 0.2442466348,
    "eps": 0.56,
    "epsdiluted": 0.56,
    "weightedAverageShsOut": 1821000000,
    "weightedAverageShsOutDil": 1827000000,
    "link": "https://www.sec.gov/Archives/edgar/data/316709/000031670923000062/0000316709-23-000062-index.htm",
    "finalLink": "https://www.sec.gov/Archives/edgar/data/316709/000031670923000062/schw-20230930.htm"
  },
  {
    "date": "2023-06-30",
    "symbol": "SCHW",
    "reportedCurrency": "USD",
    "cik": "0000316709",
    "fillingDate": "2023-08-08",
    "acceptedDate": "2023-08-08 16:19:03",
    "calendarYear": "2023",
    "period": "Q2",
    "revenue": 4656000000,
    "costOfRevenue": 0,
    "grossProfit": 4656000000,
    "grossProfitRatio": 1,
    "researchAndDevelopmentExpenses": 0,
    "generalAndAdministrativeExpenses": 1498000000,
    "sellingAndMarketingExpenses": 103000000,
    "sellingGeneralAndAdministrativeExpenses": 1601000000,
    "otherExpenses": 3055000000,
    "operatingExpenses": 4656000000,
    "costAndExpenses": 4656000000,
    "interestIncome": 4105000000,
    "interestExpense": 1815000000,
    "depreciationAndAmortization": 325000000,
    "ebitda": 0,
    "ebitdaratio": 0,
    "operatingIncome": 0,
    "operatingIncomeRatio": 0,
    "totalOtherIncomeExpensesNet": 1691000000,
    "incomeBeforeTax": 1691000000,
    "incomeBeforeTaxRatio": 0.3631872852,
    "incomeTaxExpense": 397000000,
    "netIncome": 1294000000,
    "netIncomeRatio": 0.2779209622,
    "eps": 0.64,
    "epsdiluted": 0.64,
    "weightedAverageShsOut": 1820000000,
    "weightedAverageShsOutDil": 1825000000,
    "link": "https://www.sec.gov/Archives/edgar/data/316709/000031670923000037/0000316709-23-000037-index.htm",
    "finalLink": "https://www.sec.gov/Archives/edgar/data/316709/000031670923000037/schw-20230630.htm"
  },
  {
    "date": "2023-03-31",
    "symbol": "SCHW",
    "reportedCurrency": "USD",
    "cik": "0000316709",
    "fillingDate": "2023-05-08",
    "acceptedDate": "2023-05-08 16:18:53",
    "calendarYear": "2023",
    "period": "Q1",
    "revenue": 5116000000,
    "costOfRevenue": 0,
    "grossProfit": 5116000000,
    "grossProfitRatio": 1,
    "researchAndDevelopmentExpenses": 0,
    "generalAndAdministrativeExpenses": 1638000000,
    "sellingAndMarketingExpenses": 88000000,
    "sellingGeneralAndAdministrativeExpenses": 1726000000,
    "otherExpenses": 3390000000,
    "operatingExpenses": 5116000000,
    "costAndExpenses": 5116000000,
    "interestIncome": 4016000000,
    "interestExpense": 1246000000,
    "depreciationAndAmortization": 312000000,
    "ebitda": 0,
    "ebitdaratio": 0,
    "operatingIncome": 0,
    "operatingIncomeRatio": 0,
    "totalOtherIncomeExpensesNet": 2110000000,
    "incomeBeforeTax": 2110000000,
    "incomeBeforeTaxRatio": 0.4124315872,
    "incomeTaxExpense": 507000000,
    "netIncome": 1603000000,
    "netIncomeRatio": 0.3133307271,
    "eps": 0.84,
    "epsdiluted": 0.83,
    "weightedAverageShsOut": 1834000000,
    "weightedAverageShsOutDil": 1842000000,
    "link": "https://www.sec.gov/Archives/edgar/data/316709/000031670923000026/0000316709-23-000026-index.htm",
    "finalLink": "https://www.sec.gov/Archives/edgar/data/316709/000031670923000026/schw-20230331.htm"
  },
  {
    "date": "2022-12-31",
    "symbol": "SCHW",
    "reportedCurrency": "USD",
    "cik": "0000316709",
    "fillingDate": "2023-02-24",
    "acceptedDate": "2023-02-24 16:18:16",
    "calendarYear": "2022",
    "period": "Q4",
    "revenue": 5497000000,
    "costOfRevenue": 0,
    "grossProfit": 5497000000,
    "grossProfitRatio": 1,
    "researchAndDevelopmentExpenses": 0,
    "generalAndAdministrativeExpenses": 844000000,
    "sellingAndMarketingExpenses": 123000000,
    "sellingGeneralAndAdministrativeExpenses": 967000000,
    "otherExpenses": 4530000000,
    "operatingExpenses": 5497000000,
    "costAndExpenses": 5497000000,
    "interestIncome": 3839000000,
    "interestExpense": 810000000,
    "depreciationAndAmortization": 312000000,
    "ebitda": 0,
    "ebitdaratio": 0,
    "operatingIncome": 0,
    "operatingIncomeRatio": 0,
    "totalOtherIncomeExpensesNet": 2598000000,
    "incomeBeforeTax": 2598000000,
    "incomeBeforeTaxRatio": 0.4726214299,
    "incomeTaxExpense": 630000000,
    "netIncome": 1968000000,
    "netIncomeRatio": 0.3580134619,
    "eps": 0.98,
    "epsdiluted": 0.97,
    "weightedAverageShsOut": 1864000000,
    "weightedAverageShsOutDil": 1873000000,
    "link": "https://www.sec.gov/Archives/edgar/data/316709/000031670923000009/0000316709-23-000009-index.htm",
    "finalLink": "https://www.sec.gov/Archives/edgar/data/316709/000031670923000009/schw-20221231.htm"
  },
  {
    "date": "2022-09-30",
    "symbol": "SCHW",
    "reportedCurrency": "USD",
    "cik": "0000316709",
    "fillingDate": "2022-11-08",
    "acceptedDate": "2022-11-08 16:23:18",
    "calendarYear": "2022",
    "period": "Q3",
    "revenue": 5500000000,
    "costOfRevenue": 0,
    "grossProfit": 5500000000,
    "grossProfitRatio": 1,
    "researchAndDevelopmentExpenses": 0,
    "generalAndAdministrativeExpenses": 1476000000,
    "sellingAndMarketingExpenses": 89000000,
    "sellingGeneralAndAdministrativeExpenses": 1565000000,
    "otherExpenses": 3935000000,
    "operatingExpenses": 5500000000,
    "costAndExpenses": 5500000000,
    "interestIncome": 3356000000,
    "interestExpense": 430000000,
    "depreciationAndAmortization": 319000000,
    "ebitda": 0,
    "ebitdaratio": 0,
    "operatingIncome": 0,
    "operatingIncomeRatio": 0,
    "totalOtherIncomeExpensesNet": 2677000000,
    "incomeBeforeTax": 2677000000,
    "incomeBeforeTaxRatio": 0.4867272727,
    "incomeTaxExpense": 657000000,
    "netIncome": 2020000000,
    "netIncomeRatio": 0.3672727273,
    "eps": 1,
    "epsdiluted": 0.99,
    "weightedAverageShsOut": 1887000000,
    "weightedAverageShsOutDil": 1895000000,
    "link": "https://www.sec.gov/Archives/edgar/data/316709/000031670922000045/0000316709-22-000045-index.htm",
    "finalLink": "https://www.sec.gov/Archives/edgar/data/316709/000031670922000045/schw-20220930.htm"
  },
  {
    "date": "2022-06-30",
    "symbol": "SCHW",
    "reportedCurrency": "USD",
    "cik": "0000316709",
    "fillingDate": "2022-08-08",
    "acceptedDate": "2022-08-08 16:18:58",
    "calendarYear": "2022",
    "period": "Q2",
    "revenue": 5093000000,
    "costOfRevenue": 0,
    "grossProfit": 5093000000,
    "grossProfitRatio": 1,
    "researchAndDevelopmentExpenses": 0,
    "generalAndAdministrativeExpenses": 1426000000,
    "sellingAndMarketingExpenses": 105000000,
    "sellingGeneralAndAdministrativeExpenses": 1531000000,
    "otherExpenses": 3562000000,
    "operatingExpenses": 5093000000,
    "costAndExpenses": 5093000000,
    "interestIncome": 2712000000,
    "interestExpense": 168000000,
    "depreciationAndAmortization": 313000000,
    "ebitda": 0,
    "ebitdaratio": 0,
    "operatingIncome": 0,
    "operatingIncomeRatio": 0,
    "totalOtherIncomeExpensesNet": 2274000000,
    "incomeBeforeTax": 2274000000,
    "incomeBeforeTaxRatio": 0.4464951895,
    "incomeTaxExpense": 481000000,
    "netIncome": 1793000000,
    "netIncomeRatio": 0.3520518359,
    "eps": 0.87,
    "epsdiluted": 0.87,
    "weightedAverageShsOut": 1896000000,
    "weightedAverageShsOutDil": 1904000000,
    "link": "https://www.sec.gov/Archives/edgar/data/316709/000031670922000028/0000316709-22-000028-index.htm",
    "finalLink": "https://www.sec.gov/Archives/edgar/data/316709/000031670922000028/schw-20220630.htm"
  },
  {
    "date": "2022-03-31",
    "symbol": "SCHW",
    "reportedCurrency": "USD",
    "cik": "0000316709",
    "fillingDate": "2022-05-09",
    "acceptedDate": "2022-05-09 17:08:38",
    "calendarYear": "2022",
    "period": "Q1",
    "revenue": 4672000000,
    "costOfRevenue": 0,
    "grossProfit": 4672000000,
    "grossProfitRatio": 1,
    "researchAndDevelopmentExpenses": 0,
    "generalAndAdministrativeExpenses": 1758000000,
    "sellingAndMarketingExpenses": 102000000,
    "sellingGeneralAndAdministrativeExpenses": 1860000000,
    "otherExpenses": 2812000000,
    "operatingExpenses": 4672000000,
    "costAndExpenses": 4672000000,
    "interestIncome": 2319000000,
    "interestExpense": 136000000,
    "depreciationAndAmortization": 304000000,
    "ebitda": 0,
    "ebitdaratio": 0,
    "operatingIncome": 0,
    "operatingIncomeRatio": 0,
    "totalOtherIncomeExpensesNet": 1839000000,
    "incomeBeforeTax": 1839000000,
    "incomeBeforeTaxRatio": 0.3936215753,
    "incomeTaxExpense": 437000000,
    "netIncome": 1402000000,
    "netIncomeRatio": 0.3000856164,
    "eps": 0.67,
    "epsdiluted": 0.67,
    "weightedAverageShsOut": 1894000000,
    "weightedAverageShsOutDil": 1905000000,
    "link": "https://www.sec.gov/Archives/edgar/data/316709/000031670922000018/0000316709-22-000018-index.htm",
    "finalLink": "https://www.sec.gov/Archives/edgar/data/316709/000031670922000018/schw-20220331.htm"
  },
  {
    "date": "2021-12-31",
    "symbol": "SCHW",
    "reportedCurrency": "USD",
    "cik": "0000316709",
    "fillingDate": "2022-02-24",
    "acceptedDate": "2022-02-24 16:32:07",
    "calendarYear": "2021",
    "period": "Q4",
    "revenue": 4708000000,
    "costOfRevenue": 0,
    "grossProfit": 4708000000,
    "grossProfitRatio": 1,
    "researchAndDevelopmentExpenses": 0,
    "generalAndAdministrativeExpenses": 1596000000,
    "sellingAndMarketingExpenses": 122000000,
    "sellingGeneralAndAdministrativeExpenses": 1718000000,
    "otherExpenses": 2990000000,
    "operatingExpenses": 4708000000,
    "costAndExpenses": 4708000000,
    "interestIncome": 2268000000,
    "interestExpense": 126000000,
    "depreciationAndAmortization": 299000000,
    "ebitda": 0,
    "ebitdaratio": 0,
    "operatingIncome": 0,
    "operatingIncomeRatio": 0,
    "totalOtherIncomeExpensesNet": 2023000000,
    "incomeBeforeTax": 2023000000,
    "incomeBeforeTaxRatio": 0.4296941376,
    "incomeTaxExpense": 443000000,
    "netIncome": 1580000000,
    "netIncomeRatio": 0.3355989805,
    "eps": 0.77,
    "epsdiluted": 0.76,
    "weightedAverageShsOut": 1892000000,
    "weightedAverageShsOutDil": 1902000000,
    "link": "https://www.sec.gov/Archives/edgar/data/316709/000031670922000009/0000316709-22-000009-index.htm",
    "finalLink": "https://www.sec.gov/Archives/edgar/data/316709/000031670922000009/schw-20211231.htm"
  },
  {
    "date": "2021-09-30",
    "symbol": "SCHW",
    "reportedCurrency": "USD",
    "cik": "0000316709",
    "fillingDate": "2021-11-08",
    "acceptedDate": "2021-11-08 16:44:15",
    "calendarYear": "2021",
    "period": "Q3",
    "revenue": 4570000000,
    "costOfRevenue": 0,
    "grossProfit": 4570000000,
    "grossProfitRatio": 1,
    "researchAndDevelopmentExpenses": 0,
    "generalAndAdministrativeExpenses": 1511000000,
    "sellingAndMarketingExpenses": 119000000,
    "sellingGeneralAndAdministrativeExpenses": 1630000000,
    "otherExpenses": 2940000000,
    "operatingExpenses": 4570000000,
    "costAndExpenses": 4570000000,
    "interestIncome": 2153000000,
    "interestExpense": 123000000,
    "depreciationAndAmortization": 293000000,
    "ebitda": 0,
    "ebitdaratio": 0,
    "operatingIncome": 0,
    "operatingIncomeRatio": 0,
    "totalOtherIncomeExpensesNet": 2011000000,
    "incomeBeforeTax": 2011000000,
    "incomeBeforeTaxRatio": 0.4400437637,
    "incomeTaxExpense": 485000000,
    "netIncome": 1526000000,
    "netIncomeRatio": 0.333916849,
    "eps": 0.74,
    "epsdiluted": 0.74,
    "weightedAverageShsOut": 1888000000,
    "weightedAverageShsOutDil": 1898000000,
    "link": "https://www.sec.gov/Archives/edgar/data/316709/000031670921000081/0000316709-21-000081-index.htm",
    "finalLink": "https://www.sec.gov/Archives/edgar/data/316709/000031670921000081/schw-20210930.htm"
  },
  {
    "date": "2021-06-30",
    "symbol": "SCHW",
    "reportedCurrency": "USD",
    "cik": "0000316709",
    "fillingDate": "2021-08-06",
    "acceptedDate": "2021-08-06 16:43:03",
    "calendarYear": "2021",
    "period": "Q2",
    "revenue": 4527000000,
    "costOfRevenue": 0,
    "grossProfit": 4527000000,
    "grossProfitRatio": 1,
    "researchAndDevelopmentExpenses": 0,
    "generalAndAdministrativeExpenses": 1550000000,
    "sellingAndMarketingExpenses": 128000000,
    "sellingGeneralAndAdministrativeExpenses": 1678000000,
    "otherExpenses": 2849000000,
    "operatingExpenses": 4527000000,
    "costAndExpenses": 4527000000,
    "interestIncome": 2069000000,
    "interestExpense": 122000000,
    "depreciationAndAmortization": 289000000,
    "ebitda": 0,
    "ebitdaratio": 0,
    "operatingIncome": 0,
    "operatingIncomeRatio": 0,
    "totalOtherIncomeExpensesNet": 1719000000,
    "incomeBeforeTax": 1719000000,
    "incomeBeforeTaxRatio": 0.37972167,
    "incomeTaxExpense": 454000000,
    "netIncome": 1265000000,
    "netIncomeRatio": 0.2794345041,
    "eps": 0.59,
    "epsdiluted": 0.59,
    "weightedAverageShsOut": 1886000000,
    "weightedAverageShsOutDil": 1896000000,
    "link": "https://www.sec.gov/Archives/edgar/data/316709/000031670921000062/0000316709-21-000062-index.htm",
    "finalLink": "https://www.sec.gov/Archives/edgar/data/316709/000031670921000062/schw-20210630.htm"
  },
  {
    "date": "2021-03-31",
    "symbol": "SCHW",
    "reportedCurrency": "USD",
    "cik": "0000316709",
    "fillingDate": "2021-05-07",
    "acceptedDate": "2021-05-07 16:19:45",
    "calendarYear": "2021",
    "period": "Q1",
    "revenue": 4715000000,
    "costOfRevenue": 0,
    "grossProfit": 4715000000,
    "grossProfitRatio": 1,
    "researchAndDevelopmentExpenses": 0,
    "generalAndAdministrativeExpenses": 1655000000,
    "sellingAndMarketingExpenses": 116000000,
    "sellingGeneralAndAdministrativeExpenses": 1771000000,
    "otherExpenses": 2944000000,
    "operatingExpenses": 4715000000,
    "costAndExpenses": 4715000000,
    "interestIncome": 2015000000,
    "interestExpense": 104000000,
    "depreciationAndAmortization": 283000000,
    "ebitda": 0,
    "ebitdaratio": 0,
    "operatingIncome": 0,
    "operatingIncomeRatio": 0,
    "totalOtherIncomeExpensesNet": 1960000000,
    "incomeBeforeTax": 1960000000,
    "incomeBeforeTaxRatio": 0.4156945917,
    "incomeTaxExpense": 476000000,
    "netIncome": 1484000000,
    "netIncomeRatio": 0.3147401909,
    "eps": 0.74,
    "epsdiluted": 0.73,
    "weightedAverageShsOut": 1882000000,
    "weightedAverageShsOutDil": 1892000000,
    "link": "https://www.sec.gov/Archives/edgar/data/316709/000031670921000029/0000316709-21-000029-index.htm",
    "finalLink": "https://www.sec.gov/Archives/edgar/data/316709/000031670921000029/schw-20210331.htm"
  },
  {
    "date": "2020-12-31",
    "symbol": "SCHW",
    "reportedCurrency": "USD",
    "cik": "0000316709",
    "fillingDate": "2021-02-24",
    "acceptedDate": "2021-02-24 16:20:04",
    "calendarYear": "2020",
    "period": "Q4",
    "revenue": 4176000000,
    "costOfRevenue": 0,
    "grossProfit": 4176000000,
    "grossProfitRatio": 1,
    "researchAndDevelopmentExpenses": 0,
    "generalAndAdministrativeExpenses": 1582000000,
    "sellingAndMarketingExpenses": 123000000,
    "sellingGeneralAndAdministrativeExpenses": 1705000000,
    "otherExpenses": 2471000000,
    "operatingExpenses": 4176000000,
    "costAndExpenses": 4176000000,
    "interestIncome": 1905000000,
    "interestExpense": 96000000,
    "depreciationAndAmortization": 277000000,
    "ebitda": 0,
    "ebitdaratio": 0,
    "operatingIncome": 0,
    "operatingIncomeRatio": 0,
    "totalOtherIncomeExpensesNet": 1476000000,
    "incomeBeforeTax": 1476000000,
    "incomeBeforeTaxRatio": 0.3534482759,
    "incomeTaxExpense": 341000000,
    "netIncome": 1135000000,
    "netIncomeRatio": 0.2717911877,
    "eps": 0.57,
    "epsdiluted": 0.57,
    "weightedAverageShsOut": 1429000000,
    "weightedAverageShsOutDil": 1435000000,
    "link": "https://www.sec.gov/Archives/edgar/data/316709/000031670921000012/0000316709-21-000012-index.htm",
    "finalLink": "https://www.sec.gov/Archives/edgar/data/316709/000031670921000012/schw-20201231.htm"
  },
  {
    "date": "2020-09-30",
    "symbol": "SCHW",
    "reportedCurrency": "USD",
    "cik": "0000316709",
    "fillingDate": "2020-11-09",
    "acceptedDate": "2020-11-09 08:13:34",
    "calendarYear": "2020",
    "period": "Q3",
    "revenue": 2448000000,
    "costOfRevenue": 0,
    "grossProfit": 2448000000,
    "grossProfitRatio": 1,
    "researchAndDevelopmentExpenses": 0,
    "generalAndAdministrativeExpenses": 949000000,
    "sellingAndMarketingExpenses": 66000000,
    "sellingGeneralAndAdministrativeExpenses": 1015000000,
    "otherExpenses": 1433000000,
    "operatingExpenses": 2448000000,
    "costAndExpenses": 2448000000,
    "interestIncome": 1435000000,
    "interestExpense": 92000000,
    "depreciationAndAmortization": 122000000,
    "ebitda": 0,
    "ebitdaratio": 0,
    "operatingIncome": 0,
    "operatingIncomeRatio": 0,
    "totalOtherIncomeExpensesNet": 889000000,
    "incomeBeforeTax": 889000000,
    "incomeBeforeTaxRatio": 0.3631535948,
    "incomeTaxExpense": 191000000,
    "netIncome": 698000000,
    "netIncomeRatio": 0.285130719,
    "eps": 0.48,
    "epsdiluted": 0.48,
    "weightedAverageShsOut": 1289000000,
    "weightedAverageShsOutDil": 1294000000,
    "link": "https://www.sec.gov/Archives/edgar/data/316709/000031670920000054/0000316709-20-000054-index.htm",
    "finalLink": "https://www.sec.gov/Archives/edgar/data/316709/000031670920000054/schw-20200930.htm"
  },
  {
    "date": "2020-06-30",
    "symbol": "SCHW",
    "reportedCurrency": "USD",
    "cik": "0000316709",
    "fillingDate": "2020-08-07",
    "acceptedDate": "2020-08-07 18:37:33",
    "calendarYear": "2020",
    "period": "Q2",
    "revenue": 2450000000,
    "costOfRevenue": 0,
    "grossProfit": 2450000000,
    "grossProfitRatio": 1,
    "researchAndDevelopmentExpenses": 0,
    "generalAndAdministrativeExpenses": 933000000,
    "sellingAndMarketingExpenses": 70000000,
    "sellingGeneralAndAdministrativeExpenses": 1003000000,
    "otherExpenses": 1447000000,
    "operatingExpenses": 2450000000,
    "costAndExpenses": 2450000000,
    "interestIncome": 1486000000,
    "interestExpense": 97000000,
    "depreciationAndAmortization": 109000000,
    "ebitda": 0,
    "ebitdaratio": 0,
    "operatingIncome": 0,
    "operatingIncomeRatio": 0,
    "totalOtherIncomeExpensesNet": 888000000,
    "incomeBeforeTax": 888000000,
    "incomeBeforeTaxRatio": 0.3624489796,
    "incomeTaxExpense": 217000000,
    "netIncome": 671000000,
    "netIncomeRatio": 0.273877551,
    "eps": 0.48,
    "epsdiluted": 0.48,
    "weightedAverageShsOut": 1288000000,
    "weightedAverageShsOutDil": 1294000000,
    "link": "https://www.sec.gov/Archives/edgar/data/316709/000031670920000045/0000316709-20-000045-index.htm",
    "finalLink": "https://www.sec.gov/Archives/edgar/data/316709/000031670920000045/schw-06302020x10q.htm"
  },
  {
    "date": "2020-03-31",
    "symbol": "SCHW",
    "reportedCurrency": "USD",
    "cik": "0000316709",
    "fillingDate": "2020-05-08",
    "acceptedDate": "2020-05-08 16:49:58",
    "calendarYear": "2020",
    "period": "Q1",
    "revenue": 2617000000,
    "costOfRevenue": 0,
    "grossProfit": 2617000000,
    "grossProfitRatio": 1,
    "researchAndDevelopmentExpenses": 0,
    "generalAndAdministrativeExpenses": 1006000000,
    "sellingAndMarketingExpenses": 67000000,
    "sellingGeneralAndAdministrativeExpenses": 1073000000,
    "otherExpenses": 1544000000,
    "operatingExpenses": 2617000000,
    "costAndExpenses": 2617000000,
    "interestIncome": 1708000000,
    "interestExpense": 136000000,
    "depreciationAndAmortization": 96000000,
    "ebitda": 0,
    "ebitdaratio": 0,
    "operatingIncome": 0,
    "operatingIncomeRatio": 0,
    "totalOtherIncomeExpensesNet": 1047000000,
    "incomeBeforeTax": 1047000000,
    "incomeBeforeTaxRatio": 0.4000764234,
    "incomeTaxExpense": 252000000,
    "netIncome": 795000000,
    "netIncomeRatio": 0.3037829576,
    "eps": 0.59,
    "epsdiluted": 0.58,
    "weightedAverageShsOut": 1287000000,
    "weightedAverageShsOutDil": 1294000000,
    "link": "https://www.sec.gov/Archives/edgar/data/316709/000031670920000021/0000316709-20-000021-index.htm",
    "finalLink": "https://www.sec.gov/Archives/edgar/data/316709/000031670920000021/schw-03312020x10q.htm"
  },
  {
    "date": "2019-12-31",
    "symbol": "SCHW",
    "reportedCurrency": "USD",
    "cik": "0000316709",
    "fillingDate": "2020-02-26",
    "acceptedDate": "2020-02-26 17:31:13",
    "calendarYear": "2019",
    "period": "Q4",
    "revenue": 2606000000,
    "costOfRevenue": 0,
    "grossProfit": 2606000000,
    "grossProfitRatio": 1,
    "researchAndDevelopmentExpenses": 0,
    "generalAndAdministrativeExpenses": 902000000,
    "sellingAndMarketingExpenses": 90000000,
    "sellingGeneralAndAdministrativeExpenses": 992000000,
    "otherExpenses": 1614000000,
    "operatingExpenses": 2606000000,
    "costAndExpenses": 2606000000,
    "interestIncome": 1763000000,
    "interestExpense": 168000000,
    "depreciationAndAmortization": 94000000,
    "ebitda": 0,
    "ebitdaratio": 0,
    "operatingIncome": 0,
    "operatingIncomeRatio": 0,
    "totalOtherIncomeExpensesNet": 1112000000,
    "incomeBeforeTax": 1112000000,
    "incomeBeforeTaxRatio": 0.4267075979,
    "incomeTaxExpense": 260000000,
    "netIncome": 852000000,
    "netIncomeRatio": 0.3269378358,
    "eps": 0.62,
    "epsdiluted": 0.62,
    "weightedAverageShsOut": 1284000000,
    "weightedAverageShsOutDil": 1293000000,
    "link": "https://www.sec.gov/Archives/edgar/data/316709/000031670920000012/0000316709-20-000012-index.htm",
    "finalLink": "https://www.sec.gov/Archives/edgar/data/316709/000031670920000012/schw-12312019x10k.htm"
  },
  {
    "date": "2019-09-30",
    "symbol": "SCHW",
    "reportedCurrency": "USD",
    "cik": "0000316709",
    "fillingDate": "2019-11-07",
    "acceptedDate": "2019-11-07 16:33:57",
    "calendarYear": "2019",
    "period": "Q3",
    "revenue": 2711000000,
    "costOfRevenue": 0,
    "grossProfit": 2711000000,
    "grossProfitRatio": 1,
    "researchAndDevelopmentExpenses": 0,
    "generalAndAdministrativeExpenses": 950000000,
    "sellingAndMarketingExpenses": 71000000,
    "sellingGeneralAndAdministrativeExpenses": 1021000000,
    "otherExpenses": 1690000000,
    "operatingExpenses": 2711000000,
    "costAndExpenses": 2711000000,
    "interestIncome": 1892000000,
    "interestExpense": 261000000,
    "depreciationAndAmortization": 88000000,
    "ebitda": 0,
    "ebitdaratio": 0,
    "operatingIncome": 0,
    "operatingIncomeRatio": 0,
    "totalOtherIncomeExpensesNet": 1236000000,
    "incomeBeforeTax": 1236000000,
    "incomeBeforeTaxRatio": 0.4559203246,
    "incomeTaxExpense": 285000000,
    "netIncome": 951000000,
    "netIncomeRatio": 0.3507930653,
    "eps": 0.7,
    "epsdiluted": 0.7,
    "weightedAverageShsOut": 1300000000,
    "weightedAverageShsOutDil": 1308000000,
    "link": "https://www.sec.gov/Archives/edgar/data/316709/000031670919000052/0000316709-19-000052-index.htm",
    "finalLink": "https://www.sec.gov/Archives/edgar/data/316709/000031670919000052/schw-09302019x10q.htm"
  },
  {
    "date": "2019-06-30",
    "symbol": "SCHW",
    "reportedCurrency": "USD",
    "cik": "0000316709",
    "fillingDate": "2019-08-07",
    "acceptedDate": "2019-08-07 16:58:46",
    "calendarYear": "2019",
    "period": "Q2",
    "revenue": 2681000000,
    "costOfRevenue": 0,
    "grossProfit": 2681000000,
    "grossProfitRatio": 1,
    "researchAndDevelopmentExpenses": 0,
    "generalAndAdministrativeExpenses": 899000000,
    "sellingAndMarketingExpenses": 77000000,
    "sellingGeneralAndAdministrativeExpenses": 976000000,
    "otherExpenses": 1705000000,
    "operatingExpenses": 2681000000,
    "costAndExpenses": 2681000000,
    "interestIncome": 1927000000,
    "interestExpense": 318000000,
    "depreciationAndAmortization": 84000000,
    "ebitda": 0,
    "ebitdaratio": 0,
    "operatingIncome": 0,
    "operatingIncomeRatio": 0,
    "totalOtherIncomeExpensesNet": 1236000000,
    "incomeBeforeTax": 1236000000,
    "incomeBeforeTaxRatio": 0.4610220067,
    "incomeTaxExpense": 299000000,
    "netIncome": 937000000,
    "netIncomeRatio": 0.3494964565,
    "eps": 0.67,
    "epsdiluted": 0.66,
    "weightedAverageShsOut": 1328000000,
    "weightedAverageShsOutDil": 1337000000,
    "link": "https://www.sec.gov/Archives/edgar/data/316709/000031670919000039/0000316709-19-000039-index.htm",
    "finalLink": "https://www.sec.gov/Archives/edgar/data/316709/000031670919000039/schw-06302019x10q.htm"
  },
  {
    "date": "2019-03-31",
    "symbol": "SCHW",
    "reportedCurrency": "USD",
    "cik": "0000316709",
    "fillingDate": "2019-05-08",
    "acceptedDate": "2019-05-08 17:13:43",
    "calendarYear": "2019",
    "period": "Q1",
    "revenue": 2723000000,
    "costOfRevenue": 0,
    "grossProfit": 2723000000,
    "grossProfitRatio": 1,
    "researchAndDevelopmentExpenses": 0,
    "generalAndAdministrativeExpenses": 944000000,
    "sellingAndMarketingExpenses": 69000000,
    "sellingGeneralAndAdministrativeExpenses": 1013000000,
    "otherExpenses": 1710000000,
    "operatingExpenses": 2723000000,
    "costAndExpenses": 2723000000,
    "interestIncome": 1998000000,
    "interestExpense": 317000000,
    "depreciationAndAmortization": 83000000,
    "ebitda": 0,
    "ebitdaratio": 0,
    "operatingIncome": 0,
    "operatingIncomeRatio": 0,
    "totalOtherIncomeExpensesNet": 1264000000,
    "incomeBeforeTax": 1264000000,
    "incomeBeforeTaxRatio": 0.4641939038,
    "incomeTaxExpense": 300000000,
    "netIncome": 964000000,
    "netIncomeRatio": 0.3540213,
    "eps": 0.69,
    "epsdiluted": 0.69,
    "weightedAverageShsOut": 1333000000,
    "weightedAverageShsOutDil": 1344000000,
    "link": "https://www.sec.gov/Archives/edgar/data/316709/000031670919000017/0000316709-19-000017-index.htm",
    "finalLink": "https://www.sec.gov/Archives/edgar/data/316709/000031670919000017/schw-03312019x10q.htm"
  },
  {
    "date": "2018-12-31",
    "symbol": "SCHW",
    "reportedCurrency": "USD",
    "cik": "0000316709",
    "fillingDate": "2019-02-22",
    "acceptedDate": "2019-02-22 16:27:02",
    "calendarYear": "2018",
    "period": "Q4",
    "revenue": 2669000000,
    "costOfRevenue": 0,
    "grossProfit": 2669000000,
    "grossProfitRatio": 1,
    "researchAndDevelopmentExpenses": 0,
    "generalAndAdministrativeExpenses": 899000000,
    "sellingAndMarketingExpenses": 93000000,
    "sellingGeneralAndAdministrativeExpenses": 992000000,
    "otherExpenses": 1677000000,
    "operatingExpenses": 2669000000,
    "costAndExpenses": 2669000000,
    "interestIncome": 1914000000,
    "interestExpense": 288000000,
    "depreciationAndAmortization": 80000000,
    "ebitda": 0,
    "ebitdaratio": 0,
    "operatingIncome": 0,
    "operatingIncomeRatio": 0,
    "totalOtherIncomeExpensesNet": 1210000000,
    "incomeBeforeTax": 1210000000,
    "incomeBeforeTaxRatio": 0.4533533158,
    "incomeTaxExpense": 275000000,
    "netIncome": 935000000,
    "netIncomeRatio": 0.3503184713,
    "eps": 0.66,
    "epsdiluted": 0.65,
    "weightedAverageShsOut": 1343000000,
    "weightedAverageShsOutDil": 1354000000,
    "link": "https://www.sec.gov/Archives/edgar/data/316709/000031670919000008/0000316709-19-000008-index.htm",
    "finalLink": "https://www.sec.gov/Archives/edgar/data/316709/000031670919000008/schw-12312018x10k.htm"
  },
  {
    "date": "2018-09-30",
    "symbol": "SCHW",
    "reportedCurrency": "USD",
    "cik": "0000316709",
    "fillingDate": "2018-11-07",
    "acceptedDate": "2018-11-07 17:07:41",
    "calendarYear": "2018",
    "period": "Q3",
    "revenue": 2579000000,
    "costOfRevenue": 0,
    "grossProfit": 2579000000,
    "grossProfitRatio": 1,
    "researchAndDevelopmentExpenses": 0,
    "generalAndAdministrativeExpenses": 853000000,
    "sellingAndMarketingExpenses": 70000000,
    "sellingGeneralAndAdministrativeExpenses": 923000000,
    "otherExpenses": 1656000000,
    "operatingExpenses": 2579000000,
    "costAndExpenses": 2579000000,
    "interestIncome": 1755000000,
    "interestExpense": 228000000,
    "depreciationAndAmortization": 78000000,
    "ebitda": 0,
    "ebitdaratio": 0,
    "operatingIncome": 0,
    "operatingIncomeRatio": 0,
    "totalOtherIncomeExpensesNet": 1219000000,
    "incomeBeforeTax": 1219000000,
    "incomeBeforeTaxRatio": 0.4726638232,
    "incomeTaxExpense": 296000000,
    "netIncome": 923000000,
    "netIncomeRatio": 0.3578906553,
    "eps": 0.66,
    "epsdiluted": 0.65,
    "weightedAverageShsOut": 1351000000,
    "weightedAverageShsOutDil": 1364000000,
    "link": "https://www.sec.gov/Archives/edgar/data/316709/000031670918000054/0000316709-18-000054-index.htm",
    "finalLink": "https://www.sec.gov/Archives/edgar/data/316709/000031670918000054/schw-09302018x10q.htm"
  },
  {
    "date": "2018-06-30",
    "symbol": "SCHW",
    "reportedCurrency": "USD",
    "cik": "0000316709",
    "fillingDate": "2018-08-08",
    "acceptedDate": "2018-08-08 16:42:57",
    "calendarYear": "2018",
    "period": "Q2",
    "revenue": 2486000000,
    "costOfRevenue": 0,
    "grossProfit": 2486000000,
    "grossProfitRatio": 1,
    "researchAndDevelopmentExpenses": 0,
    "generalAndAdministrativeExpenses": 853000000,
    "sellingAndMarketingExpenses": 77000000,
    "sellingGeneralAndAdministrativeExpenses": 930000000,
    "otherExpenses": 1556000000,
    "operatingExpenses": 2486000000,
    "costAndExpenses": 2486000000,
    "interestIncome": 1590000000,
    "interestExpense": 183000000,
    "depreciationAndAmortization": 75000000,
    "ebitda": 0,
    "ebitdaratio": 0,
    "operatingIncome": 0,
    "operatingIncomeRatio": 0,
    "totalOtherIncomeExpensesNet": 1131000000,
    "incomeBeforeTax": 1131000000,
    "incomeBeforeTaxRatio": 0.4549477072,
    "incomeTaxExpense": 265000000,
    "netIncome": 866000000,
    "netIncomeRatio": 0.3483507643,
    "eps": 0.6,
    "epsdiluted": 0.6,
    "weightedAverageShsOut": 1350000000,
    "weightedAverageShsOutDil": 1364000000,
    "link": "https://www.sec.gov/Archives/edgar/data/316709/000031670918000040/0000316709-18-000040-index.htm",
    "finalLink": "https://www.sec.gov/Archives/edgar/data/316709/000031670918000040/schw-06302018x10q.htm"
  },
  {
    "date": "2018-03-31",
    "symbol": "SCHW",
    "reportedCurrency": "USD",
    "cik": "0000316709",
    "fillingDate": "2018-05-09",
    "acceptedDate": "2018-05-09 17:12:21",
    "calendarYear": "2018",
    "period": "Q1",
    "revenue": 2398000000,
    "costOfRevenue": 0,
    "grossProfit": 2398000000,
    "grossProfitRatio": 1,
    "researchAndDevelopmentExpenses": 0,
    "generalAndAdministrativeExpenses": 883000000,
    "sellingAndMarketingExpenses": 73000000,
    "sellingGeneralAndAdministrativeExpenses": 956000000,
    "otherExpenses": 1442000000,
    "operatingExpenses": 2398000000,
    "costAndExpenses": 2398000000,
    "interestIncome": 1421000000,
    "interestExpense": 158000000,
    "depreciationAndAmortization": 73000000,
    "ebitda": 0,
    "ebitdaratio": 0,
    "operatingIncome": 0,
    "operatingIncomeRatio": 0,
    "totalOtherIncomeExpensesNet": 1002000000,
    "incomeBeforeTax": 1002000000,
    "incomeBeforeTaxRatio": 0.4178482068,
    "incomeTaxExpense": 219000000,
    "netIncome": 783000000,
    "netIncomeRatio": 0.3265221018,
    "eps": 0.55,
    "epsdiluted": 0.55,
    "weightedAverageShsOut": 1347000000,
    "weightedAverageShsOutDil": 1362000000,
    "link": "https://www.sec.gov/Archives/edgar/data/316709/000031670918000024/0000316709-18-000024-index.htm",
    "finalLink": "https://www.sec.gov/Archives/edgar/data/316709/000031670918000024/schw-03312018x10q.htm"
  },
  {
    "date": "2017-12-31",
    "symbol": "SCHW",
    "reportedCurrency": "USD",
    "cik": "0000316709",
    "fillingDate": "2018-02-22",
    "acceptedDate": "2018-02-22 17:15:24",
    "calendarYear": "2017",
    "period": "Q4",
    "revenue": 2242000000,
    "costOfRevenue": 0,
    "grossProfit": 2242000000,
    "grossProfitRatio": 1,
    "researchAndDevelopmentExpenses": 0,
    "generalAndAdministrativeExpenses": 950000000,
    "sellingAndMarketingExpenses": 63000000,
    "sellingGeneralAndAdministrativeExpenses": 1013000000,
    "otherExpenses": 1229000000,
    "operatingExpenses": 2242000000,
    "costAndExpenses": 2242000000,
    "interestIncome": 1266000000,
    "interestExpense": 119000000,
    "depreciationAndAmortization": 69000000,
    "ebitda": 0,
    "ebitdaratio": 0,
    "operatingIncome": 0,
    "operatingIncomeRatio": 0,
    "totalOtherIncomeExpensesNet": 953000000,
    "incomeBeforeTax": 953000000,
    "incomeBeforeTaxRatio": 0.4250669045,
    "incomeTaxExpense": 356000000,
    "netIncome": 597000000,
    "netIncomeRatio": 0.266280107,
    "eps": 0.41,
    "epsdiluted": 0.41,
    "weightedAverageShsOut": 1343000000,
    "weightedAverageShsOutDil": 1358000000,
    "link": "https://www.sec.gov/Archives/edgar/data/316709/000031670918000009/0000316709-18-000009-index.htm",
    "finalLink": "https://www.sec.gov/Archives/edgar/data/316709/000031670918000009/schw-12312017x10k.htm"
  },
  {
    "date": "2017-09-30",
    "symbol": "SCHW",
    "reportedCurrency": "USD",
    "cik": "0000316709",
    "fillingDate": "2017-11-07",
    "acceptedDate": "2017-11-07 16:35:08",
    "calendarYear": "2017",
    "period": "Q3",
    "revenue": 2165000000,
    "costOfRevenue": 0,
    "grossProfit": 2165000000,
    "grossProfitRatio": 1,
    "researchAndDevelopmentExpenses": 0,
    "generalAndAdministrativeExpenses": 761000000,
    "sellingAndMarketingExpenses": 63000000,
    "sellingGeneralAndAdministrativeExpenses": 824000000,
    "otherExpenses": 1341000000,
    "operatingExpenses": 2165000000,
    "costAndExpenses": 2165000000,
    "interestIncome": 1176000000,
    "interestExpense": 94000000,
    "depreciationAndAmortization": 69000000,
    "ebitda": 0,
    "ebitdaratio": 0,
    "operatingIncome": 0,
    "operatingIncomeRatio": 0,
    "totalOtherIncomeExpensesNet": 945000000,
    "incomeBeforeTax": 945000000,
    "incomeBeforeTaxRatio": 0.4364896074,
    "incomeTaxExpense": 327000000,
    "netIncome": 618000000,
    "netIncomeRatio": 0.2854503464,
    "eps": 0.43,
    "epsdiluted": 0.42,
    "weightedAverageShsOut": 1339000000,
    "weightedAverageShsOutDil": 1353000000,
    "link": "https://www.sec.gov/Archives/edgar/data/316709/000031670917000061/0000316709-17-000061-index.htm",
    "finalLink": "https://www.sec.gov/Archives/edgar/data/316709/000031670917000061/schw-09302017x10q.htm"
  },
  {
    "date": "2017-06-30",
    "symbol": "SCHW",
    "reportedCurrency": "USD",
    "cik": "0000316709",
    "fillingDate": "2017-08-07",
    "acceptedDate": "2017-08-07 16:48:47",
    "calendarYear": "2017",
    "period": "Q2",
    "revenue": 2130000000,
    "costOfRevenue": 0,
    "grossProfit": 2130000000,
    "grossProfitRatio": 1,
    "researchAndDevelopmentExpenses": 0,
    "generalAndAdministrativeExpenses": 767000000,
    "sellingAndMarketingExpenses": 71000000,
    "sellingGeneralAndAdministrativeExpenses": 838000000,
    "otherExpenses": 1292000000,
    "operatingExpenses": 2130000000,
    "costAndExpenses": 2130000000,
    "interestIncome": 1127000000,
    "interestExpense": 74000000,
    "depreciationAndAmortization": 66000000,
    "ebitda": 0,
    "ebitdaratio": 0,
    "operatingIncome": 0,
    "operatingIncomeRatio": 0,
    "totalOtherIncomeExpensesNet": 909000000,
    "incomeBeforeTax": 909000000,
    "incomeBeforeTaxRatio": 0.4267605634,
    "incomeTaxExpense": 334000000,
    "netIncome": 575000000,
    "netIncomeRatio": 0.2699530516,
    "eps": 0.4,
    "epsdiluted": 0.39,
    "weightedAverageShsOut": 1338000000,
    "weightedAverageShsOutDil": 1351000000,
    "link": "https://www.sec.gov/Archives/edgar/data/316709/000031670917000034/0000316709-17-000034-index.htm",
    "finalLink": "https://www.sec.gov/Archives/edgar/data/316709/000031670917000034/schw-06302017x10q.htm"
  },
  {
    "date": "2017-03-31",
    "symbol": "SCHW",
    "reportedCurrency": "USD",
    "cik": "0000316709",
    "fillingDate": "2017-05-08",
    "acceptedDate": "2017-05-08 16:55:25",
    "calendarYear": "2017",
    "period": "Q1",
    "revenue": 2081000000,
    "costOfRevenue": 0,
    "grossProfit": 2081000000,
    "grossProfitRatio": 1,
    "researchAndDevelopmentExpenses": 0,
    "generalAndAdministrativeExpenses": 802000000,
    "sellingAndMarketingExpenses": 71000000,
    "sellingGeneralAndAdministrativeExpenses": 873000000,
    "otherExpenses": 1208000000,
    "operatingExpenses": 2081000000,
    "costAndExpenses": 2081000000,
    "interestIncome": 1055000000,
    "interestExpense": 55000000,
    "depreciationAndAmortization": 65000000,
    "ebitda": 0,
    "ebitdaratio": 0,
    "operatingIncome": 0,
    "operatingIncomeRatio": 0,
    "totalOtherIncomeExpensesNet": 843000000,
    "incomeBeforeTax": 843000000,
    "incomeBeforeTaxRatio": 0.4050937049,
    "incomeTaxExpense": 279000000,
    "netIncome": 564000000,
    "netIncomeRatio": 0.2710235464,
    "eps": 0.39,
    "epsdiluted": 0.39,
    "weightedAverageShsOut": 1336000000,
    "weightedAverageShsOutDil": 1351000000,
    "link": "https://www.sec.gov/Archives/edgar/data/316709/000031670917000020/0000316709-17-000020-index.htm",
    "finalLink": "https://www.sec.gov/Archives/edgar/data/316709/000031670917000020/schw-03312017x10q.htm"
  },
  {
    "date": "2016-12-31",
    "symbol": "SCHW",
    "reportedCurrency": "USD",
    "cik": "0000316709",
    "fillingDate": "2017-02-23",
    "acceptedDate": "2017-02-23 17:22:58",
    "calendarYear": "2016",
    "period": "Q4",
    "revenue": 1972000000,
    "costOfRevenue": 0,
    "grossProfit": 1972000000,
    "grossProfitRatio": 1,
    "researchAndDevelopmentExpenses": 0,
    "generalAndAdministrativeExpenses": 687000000,
    "sellingAndMarketingExpenses": 61000000,
    "sellingGeneralAndAdministrativeExpenses": 748000000,
    "otherExpenses": 1224000000,
    "operatingExpenses": 1972000000,
    "costAndExpenses": 1972000000,
    "interestIncome": 952000000,
    "interestExpense": 45000000,
    "depreciationAndAmortization": 61000000,
    "ebitda": 0,
    "ebitdaratio": 0,
    "operatingIncome": 0,
    "operatingIncomeRatio": 0,
    "totalOtherIncomeExpensesNet": 824000000,
    "incomeBeforeTax": 824000000,
    "incomeBeforeTaxRatio": 0.4178498986,
    "incomeTaxExpense": 302000000,
    "netIncome": 522000000,
    "netIncomeRatio": 0.2647058824,
    "eps": 0.36,
    "epsdiluted": 0.36,
    "weightedAverageShsOut": 1329000000,
    "weightedAverageShsOutDil": 1341000000,
    "link": "https://www.sec.gov/Archives/edgar/data/316709/000031670917000010/0000316709-17-000010-index.htm",
    "finalLink": "https://www.sec.gov/Archives/edgar/data/316709/000031670917000010/schw-20161231x10k.htm"
  },
  {
    "date": "2016-09-30",
    "symbol": "SCHW",
    "reportedCurrency": "USD",
    "cik": "0000316709",
    "fillingDate": "2016-11-07",
    "acceptedDate": "2016-11-07 16:25:08",
    "calendarYear": "2016",
    "period": "Q3",
    "revenue": 1909000000,
    "costOfRevenue": 0,
    "grossProfit": 1909000000,
    "grossProfitRatio": 1,
    "researchAndDevelopmentExpenses": 0,
    "generalAndAdministrativeExpenses": 666000000,
    "sellingAndMarketingExpenses": 64000000,
    "sellingGeneralAndAdministrativeExpenses": 730000000,
    "otherExpenses": 1179000000,
    "operatingExpenses": 1909000000,
    "costAndExpenses": 1909000000,
    "interestIncome": 891000000,
    "interestExpense": 46000000,
    "depreciationAndAmortization": 60000000,
    "ebitda": 0,
    "ebitdaratio": 0,
    "operatingIncome": 0,
    "operatingIncomeRatio": 0,
    "totalOtherIncomeExpensesNet": 794000000,
    "incomeBeforeTax": 794000000,
    "incomeBeforeTaxRatio": 0.4159245678,
    "incomeTaxExpense": 291000000,
    "netIncome": 503000000,
    "netIncomeRatio": 0.2634887376,
    "eps": 0.36,
    "epsdiluted": 0.35,
    "weightedAverageShsOut": 1324000000,
    "weightedAverageShsOutDil": 1334000000,
    "link": "https://www.sec.gov/Archives/edgar/data/316709/000031670916000101/0000316709-16-000101-index.htm",
    "finalLink": "https://www.sec.gov/Archives/edgar/data/316709/000031670916000101/schw-20160930x10q.htm"
  },
  {
    "date": "2016-06-30",
    "symbol": "SCHW",
    "reportedCurrency": "USD",
    "cik": "0000316709",
    "fillingDate": "2016-08-05",
    "acceptedDate": "2016-08-05 16:08:50",
    "calendarYear": "2016",
    "period": "Q2",
    "revenue": 1826000000,
    "costOfRevenue": 0,
    "grossProfit": 1826000000,
    "grossProfitRatio": 1,
    "researchAndDevelopmentExpenses": 0,
    "generalAndAdministrativeExpenses": 664000000,
    "sellingAndMarketingExpenses": 70000000,
    "sellingGeneralAndAdministrativeExpenses": 734000000,
    "otherExpenses": 1092000000,
    "operatingExpenses": 1826000000,
    "costAndExpenses": 1826000000,
    "interestIncome": 840000000,
    "interestExpense": 42000000,
    "depreciationAndAmortization": 57000000,
    "ebitda": 0,
    "ebitdaratio": 0,
    "operatingIncome": 0,
    "operatingIncomeRatio": 0,
    "totalOtherIncomeExpensesNet": 720000000,
    "incomeBeforeTax": 720000000,
    "incomeBeforeTaxRatio": 0.3943044907,
    "incomeTaxExpense": 268000000,
    "netIncome": 452000000,
    "netIncomeRatio": 0.2475355969,
    "eps": 0.31,
    "epsdiluted": 0.3,
    "weightedAverageShsOut": 1322000000,
    "weightedAverageShsOutDil": 1333000000,
    "link": "https://www.sec.gov/Archives/edgar/data/316709/000031670916000093/0000316709-16-000093-index.htm",
    "finalLink": "https://www.sec.gov/Archives/edgar/data/316709/000031670916000093/schw-20160630x10q.htm"
  },
  {
    "date": "2016-03-31",
    "symbol": "SCHW",
    "reportedCurrency": "USD",
    "cik": "0000316709",
    "fillingDate": "2016-05-06",
    "acceptedDate": "2016-05-06 16:36:45",
    "calendarYear": "2016",
    "period": "Q1",
    "revenue": 1766000000,
    "costOfRevenue": 0,
    "grossProfit": 1766000000,
    "grossProfitRatio": 1,
    "researchAndDevelopmentExpenses": 0,
    "generalAndAdministrativeExpenses": 686000000,
    "sellingAndMarketingExpenses": 0,
    "sellingGeneralAndAdministrativeExpenses": 756000000,
    "otherExpenses": 1010000000,
    "operatingExpenses": 1766000000,
    "costAndExpenses": 1766000000,
    "interestIncome": 810000000,
    "interestExpense": 38000000,
    "depreciationAndAmortization": 56000000,
    "ebitda": 0,
    "ebitdaratio": 0,
    "operatingIncome": 0,
    "operatingIncomeRatio": 0,
    "totalOtherIncomeExpensesNet": 655000000,
    "incomeBeforeTax": 655000000,
    "incomeBeforeTaxRatio": 0.3708946772,
    "incomeTaxExpense": 243000000,
    "netIncome": 412000000,
    "netIncomeRatio": 0.2332955832,
    "eps": 0.3,
    "epsdiluted": 0.29,
    "weightedAverageShsOut": 1321000000,
    "weightedAverageShsOutDil": 1330000000,
    "link": "https://www.sec.gov/Archives/edgar/data/316709/000031670916000078/0000316709-16-000078-index.htm",
    "finalLink": "https://www.sec.gov/Archives/edgar/data/316709/000031670916000078/schw-20160331x10q.htm"
  },
  {
    "date": "2015-12-31",
    "symbol": "SCHW",
    "reportedCurrency": "USD",
    "cik": "0000316709",
    "fillingDate": "2016-02-24",
    "acceptedDate": "2016-02-24 17:17:09",
    "calendarYear": "2015",
    "period": "Q4",
    "revenue": 1691000000,
    "costOfRevenue": 0,
    "grossProfit": 1691000000,
    "grossProfitRatio": 1,
    "researchAndDevelopmentExpenses": 0,
    "generalAndAdministrativeExpenses": 630000000,
    "sellingAndMarketingExpenses": 60000000,
    "sellingGeneralAndAdministrativeExpenses": 690000000,
    "otherExpenses": 1001000000,
    "operatingExpenses": 1691000000,
    "costAndExpenses": 1691000000,
    "interestIncome": 726000000,
    "interestExpense": 36000000,
    "depreciationAndAmortization": 58000000,
    "ebitda": 0,
    "ebitdaratio": 0,
    "operatingIncome": 0,
    "operatingIncomeRatio": 0,
    "totalOtherIncomeExpensesNet": 645000000,
    "incomeBeforeTax": 645000000,
    "incomeBeforeTaxRatio": 0.3814311059,
    "incomeTaxExpense": 229000000,
    "netIncome": 416000000,
    "netIncomeRatio": 0.2460082791,
    "eps": 0.29,
    "epsdiluted": 0.28,
    "weightedAverageShsOut": 1319000000,
    "weightedAverageShsOutDil": 1330000000,
    "link": "https://www.sec.gov/Archives/edgar/data/316709/000031670916000067/0000316709-16-000067-index.htm",
    "finalLink": "https://www.sec.gov/Archives/edgar/data/316709/000031670916000067/schw-20151231x10k.htm"
  },
  {
    "date": "2015-09-30",
    "symbol": "SCHW",
    "reportedCurrency": "USD",
    "cik": "0000316709",
    "fillingDate": "2015-11-05",
    "acceptedDate": "2015-11-05 16:28:22",
    "calendarYear": "2015",
    "period": "Q3",
    "revenue": 1592000000,
    "costOfRevenue": 0,
    "grossProfit": 1592000000,
    "grossProfitRatio": 1,
    "researchAndDevelopmentExpenses": 0,
    "generalAndAdministrativeExpenses": 606000000,
    "sellingAndMarketingExpenses": 58000000,
    "sellingGeneralAndAdministrativeExpenses": 664000000,
    "otherExpenses": 928000000,
    "operatingExpenses": 1592000000,
    "costAndExpenses": 1592000000,
    "interestIncome": 669000000,
    "interestExpense": 34000000,
    "depreciationAndAmortization": 57000000,
    "ebitda": 0,
    "ebitdaratio": 0,
    "operatingIncome": 0,
    "operatingIncomeRatio": 0,
    "totalOtherIncomeExpensesNet": 583000000,
    "incomeBeforeTax": 583000000,
    "incomeBeforeTaxRatio": 0.3662060302,
    "incomeTaxExpense": 207000000,
    "netIncome": 376000000,
    "netIncomeRatio": 0.2361809045,
    "eps": 0.28,
    "epsdiluted": 0.28,
    "weightedAverageShsOut": 1316000000,
    "weightedAverageShsOutDil": 1328000000,
    "link": "https://www.sec.gov/Archives/edgar/data/316709/000031670915000056/0000316709-15-000056-index.htm",
    "finalLink": "https://www.sec.gov/Archives/edgar/data/316709/000031670915000056/schw-20150930x10q.htm"
  },
  {
    "date": "2015-06-30",
    "symbol": "SCHW",
    "reportedCurrency": "USD",
    "cik": "0000316709",
    "fillingDate": "2015-08-06",
    "acceptedDate": "2015-08-06 16:24:05",
    "calendarYear": "2015",
    "period": "Q2",
    "revenue": 1564000000,
    "costOfRevenue": 0,
    "grossProfit": 1564000000,
    "grossProfitRatio": 1,
    "researchAndDevelopmentExpenses": 0,
    "generalAndAdministrativeExpenses": 599000000,
    "sellingAndMarketingExpenses": 0,
    "sellingGeneralAndAdministrativeExpenses": 661000000,
    "otherExpenses": 903000000,
    "operatingExpenses": 1564000000,
    "costAndExpenses": 1564000000,
    "interestIncome": 645000000,
    "interestExpense": 33000000,
    "depreciationAndAmortization": 55000000,
    "ebitda": 0,
    "ebitdaratio": 0,
    "operatingIncome": 0,
    "operatingIncomeRatio": 0,
    "totalOtherIncomeExpensesNet": 567000000,
    "incomeBeforeTax": 567000000,
    "incomeBeforeTaxRatio": 0.3625319693,
    "incomeTaxExpense": 214000000,
    "netIncome": 353000000,
    "netIncomeRatio": 0.2257033248,
    "eps": 0.25,
    "epsdiluted": 0.25,
    "weightedAverageShsOut": 1314000000,
    "weightedAverageShsOutDil": 1326000000,
    "link": "https://www.sec.gov/Archives/edgar/data/316709/000031670915000043/0000316709-15-000043-index.htm",
    "finalLink": "https://www.sec.gov/Archives/edgar/data/316709/000031670915000043/schw-20150630x10q.htm"
  },
  {
    "date": "2015-03-31",
    "symbol": "SCHW",
    "reportedCurrency": "USD",
    "cik": "0000316709",
    "fillingDate": "2015-05-07",
    "acceptedDate": "2015-05-07 16:25:48",
    "calendarYear": "2015",
    "period": "Q1",
    "revenue": 1522000000,
    "costOfRevenue": 0,
    "grossProfit": 1522000000,
    "grossProfitRatio": 1,
    "researchAndDevelopmentExpenses": 0,
    "generalAndAdministrativeExpenses": 639000000,
    "sellingAndMarketingExpenses": 0,
    "sellingGeneralAndAdministrativeExpenses": 708000000,
    "otherExpenses": 814000000,
    "operatingExpenses": 1522000000,
    "costAndExpenses": 1522000000,
    "interestIncome": 617000000,
    "interestExpense": 29000000,
    "depreciationAndAmortization": 54000000,
    "ebitda": 0,
    "ebitdaratio": 0,
    "operatingIncome": 0,
    "operatingIncomeRatio": 0,
    "totalOtherIncomeExpensesNet": 484000000,
    "incomeBeforeTax": 484000000,
    "incomeBeforeTaxRatio": 0.3180026281,
    "incomeTaxExpense": 182000000,
    "netIncome": 302000000,
    "netIncomeRatio": 0.1984231275,
    "eps": 0.22,
    "epsdiluted": 0.22,
    "weightedAverageShsOut": 1312000000,
    "weightedAverageShsOutDil": 1323000000,
    "link": "https://www.sec.gov/Archives/edgar/data/316709/000031670915000023/0000316709-15-000023-index.htm",
    "finalLink": "https://www.sec.gov/Archives/edgar/data/316709/000031670915000023/schw-20150331x10q.htm"
  },
  {
    "date": "2014-12-31",
    "symbol": "SCHW",
    "reportedCurrency": "USD",
    "cik": "0000316709",
    "fillingDate": "2015-02-23",
    "acceptedDate": "2015-02-23 16:35:14",
    "calendarYear": "2014",
    "period": "Q4",
    "revenue": 1554000000,
    "costOfRevenue": 0,
    "grossProfit": 1554000000,
    "grossProfitRatio": 1,
    "researchAndDevelopmentExpenses": 0,
    "generalAndAdministrativeExpenses": 598000000,
    "sellingAndMarketingExpenses": 58000000,
    "sellingGeneralAndAdministrativeExpenses": 656000000,
    "otherExpenses": 898000000,
    "operatingExpenses": 1554000000,
    "costAndExpenses": 1554000000,
    "interestIncome": 607000000,
    "interestExpense": 23000000,
    "depreciationAndAmortization": 54000000,
    "ebitda": 0,
    "ebitdaratio": 0,
    "operatingIncome": 0,
    "operatingIncomeRatio": 0,
    "totalOtherIncomeExpensesNet": 554000000,
    "incomeBeforeTax": 554000000,
    "incomeBeforeTaxRatio": 0.3564993565,
    "incomeTaxExpense": 204000000,
    "netIncome": 350000000,
    "netIncomeRatio": 0.2252252252,
    "eps": 0.25,
    "epsdiluted": 0.25,
    "weightedAverageShsOut": 1316000000,
    "weightedAverageShsOutDil": 1320000000,
    "link": "https://www.sec.gov/Archives/edgar/data/316709/000031670915000014/0000316709-15-000014-index.htm",
    "finalLink": "https://www.sec.gov/Archives/edgar/data/316709/000031670915000014/schw-20141231x10k.htm"
  },
  {
    "date": "2014-09-30",
    "symbol": "SCHW",
    "reportedCurrency": "USD",
    "cik": "0000316709",
    "fillingDate": "2014-11-06",
    "acceptedDate": "2014-11-06 15:13:57",
    "calendarYear": "2014",
    "period": "Q3",
    "revenue": 1550000000,
    "costOfRevenue": 0,
    "grossProfit": 1550000000,
    "grossProfitRatio": 1,
    "researchAndDevelopmentExpenses": 0,
    "generalAndAdministrativeExpenses": 648000000,
    "sellingAndMarketingExpenses": 0,
    "sellingGeneralAndAdministrativeExpenses": 707000000,
    "otherExpenses": 843000000,
    "operatingExpenses": 1550000000,
    "costAndExpenses": 1550000000,
    "interestIncome": 600000000,
    "interestExpense": 27000000,
    "depreciationAndAmortization": 49000000,
    "ebitda": 0,
    "ebitdaratio": 0,
    "operatingIncome": 0,
    "operatingIncomeRatio": 0,
    "totalOtherIncomeExpensesNet": 518000000,
    "incomeBeforeTax": 518000000,
    "incomeBeforeTaxRatio": 0.3341935484,
    "incomeTaxExpense": 197000000,
    "netIncome": 321000000,
    "netIncomeRatio": 0.2070967742,
    "eps": 0.24,
    "epsdiluted": 0.24,
    "weightedAverageShsOut": 1304000000,
    "weightedAverageShsOutDil": 1316000000,
    "link": "https://www.sec.gov/Archives/edgar/data/316709/000031670914000039/0000316709-14-000039-index.htm",
    "finalLink": "https://www.sec.gov/Archives/edgar/data/316709/000031670914000039/schw-20140930x10q.htm"
  },
  {
    "date": "2014-06-30",
    "symbol": "SCHW",
    "reportedCurrency": "USD",
    "cik": "0000316709",
    "fillingDate": "2014-08-07",
    "acceptedDate": "2014-08-07 14:22:29",
    "calendarYear": "2014",
    "period": "Q2",
    "revenue": 1471000000,
    "costOfRevenue": 0,
    "grossProfit": 1471000000,
    "grossProfitRatio": 1,
    "researchAndDevelopmentExpenses": 0,
    "generalAndAdministrativeExpenses": 577000000,
    "sellingAndMarketingExpenses": 0,
    "sellingGeneralAndAdministrativeExpenses": 642000000,
    "otherExpenses": 829000000,
    "operatingExpenses": 1471000000,
    "costAndExpenses": 1471000000,
    "interestIncome": 588000000,
    "interestExpense": 26000000,
    "depreciationAndAmortization": 48000000,
    "ebitda": 0,
    "ebitdaratio": 0,
    "operatingIncome": 0,
    "operatingIncomeRatio": 0,
    "totalOtherIncomeExpensesNet": 521000000,
    "incomeBeforeTax": 521000000,
    "incomeBeforeTaxRatio": 0.3541808294,
    "incomeTaxExpense": 197000000,
    "netIncome": 324000000,
    "netIncomeRatio": 0.2202583277,
    "eps": 0.23,
    "epsdiluted": 0.23,
    "weightedAverageShsOut": 1302000000,
    "weightedAverageShsOutDil": 1313000000,
    "link": "https://www.sec.gov/Archives/edgar/data/316709/000031670914000024/0000316709-14-000024-index.htm",
    "finalLink": "https://www.sec.gov/Archives/edgar/data/316709/000031670914000024/schw-20140630x10q.htm"
  },
  {
    "date": "2014-03-31",
    "symbol": "SCHW",
    "reportedCurrency": "USD",
    "cik": "0000316709",
    "fillingDate": "2014-05-07",
    "acceptedDate": "2014-05-07 14:45:34",
    "calendarYear": "2014",
    "period": "Q1",
    "revenue": 1479000000,
    "costOfRevenue": 0,
    "grossProfit": 1479000000,
    "grossProfitRatio": 1,
    "researchAndDevelopmentExpenses": 0,
    "generalAndAdministrativeExpenses": 584000000,
    "sellingAndMarketingExpenses": 0,
    "sellingGeneralAndAdministrativeExpenses": 647000000,
    "otherExpenses": 832000000,
    "operatingExpenses": 1479000000,
    "costAndExpenses": 1479000000,
    "interestIncome": 579000000,
    "interestExpense": 26000000,
    "depreciationAndAmortization": 48000000,
    "ebitda": 0,
    "ebitdaratio": 0,
    "operatingIncome": 0,
    "operatingIncomeRatio": 0,
    "totalOtherIncomeExpensesNet": 522000000,
    "incomeBeforeTax": 522000000,
    "incomeBeforeTaxRatio": 0.3529411765,
    "incomeTaxExpense": 196000000,
    "netIncome": 326000000,
    "netIncomeRatio": 0.2204192022,
    "eps": 0.24,
    "epsdiluted": 0.24,
    "weightedAverageShsOut": 1299000000,
    "weightedAverageShsOutDil": 1311000000,
    "link": "https://www.sec.gov/Archives/edgar/data/316709/000031670914000012/0000316709-14-000012-index.htm",
    "finalLink": "https://www.sec.gov/Archives/edgar/data/316709/000031670914000012/schw-20140331x10q.htm"
  },
  {
    "date": "2013-12-31",
    "symbol": "SCHW",
    "reportedCurrency": "USD",
    "cik": "0000316709",
    "fillingDate": "2014-02-24",
    "acceptedDate": "2014-02-24 15:26:41",
    "calendarYear": "2013",
    "period": "Q4",
    "revenue": 1433000000,
    "costOfRevenue": 0,
    "grossProfit": 1433000000,
    "grossProfitRatio": 1,
    "researchAndDevelopmentExpenses": 0,
    "generalAndAdministrativeExpenses": 570000000,
    "sellingAndMarketingExpenses": 0,
    "sellingGeneralAndAdministrativeExpenses": 629000000,
    "otherExpenses": 804000000,
    "operatingExpenses": 1433000000,
    "costAndExpenses": 1433000000,
    "interestIncome": 558000000,
    "interestExpense": 26000000,
    "depreciationAndAmortization": 49000000,
    "ebitda": 0,
    "ebitdaratio": 0,
    "operatingIncome": 0,
    "operatingIncomeRatio": 0,
    "totalOtherIncomeExpensesNet": 498000000,
    "incomeBeforeTax": 498000000,
    "incomeBeforeTaxRatio": 0.3475226797,
    "incomeTaxExpense": 179000000,
    "netIncome": 319000000,
    "netIncomeRatio": 0.2226099093,
    "eps": 0.23,
    "epsdiluted": 0.23,
    "weightedAverageShsOut": 1291304348,
    "weightedAverageShsOutDil": 1304000000,
    "link": "https://www.sec.gov/Archives/edgar/data/316709/000031670914000005/0000316709-14-000005-index.htm",
    "finalLink": "https://www.sec.gov/Archives/edgar/data/316709/000031670914000005/schw-20131231x10k.htm"
  },
  {
    "date": "2013-09-30",
    "symbol": "SCHW",
    "reportedCurrency": "USD",
    "cik": "0000316709",
    "fillingDate": "2013-11-06",
    "acceptedDate": "2013-11-06 15:53:10",
    "calendarYear": "2013",
    "period": "Q3",
    "revenue": 1369000000,
    "costOfRevenue": 0,
    "grossProfit": 1369000000,
    "grossProfitRatio": 1,
    "researchAndDevelopmentExpenses": 0,
    "generalAndAdministrativeExpenses": 537000000,
    "sellingAndMarketingExpenses": 0,
    "sellingGeneralAndAdministrativeExpenses": 594000000,
    "otherExpenses": 775000000,
    "operatingExpenses": 1369000000,
    "costAndExpenses": 1369000000,
    "interestIncome": 531000000,
    "interestExpense": 25000000,
    "depreciationAndAmortization": 51000000,
    "ebitda": 0,
    "ebitdaratio": 0,
    "operatingIncome": 0,
    "operatingIncomeRatio": 0,
    "totalOtherIncomeExpensesNet": 464000000,
    "incomeBeforeTax": 464000000,
    "incomeBeforeTaxRatio": 0.3389335281,
    "incomeTaxExpense": 174000000,
    "netIncome": 290000000,
    "netIncomeRatio": 0.2118334551,
    "eps": 0.22,
    "epsdiluted": 0.22,
    "weightedAverageShsOut": 1287000000,
    "weightedAverageShsOutDil": 1296000000,
    "link": "https://www.sec.gov/Archives/edgar/data/316709/000031670913000020/0000316709-13-000020-index.htm",
    "finalLink": "https://www.sec.gov/Archives/edgar/data/316709/000031670913000020/schw-20130930x10q.htm"
  },
  {
    "date": "2013-06-30",
    "symbol": "SCHW",
    "reportedCurrency": "USD",
    "cik": "0000316709",
    "fillingDate": "2013-08-06",
    "acceptedDate": "2013-08-06 16:22:46",
    "calendarYear": "2013",
    "period": "Q2",
    "revenue": 1336000000,
    "costOfRevenue": 0,
    "grossProfit": 1336000000,
    "grossProfitRatio": 1,
    "researchAndDevelopmentExpenses": 0,
    "generalAndAdministrativeExpenses": 550000000,
    "sellingAndMarketingExpenses": 67000000,
    "sellingGeneralAndAdministrativeExpenses": 617000000,
    "otherExpenses": 719000000,
    "operatingExpenses": 1336000000,
    "costAndExpenses": 1336000000,
    "interestIncome": 499000000,
    "interestExpense": 26000000,
    "depreciationAndAmortization": 51000000,
    "ebitda": 0,
    "ebitdaratio": 0,
    "operatingIncome": 0,
    "operatingIncomeRatio": 0,
    "totalOtherIncomeExpensesNet": 412000000,
    "incomeBeforeTax": 412000000,
    "incomeBeforeTaxRatio": 0.3083832335,
    "incomeTaxExpense": 156000000,
    "netIncome": 256000000,
    "netIncomeRatio": 0.1916167665,
    "eps": 0.18,
    "epsdiluted": 0.18,
    "weightedAverageShsOut": 1282000000,
    "weightedAverageShsOutDil": 1288000000,
    "link": "https://www.sec.gov/Archives/edgar/data/316709/000031670913000013/0000316709-13-000013-index.htm",
    "finalLink": "https://www.sec.gov/Archives/edgar/data/316709/000031670913000013/schw-20130630x10q.htm"
  },
  {
    "date": "2013-03-31",
    "symbol": "SCHW",
    "reportedCurrency": "USD",
    "cik": "0000316709",
    "fillingDate": "2013-05-07",
    "acceptedDate": "2013-05-07 13:24:34",
    "calendarYear": "2013",
    "period": "Q1",
    "revenue": 1296000000,
    "costOfRevenue": 0,
    "grossProfit": 1296000000,
    "grossProfitRatio": 1,
    "researchAndDevelopmentExpenses": 0,
    "generalAndAdministrativeExpenses": 590000000,
    "sellingAndMarketingExpenses": 0,
    "sellingGeneralAndAdministrativeExpenses": 664000000,
    "otherExpenses": 632000000,
    "operatingExpenses": 1296000000,
    "costAndExpenses": 1296000000,
    "interestIncome": 497000000,
    "interestExpense": 28000000,
    "depreciationAndAmortization": 51000000,
    "ebitda": 0,
    "ebitdaratio": 0,
    "operatingIncome": 0,
    "operatingIncomeRatio": 0,
    "totalOtherIncomeExpensesNet": 331000000,
    "incomeBeforeTax": 331000000,
    "incomeBeforeTaxRatio": 0.2554012346,
    "incomeTaxExpense": 125000000,
    "netIncome": 206000000,
    "netIncomeRatio": 0.1589506173,
    "eps": 0.15,
    "epsdiluted": 0.15,
    "weightedAverageShsOut": 1279000000,
    "weightedAverageShsOutDil": 1282000000,
    "link": "https://www.sec.gov/Archives/edgar/data/316709/000119312513203772/0001193125-13-203772-index.htm",
    "finalLink": "https://www.sec.gov/Archives/edgar/data/316709/000119312513203772/d511136d10q.htm"
  },
  {
    "date": "2012-12-31",
    "symbol": "SCHW",
    "reportedCurrency": "USD",
    "cik": "0000316709",
    "fillingDate": "2013-02-22",
    "acceptedDate": "2013-02-22 16:58:36",
    "calendarYear": "2012",
    "period": "Q4",
    "revenue": 1189000000,
    "costOfRevenue": 0,
    "grossProfit": 1189000000,
    "grossProfitRatio": 1,
    "researchAndDevelopmentExpenses": 0,
    "generalAndAdministrativeExpenses": 504000000,
    "sellingAndMarketingExpenses": 68000000,
    "sellingGeneralAndAdministrativeExpenses": 572000000,
    "otherExpenses": 617000000,
    "operatingExpenses": 1189000000,
    "costAndExpenses": 1189000000,
    "interestIncome": 467000000,
    "interestExpense": 34000000,
    "depreciationAndAmortization": 50000000,
    "ebitda": 0,
    "ebitdaratio": 0,
    "operatingIncome": 0,
    "operatingIncomeRatio": 0,
    "totalOtherIncomeExpensesNet": 344000000,
    "incomeBeforeTax": 344000000,
    "incomeBeforeTaxRatio": 0.2893187553,
    "incomeTaxExpense": 133000000,
    "netIncome": 211000000,
    "netIncomeRatio": 0.1774600505,
    "eps": 0.15,
    "epsdiluted": 0.15,
    "weightedAverageShsOut": 1260000000,
    "weightedAverageShsOutDil": 1278000000,
    "link": "https://www.sec.gov/Archives/edgar/data/316709/000119312513071646/0001193125-13-071646-index.htm",
    "finalLink": "https://www.sec.gov/Archives/edgar/data/316709/000119312513071646/d455860d10k.htm"
  },
  {
    "date": "2012-09-30",
    "symbol": "SCHW",
    "reportedCurrency": "USD",
    "cik": "0000316709",
    "fillingDate": "2012-11-06",
    "acceptedDate": "2012-11-06 12:50:30",
    "calendarYear": "2012",
    "period": "Q3",
    "revenue": 1206000000,
    "costOfRevenue": 0,
    "grossProfit": 1206000000,
    "grossProfitRatio": 1,
    "researchAndDevelopmentExpenses": 0,
    "generalAndAdministrativeExpenses": 495000000,
    "sellingAndMarketingExpenses": 0,
    "sellingGeneralAndAdministrativeExpenses": 544000000,
    "otherExpenses": 662000000,
    "operatingExpenses": 1206000000,
    "costAndExpenses": 1206000000,
    "interestIncome": 478000000,
    "interestExpense": 39000000,
    "depreciationAndAmortization": 50000000,
    "ebitda": 0,
    "ebitdaratio": 0,
    "operatingIncome": 0,
    "operatingIncomeRatio": 0,
    "totalOtherIncomeExpensesNet": 361000000,
    "incomeBeforeTax": 361000000,
    "incomeBeforeTaxRatio": 0.2993366501,
    "incomeTaxExpense": 114000000,
    "netIncome": 247000000,
    "netIncomeRatio": 0.2048092869,
    "eps": 0.19,
    "epsdiluted": 0.19,
    "weightedAverageShsOut": 1274000000,
    "weightedAverageShsOutDil": 1275000000,
    "link": "https://www.sec.gov/Archives/edgar/data/316709/000119312512453877/0001193125-12-453877-index.htm",
    "finalLink": "https://www.sec.gov/Archives/edgar/data/316709/000119312512453877/d406155d10q.htm"
  },
  {
    "date": "2012-06-30",
    "symbol": "SCHW",
    "reportedCurrency": "USD",
    "cik": "0000316709",
    "fillingDate": "2012-08-06",
    "acceptedDate": "2012-08-06 14:39:32",
    "calendarYear": "2012",
    "period": "Q2",
    "revenue": 1287000000,
    "costOfRevenue": 0,
    "grossProfit": 1287000000,
    "grossProfitRatio": 1,
    "researchAndDevelopmentExpenses": 0,
    "generalAndAdministrativeExpenses": 501000000,
    "sellingAndMarketingExpenses": 57000000,
    "sellingGeneralAndAdministrativeExpenses": 558000000,
    "otherExpenses": 729000000,
    "operatingExpenses": 1287000000,
    "costAndExpenses": 1287000000,
    "interestIncome": 497000000,
    "interestExpense": 39000000,
    "depreciationAndAmortization": 48000000,
    "ebitda": 0,
    "ebitdaratio": 0,
    "operatingIncome": 0,
    "operatingIncomeRatio": 0,
    "totalOtherIncomeExpensesNet": 432000000,
    "incomeBeforeTax": 432000000,
    "incomeBeforeTaxRatio": 0.3356643357,
    "incomeTaxExpense": 157000000,
    "netIncome": 275000000,
    "netIncomeRatio": 0.2136752137,
    "eps": 0.2,
    "epsdiluted": 0.2,
    "weightedAverageShsOut": 1273000000,
    "weightedAverageShsOutDil": 1274000000,
    "link": "https://www.sec.gov/Archives/edgar/data/316709/000119312512337436/0001193125-12-337436-index.htm",
    "finalLink": "https://www.sec.gov/Archives/edgar/data/316709/000119312512337436/d362055d10q.htm"
  },
  {
    "date": "2012-03-31",
    "symbol": "SCHW",
    "reportedCurrency": "USD",
    "cik": "0000316709",
    "fillingDate": "2012-05-07",
    "acceptedDate": "2012-05-07 14:31:23",
    "calendarYear": "2012",
    "period": "Q1",
    "revenue": 1189000000,
    "costOfRevenue": 0,
    "grossProfit": 1189000000,
    "grossProfitRatio": 1,
    "researchAndDevelopmentExpenses": 0,
    "generalAndAdministrativeExpenses": 523000000,
    "sellingAndMarketingExpenses": 67000000,
    "sellingGeneralAndAdministrativeExpenses": 590000000,
    "otherExpenses": 599000000,
    "operatingExpenses": 1189000000,
    "costAndExpenses": 1189000000,
    "interestIncome": 472000000,
    "interestExpense": 38000000,
    "depreciationAndAmortization": 48000000,
    "ebitda": 0,
    "ebitdaratio": 0,
    "operatingIncome": 0,
    "operatingIncomeRatio": 0,
    "totalOtherIncomeExpensesNet": 313000000,
    "incomeBeforeTax": 313000000,
    "incomeBeforeTaxRatio": 0.2632464256,
    "incomeTaxExpense": 118000000,
    "netIncome": 195000000,
    "netIncomeRatio": 0.1640033642,
    "eps": 0.15,
    "epsdiluted": 0.15,
    "weightedAverageShsOut": 1272000000,
    "weightedAverageShsOutDil": 1273000000,
    "link": "https://www.sec.gov/Archives/edgar/data/316709/000119312512214602/0001193125-12-214602-index.htm",
    "finalLink": "https://www.sec.gov/Archives/edgar/data/316709/000119312512214602/d319384d10q.htm"
  },
  {
    "date": "2011-12-31",
    "symbol": "SCHW",
    "reportedCurrency": "USD",
    "cik": "0000316709",
    "fillingDate": "2012-02-24",
    "acceptedDate": "2012-02-24 15:33:46",
    "calendarYear": "2011",
    "period": "Q4",
    "revenue": 1127000000,
    "costOfRevenue": 0,
    "grossProfit": 1127000000,
    "grossProfitRatio": 1,
    "researchAndDevelopmentExpenses": 0,
    "generalAndAdministrativeExpenses": 496000000,
    "sellingAndMarketingExpenses": 69000000,
    "sellingGeneralAndAdministrativeExpenses": 565000000,
    "otherExpenses": 562000000,
    "operatingExpenses": 1127000000,
    "costAndExpenses": 1127000000,
    "interestIncome": 436000000,
    "interestExpense": 41000000,
    "depreciationAndAmortization": 48000000,
    "ebitda": 0,
    "ebitdaratio": 0,
    "operatingIncome": 0,
    "operatingIncomeRatio": 0,
    "totalOtherIncomeExpensesNet": 252000000,
    "incomeBeforeTax": 252000000,
    "incomeBeforeTaxRatio": 0.2236024845,
    "incomeTaxExpense": 89000000,
    "netIncome": 163000000,
    "netIncomeRatio": 0.1446317657,
    "eps": 0.13,
    "epsdiluted": 0,
    "weightedAverageShsOut": 0,
    "weightedAverageShsOutDil": 0,
    "link": "https://www.sec.gov/Archives/edgar/data/316709/000119312512077926/0001193125-12-077926-index.htm",
    "finalLink": "https://www.sec.gov/Archives/edgar/data/316709/000119312512077926/d264447d10k.htm"
  },
  {
    "date": "2011-09-30",
    "symbol": "SCHW",
    "reportedCurrency": "USD",
    "cik": "0000316709",
    "fillingDate": "2011-11-07",
    "acceptedDate": "2011-11-07 15:50:47",
    "calendarYear": "2011",
    "period": "Q3",
    "revenue": 1202000000,
    "costOfRevenue": 0,
    "grossProfit": 1202000000,
    "grossProfitRatio": 1,
    "researchAndDevelopmentExpenses": 0,
    "generalAndAdministrativeExpenses": 479000000,
    "sellingAndMarketingExpenses": 48000000,
    "sellingGeneralAndAdministrativeExpenses": 527000000,
    "otherExpenses": 675000000,
    "operatingExpenses": 1202000000,
    "costAndExpenses": 1202000000,
    "interestIncome": 487000000,
    "interestExpense": 44000000,
    "depreciationAndAmortization": 39000000,
    "ebitda": 0,
    "ebitdaratio": 0,
    "operatingIncome": 0,
    "operatingIncomeRatio": 0,
    "totalOtherIncomeExpensesNet": 360000000,
    "incomeBeforeTax": 360000000,
    "incomeBeforeTaxRatio": 0.2995008319,
    "incomeTaxExpense": 140000000,
    "netIncome": 220000000,
    "netIncomeRatio": 0.1830282862,
    "eps": 0.18,
    "epsdiluted": 0.18,
    "weightedAverageShsOut": 1228000000,
    "weightedAverageShsOutDil": 1229000000,
    "link": "https://www.sec.gov/Archives/edgar/data/316709/000119312511299704/0001193125-11-299704-index.htm",
    "finalLink": "https://www.sec.gov/Archives/edgar/data/316709/000119312511299704/d232754d10q.htm"
  },
  {
    "date": "2011-06-30",
    "symbol": "SCHW",
    "reportedCurrency": "USD",
    "cik": "0000316709",
    "fillingDate": "2011-08-05",
    "acceptedDate": "2011-08-05 13:56:45",
    "calendarYear": "2011",
    "period": "Q2",
    "revenue": 1193000000,
    "costOfRevenue": 0,
    "grossProfit": 1193000000,
    "grossProfitRatio": 1,
    "researchAndDevelopmentExpenses": 0,
    "generalAndAdministrativeExpenses": 484000000,
    "sellingAndMarketingExpenses": 0,
    "sellingGeneralAndAdministrativeExpenses": 535000000,
    "otherExpenses": 658000000,
    "operatingExpenses": 1193000000,
    "costAndExpenses": 1193000000,
    "interestIncome": 496000000,
    "interestExpense": 45000000,
    "depreciationAndAmortization": 33000000,
    "ebitda": 0,
    "ebitdaratio": 0,
    "operatingIncome": 0,
    "operatingIncomeRatio": 0,
    "totalOtherIncomeExpensesNet": 386000000,
    "incomeBeforeTax": 386000000,
    "incomeBeforeTaxRatio": 0.3235540654,
    "incomeTaxExpense": 148000000,
    "netIncome": 238000000,
    "netIncomeRatio": 0.1994970662,
    "eps": 0.2,
    "epsdiluted": 0.2,
    "weightedAverageShsOut": 1207000000,
    "weightedAverageShsOutDil": 1210000000,
    "link": "https://www.sec.gov/Archives/edgar/data/316709/000119312511211971/0001193125-11-211971-index.htm",
    "finalLink": "https://www.sec.gov/Archives/edgar/data/316709/000119312511211971/d10q.htm"
  },
  {
    "date": "2011-03-31",
    "symbol": "SCHW",
    "reportedCurrency": "USD",
    "cik": "0000316709",
    "fillingDate": "2011-05-06",
    "acceptedDate": "2011-05-06 13:12:05",
    "calendarYear": "2011",
    "period": "Q1",
    "revenue": 1218000000,
    "costOfRevenue": 0,
    "grossProfit": 1218000000,
    "grossProfitRatio": 1,
    "researchAndDevelopmentExpenses": 0,
    "generalAndAdministrativeExpenses": 493000000,
    "sellingAndMarketingExpenses": 0,
    "sellingGeneralAndAdministrativeExpenses": 553000000,
    "otherExpenses": 665000000,
    "operatingExpenses": 1218000000,
    "costAndExpenses": 1218000000,
    "interestIncome": 481000000,
    "interestExpense": 45000000,
    "depreciationAndAmortization": 35000000,
    "ebitda": 0,
    "ebitdaratio": 0,
    "operatingIncome": 0,
    "operatingIncomeRatio": 0,
    "totalOtherIncomeExpensesNet": 394000000,
    "incomeBeforeTax": 394000000,
    "incomeBeforeTaxRatio": 0.3234811166,
    "incomeTaxExpense": 151000000,
    "netIncome": 243000000,
    "netIncomeRatio": 0.1995073892,
    "eps": 0.2,
    "epsdiluted": 0.2,
    "weightedAverageShsOut": 1203000000,
    "weightedAverageShsOutDil": 1207000000,
    "link": "https://www.sec.gov/Archives/edgar/data/316709/000119312511130249/0001193125-11-130249-index.htm",
    "finalLink": "https://www.sec.gov/Archives/edgar/data/316709/000119312511130249/d10q.htm"
  },
  {
    "date": "2010-12-31",
    "symbol": "SCHW",
    "reportedCurrency": "USD",
    "cik": "0000316709",
    "fillingDate": "2011-02-25",
    "acceptedDate": "2011-02-25 13:03:00",
    "calendarYear": "2010",
    "period": "Q4",
    "revenue": 972000000,
    "costOfRevenue": 0,
    "grossProfit": 972000000,
    "grossProfitRatio": 1,
    "researchAndDevelopmentExpenses": 0,
    "generalAndAdministrativeExpenses": 770000000,
    "sellingAndMarketingExpenses": 57000000,
    "sellingGeneralAndAdministrativeExpenses": 827000000,
    "otherExpenses": 145000000,
    "operatingExpenses": 972000000,
    "costAndExpenses": 972000000,
    "interestIncome": 462000000,
    "interestExpense": 229000000,
    "depreciationAndAmortization": 38000000,
    "ebitda": 0,
    "ebitdaratio": 0,
    "operatingIncome": 0,
    "operatingIncomeRatio": 0,
    "totalOtherIncomeExpensesNet": 229000000,
    "incomeBeforeTax": 229000000,
    "incomeBeforeTaxRatio": 0.2355967078,
    "incomeTaxExpense": 110000000,
    "netIncome": 119000000,
    "netIncomeRatio": 0.1224279835,
    "eps": 0.0979,
    "epsdiluted": 0,
    "weightedAverageShsOut": 0,
    "weightedAverageShsOutDil": 0,
    "link": "https://www.sec.gov/Archives/edgar/data/316709/000119312511046932/0001193125-11-046932-index.htm",
    "finalLink": "https://www.sec.gov/Archives/edgar/data/316709/000119312511046932/d10k.htm"
  },
  {
    "date": "2010-09-30",
    "symbol": "SCHW",
    "reportedCurrency": "USD",
    "cik": "0000316709",
    "fillingDate": "2010-11-08",
    "acceptedDate": "2010-11-08 15:45:36",
    "calendarYear": "2010",
    "period": "Q3",
    "revenue": 1069000000,
    "costOfRevenue": 0,
    "grossProfit": 1069000000,
    "grossProfitRatio": 1,
    "researchAndDevelopmentExpenses": 0,
    "generalAndAdministrativeExpenses": 430000000,
    "sellingAndMarketingExpenses": 34000000,
    "sellingGeneralAndAdministrativeExpenses": 464000000,
    "otherExpenses": 605000000,
    "operatingExpenses": 1069000000,
    "costAndExpenses": 1069000000,
    "interestIncome": 442000000,
    "interestExpense": 55000000,
    "depreciationAndAmortization": 35000000,
    "ebitda": 0,
    "ebitdaratio": 0,
    "operatingIncome": 0,
    "operatingIncomeRatio": 0,
    "totalOtherIncomeExpensesNet": 199000000,
    "incomeBeforeTax": 199000000,
    "incomeBeforeTaxRatio": 0.1861552853,
    "incomeTaxExpense": 75000000,
    "netIncome": 124000000,
    "netIncomeRatio": 0.1159962582,
    "eps": 0.1,
    "epsdiluted": 0.1,
    "weightedAverageShsOut": 1192000000,
    "weightedAverageShsOutDil": 1194000000,
    "link": "https://www.sec.gov/Archives/edgar/data/316709/000119312510252000/0001193125-10-252000-index.htm",
    "finalLink": "https://www.sec.gov/Archives/edgar/data/316709/000119312510252000/d10q.htm"
  },
  {
    "date": "2010-06-30",
    "symbol": "SCHW",
    "reportedCurrency": "USD",
    "cik": "0000316709",
    "fillingDate": "2010-08-05",
    "acceptedDate": "2010-08-05 06:13:56",
    "calendarYear": "2010",
    "period": "Q2",
    "revenue": 1089000000,
    "costOfRevenue": 0,
    "grossProfit": 1089000000,
    "grossProfitRatio": 1,
    "researchAndDevelopmentExpenses": 0,
    "generalAndAdministrativeExpenses": 446000000,
    "sellingAndMarketingExpenses": 43000000,
    "sellingGeneralAndAdministrativeExpenses": 489000000,
    "otherExpenses": 600000000,
    "operatingExpenses": 1089000000,
    "costAndExpenses": 1089000000,
    "interestIncome": 428000000,
    "interestExpense": 45000000,
    "depreciationAndAmortization": 36000000,
    "ebitda": 0,
    "ebitdaratio": 0,
    "operatingIncome": 0,
    "operatingIncomeRatio": 0,
    "totalOtherIncomeExpensesNet": 338000000,
    "incomeBeforeTax": 338000000,
    "incomeBeforeTaxRatio": 0.3103764922,
    "incomeTaxExpense": 133000000,
    "netIncome": 205000000,
    "netIncomeRatio": 0.1882460973,
    "eps": 0.17,
    "epsdiluted": 0.17,
    "weightedAverageShsOut": 1191000000,
    "weightedAverageShsOutDil": 1195000000,
    "link": "https://www.sec.gov/Archives/edgar/data/316709/000119312510178096/0001193125-10-178096-index.htm",
    "finalLink": "https://www.sec.gov/Archives/edgar/data/316709/000119312510178096/d10q.htm"
  },
  {
    "date": "2010-03-31",
    "symbol": "SCHW",
    "reportedCurrency": "USD",
    "cik": "0000316709",
    "fillingDate": "2010-05-07",
    "acceptedDate": "2010-05-07 12:46:02",
    "calendarYear": "2010",
    "period": "Q1",
    "revenue": 1000000000,
    "costOfRevenue": 0,
    "grossProfit": 1000000000,
    "grossProfitRatio": 1,
    "researchAndDevelopmentExpenses": 0,
    "generalAndAdministrativeExpenses": 454000000,
    "sellingAndMarketingExpenses": 62000000,
    "sellingGeneralAndAdministrativeExpenses": 516000000,
    "otherExpenses": 484000000,
    "operatingExpenses": 1000000000,
    "costAndExpenses": 1000000000,
    "interestIncome": 391000000,
    "interestExpense": 51000000,
    "depreciationAndAmortization": 37000000,
    "ebitda": 0,
    "ebitdaratio": 0,
    "operatingIncome": 0,
    "operatingIncomeRatio": 0,
    "totalOtherIncomeExpensesNet": 13000000,
    "incomeBeforeTax": 13000000,
    "incomeBeforeTaxRatio": 0.013,
    "incomeTaxExpense": 7000000,
    "netIncome": 6000000,
    "netIncomeRatio": 0.006,
    "eps": 0.1,
    "epsdiluted": 0,
    "weightedAverageShsOut": 1183000000,
    "weightedAverageShsOutDil": 1188000000,
    "link": "https://www.sec.gov/Archives/edgar/data/316709/000119312510112442/0001193125-10-112442-index.htm",
    "finalLink": "https://www.sec.gov/Archives/edgar/data/316709/000119312510112442/d10q.htm"
  },
  {
    "date": "2009-12-31",
    "symbol": "SCHW",
    "reportedCurrency": "USD",
    "cik": "0000316709",
    "fillingDate": "2010-02-25",
    "acceptedDate": "2010-02-25 14:43:13",
    "calendarYear": "2009",
    "period": "Q4",
    "revenue": 1046000000,
    "costOfRevenue": 0,
    "grossProfit": 1046000000,
    "grossProfitRatio": 1,
    "researchAndDevelopmentExpenses": 0,
    "generalAndAdministrativeExpenses": 422000000,
    "sellingAndMarketingExpenses": 50000000,
    "sellingGeneralAndAdministrativeExpenses": 472000000,
    "otherExpenses": 574000000,
    "operatingExpenses": 1046000000,
    "costAndExpenses": 1046000000,
    "interestIncome": 365000000,
    "interestExpense": 22000000,
    "depreciationAndAmortization": 38000000,
    "ebitda": 0,
    "ebitdaratio": 0,
    "operatingIncome": 0,
    "operatingIncomeRatio": 0,
    "totalOtherIncomeExpensesNet": 266000000,
    "incomeBeforeTax": 266000000,
    "incomeBeforeTaxRatio": 0.2543021033,
    "incomeTaxExpense": 102000000,
    "netIncome": 164000000,
    "netIncomeRatio": 0.1567877629,
    "eps": 0.14,
    "epsdiluted": 0,
    "weightedAverageShsOut": 0,
    "weightedAverageShsOutDil": 0,
    "link": "https://www.sec.gov/Archives/edgar/data/316709/000119312510040444/0001193125-10-040444-index.htm",
    "finalLink": "https://www.sec.gov/Archives/edgar/data/316709/000119312510040444/d10k.htm"
  },
  {
    "date": "2009-09-30",
    "symbol": "SCHW",
    "reportedCurrency": "USD",
    "cik": "0000316709",
    "fillingDate": "2009-11-05",
    "acceptedDate": "2009-11-05 00:00:00",
    "calendarYear": "2009",
    "period": "Q3",
    "revenue": 1022000000,
    "costOfRevenue": 0,
    "grossProfit": 1022000000,
    "grossProfitRatio": 1,
    "researchAndDevelopmentExpenses": 0,
    "generalAndAdministrativeExpenses": 419000000,
    "sellingAndMarketingExpenses": 34000000,
    "sellingGeneralAndAdministrativeExpenses": 453000000,
    "otherExpenses": 569000000,
    "operatingExpenses": 1022000000,
    "costAndExpenses": 1022000000,
    "interestIncome": 356000000,
    "interestExpense": 62000000,
    "depreciationAndAmortization": 38000000,
    "ebitda": 0,
    "ebitdaratio": 0,
    "operatingIncome": 0,
    "operatingIncomeRatio": 0,
    "totalOtherIncomeExpensesNet": 320000000,
    "incomeBeforeTax": 320000000,
    "incomeBeforeTaxRatio": 0.313111546,
    "incomeTaxExpense": 120000000,
    "netIncome": 200000000,
    "netIncomeRatio": 0.1956947162,
    "eps": 0.17,
    "epsdiluted": 0.17,
    "weightedAverageShsOut": 1157000000,
    "weightedAverageShsOutDil": 1163000000,
    "link": "https://www.sec.gov/Archives/edgar/data/316709/000119312509224395/0001193125-09-224395-index.htm",
    "finalLink": "https://www.sec.gov/Archives/edgar/data/316709/000119312509224395/d10q.htm"
  },
  {
    "date": "2009-06-30",
    "symbol": "SCHW",
    "reportedCurrency": "USD",
    "cik": "0000316709",
    "fillingDate": "2009-08-06",
    "acceptedDate": "2009-08-06 14:57:11",
    "calendarYear": "2009",
    "period": "Q2",
    "revenue": 1098000000,
    "costOfRevenue": 0,
    "grossProfit": 1098000000,
    "grossProfitRatio": 1,
    "researchAndDevelopmentExpenses": 0,
    "generalAndAdministrativeExpenses": 431000000,
    "sellingAndMarketingExpenses": 0,
    "sellingGeneralAndAdministrativeExpenses": 480000000,
    "otherExpenses": 618000000,
    "operatingExpenses": 1098000000,
    "costAndExpenses": 1098000000,
    "interestIncome": 361000000,
    "interestExpense": 59000000,
    "depreciationAndAmortization": 41000000,
    "ebitda": 0,
    "ebitdaratio": 0,
    "operatingIncome": 0,
    "operatingIncomeRatio": 0,
    "totalOtherIncomeExpensesNet": 335000000,
    "incomeBeforeTax": 335000000,
    "incomeBeforeTaxRatio": 0.3051001821,
    "incomeTaxExpense": 130000000,
    "netIncome": 205000000,
    "netIncomeRatio": 0.1867030965,
    "eps": 0.18,
    "epsdiluted": 0.18,
    "weightedAverageShsOut": 1156000000,
    "weightedAverageShsOutDil": 1160000000,
    "link": "https://www.sec.gov/Archives/edgar/data/316709/000119312509167020/0001193125-09-167020-index.htm",
    "finalLink": "https://www.sec.gov/Archives/edgar/data/316709/000119312509167020/d10q.htm"
  },
  {
    "date": "2009-03-31",
    "symbol": "SCHW",
    "reportedCurrency": "USD",
    "cik": "0000316709",
    "fillingDate": "2009-05-07",
    "acceptedDate": "2009-05-07 17:20:41",
    "calendarYear": "2009",
    "period": "Q1",
    "revenue": 1125000000,
    "costOfRevenue": 0,
    "grossProfit": 1125000000,
    "grossProfitRatio": 1,
    "researchAndDevelopmentExpenses": 0,
    "generalAndAdministrativeExpenses": 478000000,
    "sellingAndMarketingExpenses": 0,
    "sellingGeneralAndAdministrativeExpenses": 536000000,
    "otherExpenses": 589000000,
    "operatingExpenses": 1125000000,
    "costAndExpenses": 1125000000,
    "interestIncome": 346000000,
    "interestExpense": 40000000,
    "depreciationAndAmortization": 42000000,
    "ebitda": 0,
    "ebitdaratio": 0,
    "operatingIncome": 0,
    "operatingIncomeRatio": 0,
    "totalOtherIncomeExpensesNet": 355000000,
    "incomeBeforeTax": 355000000,
    "incomeBeforeTaxRatio": 0.3155555556,
    "incomeTaxExpense": 137000000,
    "netIncome": 218000000,
    "netIncomeRatio": 0.1937777778,
    "eps": 0.19,
    "epsdiluted": 0.19,
    "weightedAverageShsOut": 1156000000,
    "weightedAverageShsOutDil": 1156000000,
    "link": "https://www.sec.gov/Archives/edgar/data/316709/000119312509103594/0001193125-09-103594-index.htm",
    "finalLink": "https://www.sec.gov/Archives/edgar/data/316709/000119312509103594/d10q.htm"
  },
  {
    "date": "2008-12-31",
    "symbol": "SCHW",
    "reportedCurrency": "USD",
    "cik": "0000316709",
    "fillingDate": "2009-02-25",
    "acceptedDate": "2009-02-25 16:15:19",
    "calendarYear": "2008",
    "period": "Q4",
    "revenue": 1284000000,
    "costOfRevenue": 0,
    "grossProfit": 1284000000,
    "grossProfitRatio": 1,
    "researchAndDevelopmentExpenses": 0,
    "generalAndAdministrativeExpenses": 402000000,
    "sellingAndMarketingExpenses": 62000000,
    "sellingGeneralAndAdministrativeExpenses": 464000000,
    "otherExpenses": 820000000,
    "operatingExpenses": 1284000000,
    "costAndExpenses": 1284000000,
    "interestIncome": 423000000,
    "interestExpense": 51000000,
    "depreciationAndAmortization": 39000000,
    "ebitda": 0,
    "ebitdaratio": 0,
    "operatingIncome": 0,
    "operatingIncomeRatio": 0,
    "totalOtherIncomeExpensesNet": 507000000,
    "incomeBeforeTax": 507000000,
    "incomeBeforeTaxRatio": 0.3948598131,
    "incomeTaxExpense": 199000000,
    "netIncome": 308000000,
    "netIncomeRatio": 0.2398753894,
    "eps": 0.27,
    "epsdiluted": 0,
    "weightedAverageShsOut": 0,
    "weightedAverageShsOutDil": 0,
    "link": "https://www.sec.gov/Archives/edgar/data/316709/000119312509037420/0001193125-09-037420-index.htm",
    "finalLink": "https://www.sec.gov/Archives/edgar/data/316709/000119312509037420/d10k.htm"
  },
  {
    "date": "2008-09-30",
    "symbol": "SCHW",
    "reportedCurrency": "USD",
    "cik": "0000316709",
    "fillingDate": "2008-11-06",
    "acceptedDate": "2008-11-06 13:35:34",
    "calendarYear": "2008",
    "period": "Q3",
    "revenue": 1295000000,
    "costOfRevenue": 0,
    "grossProfit": 1295000000,
    "grossProfitRatio": 1,
    "researchAndDevelopmentExpenses": 0,
    "generalAndAdministrativeExpenses": 441000000,
    "sellingAndMarketingExpenses": 47000000,
    "sellingGeneralAndAdministrativeExpenses": 488000000,
    "otherExpenses": 807000000,
    "operatingExpenses": 1295000000,
    "costAndExpenses": 1295000000,
    "interestIncome": 497000000,
    "interestExpense": 50000000,
    "depreciationAndAmortization": 38000000,
    "ebitda": 0,
    "ebitdaratio": 0,
    "operatingIncome": 0,
    "operatingIncomeRatio": 0,
    "totalOtherIncomeExpensesNet": 499000000,
    "incomeBeforeTax": 499000000,
    "incomeBeforeTaxRatio": 0.3853281853,
    "incomeTaxExpense": 195000000,
    "netIncome": 304000000,
    "netIncomeRatio": 0.2347490347,
    "eps": 0.26,
    "epsdiluted": 0.26,
    "weightedAverageShsOut": 1148000000,
    "weightedAverageShsOutDil": 1158000000,
    "link": "https://www.sec.gov/Archives/edgar/data/316709/000119312508227611/0001193125-08-227611-index.htm",
    "finalLink": "https://www.sec.gov/Archives/edgar/data/316709/000119312508227611/d10q.htm"
  },
  {
    "date": "2008-06-30",
    "symbol": "SCHW",
    "reportedCurrency": "USD",
    "cik": "0000316709",
    "fillingDate": "2008-08-07",
    "acceptedDate": "2008-08-07 15:21:04",
    "calendarYear": "2008",
    "period": "Q2",
    "revenue": 1308000000,
    "costOfRevenue": 0,
    "grossProfit": 1308000000,
    "grossProfitRatio": 1,
    "researchAndDevelopmentExpenses": 0,
    "generalAndAdministrativeExpenses": 490000000,
    "sellingAndMarketingExpenses": 58000000,
    "sellingGeneralAndAdministrativeExpenses": 548000000,
    "otherExpenses": 760000000,
    "operatingExpenses": 1308000000,
    "costAndExpenses": 1308000000,
    "interestIncome": 478000000,
    "interestExpense": 51000000,
    "depreciationAndAmortization": 37000000,
    "ebitda": 0,
    "ebitdaratio": 0,
    "operatingIncome": 0,
    "operatingIncomeRatio": 0,
    "totalOtherIncomeExpensesNet": 514000000,
    "incomeBeforeTax": 514000000,
    "incomeBeforeTaxRatio": 0.3929663609,
    "incomeTaxExpense": 201000000,
    "netIncome": 295000000,
    "netIncomeRatio": 0.2255351682,
    "eps": 0.26,
    "epsdiluted": 0.26,
    "weightedAverageShsOut": 1145000000,
    "weightedAverageShsOutDil": 1154000000,
    "link": "https://www.sec.gov/Archives/edgar/data/316709/000119312508169989/0001193125-08-169989-index.htm",
    "finalLink": "https://www.sec.gov/Archives/edgar/data/316709/000119312508169989/d10q.htm"
  },
  {
    "date": "2008-03-31",
    "symbol": "SCHW",
    "reportedCurrency": "USD",
    "cik": "0000316709",
    "fillingDate": "2008-05-08",
    "acceptedDate": "2008-05-08 14:02:37",
    "calendarYear": "2008",
    "period": "Q1",
    "revenue": 1307000000,
    "costOfRevenue": 0,
    "grossProfit": 1307000000,
    "grossProfitRatio": 1,
    "researchAndDevelopmentExpenses": 0,
    "generalAndAdministrativeExpenses": 489000000,
    "sellingAndMarketingExpenses": 0,
    "sellingGeneralAndAdministrativeExpenses": 565000000,
    "otherExpenses": 742000000,
    "operatingExpenses": 1307000000,
    "costAndExpenses": 1307000000,
    "interestIncome": 510000000,
    "interestExpense": 91000000,
    "depreciationAndAmortization": 38000000,
    "ebitda": 0,
    "ebitdaratio": 0,
    "operatingIncome": 0,
    "operatingIncomeRatio": 0,
    "totalOtherIncomeExpensesNet": 508000000,
    "incomeBeforeTax": 508000000,
    "incomeBeforeTaxRatio": 0.3886763581,
    "incomeTaxExpense": 203000000,
    "netIncome": 305000000,
    "netIncomeRatio": 0.233358837,
    "eps": 0.27,
    "epsdiluted": 0.26,
    "weightedAverageShsOut": 1149000000,
    "weightedAverageShsOutDil": 1159000000,
    "link": "https://www.sec.gov/Archives/edgar/data/316709/000119312508107521/0001193125-08-107521-index.htm",
    "finalLink": "https://www.sec.gov/Archives/edgar/data/316709/000119312508107521/d10q.htm"
  },
  {
    "date": "2007-12-31",
    "symbol": "SCHW",
    "reportedCurrency": "USD",
    "cik": "0000316709",
    "fillingDate": "2008-02-27",
    "acceptedDate": "2008-02-26 19:50:07",
    "calendarYear": "2007",
    "period": "Q4",
    "revenue": 1345000000,
    "costOfRevenue": 0,
    "grossProfit": 1345000000,
    "grossProfitRatio": 1,
    "researchAndDevelopmentExpenses": 0,
    "generalAndAdministrativeExpenses": 455000000,
    "sellingAndMarketingExpenses": 68000000,
    "sellingGeneralAndAdministrativeExpenses": 523000000,
    "otherExpenses": 822000000,
    "operatingExpenses": 1345000000,
    "costAndExpenses": 1345000000,
    "interestIncome": 573000000,
    "interestExpense": 132000000,
    "depreciationAndAmortization": 39000000,
    "ebitda": 0,
    "ebitdaratio": 0,
    "operatingIncome": 0,
    "operatingIncomeRatio": 0,
    "totalOtherIncomeExpensesNet": 526000000,
    "incomeBeforeTax": 526000000,
    "incomeBeforeTaxRatio": 0.3910780669,
    "incomeTaxExpense": 221000000,
    "netIncome": 308000000,
    "netIncomeRatio": 0.2289962825,
    "eps": 0.27,
    "epsdiluted": 0,
    "weightedAverageShsOut": 0,
    "weightedAverageShsOutDil": 0,
    "link": "https://www.sec.gov/Archives/edgar/data/316709/000119312508039024/0001193125-08-039024-index.htm",
    "finalLink": "https://www.sec.gov/Archives/edgar/data/316709/000119312508039024/d10k.htm"
  },
  {
    "date": "2007-09-30",
    "symbol": "SCHW",
    "reportedCurrency": "USD",
    "cik": "0000316709",
    "fillingDate": "2007-11-07",
    "acceptedDate": "2007-11-07 14:03:56",
    "calendarYear": "2007",
    "period": "Q3",
    "revenue": 1291000000,
    "costOfRevenue": 0,
    "grossProfit": 1291000000,
    "grossProfitRatio": 1,
    "researchAndDevelopmentExpenses": 0,
    "generalAndAdministrativeExpenses": 447000000,
    "sellingAndMarketingExpenses": 0,
    "sellingGeneralAndAdministrativeExpenses": 491000000,
    "otherExpenses": 800000000,
    "operatingExpenses": 1291000000,
    "costAndExpenses": 1291000000,
    "interestIncome": 593000000,
    "interestExpense": 160000000,
    "depreciationAndAmortization": 39000000,
    "ebitda": 0,
    "ebitdaratio": 0,
    "operatingIncome": 0,
    "operatingIncomeRatio": 0,
    "totalOtherIncomeExpensesNet": 512000000,
    "incomeBeforeTax": 512000000,
    "incomeBeforeTaxRatio": 0.3965917893,
    "incomeTaxExpense": 189000000,
    "netIncome": 1534000000,
    "netIncomeRatio": 1.1882261813,
    "eps": 1.29,
    "epsdiluted": 1.28,
    "weightedAverageShsOut": 1201000000,
    "weightedAverageShsOutDil": 1201000000,
    "link": "https://www.sec.gov/Archives/edgar/data/316709/000119312507238225/0001193125-07-238225-index.htm",
    "finalLink": "https://www.sec.gov/Archives/edgar/data/316709/000119312507238225/d10q.htm"
  },
  {
    "date": "2007-06-30",
    "symbol": "SCHW",
    "reportedCurrency": "USD",
    "cik": "0000316709",
    "fillingDate": "2007-08-07",
    "acceptedDate": "2007-08-07 14:48:38",
    "calendarYear": "2007",
    "period": "Q2",
    "revenue": 1205000000,
    "costOfRevenue": 0,
    "grossProfit": 1205000000,
    "grossProfitRatio": 1,
    "researchAndDevelopmentExpenses": 0,
    "generalAndAdministrativeExpenses": 449000000,
    "sellingAndMarketingExpenses": 0,
    "sellingGeneralAndAdministrativeExpenses": 501000000,
    "otherExpenses": 704000000,
    "operatingExpenses": 1205000000,
    "costAndExpenses": 1205000000,
    "interestIncome": 553000000,
    "interestExpense": 164000000,
    "depreciationAndAmortization": 39000000,
    "ebitda": 0,
    "ebitdaratio": 0,
    "operatingIncome": 0,
    "operatingIncomeRatio": 0,
    "totalOtherIncomeExpensesNet": 424000000,
    "incomeBeforeTax": 424000000,
    "incomeBeforeTaxRatio": 0.3518672199,
    "incomeTaxExpense": 168000000,
    "netIncome": 292000000,
    "netIncomeRatio": 0.2423236515,
    "eps": 0.24,
    "epsdiluted": 0.23,
    "weightedAverageShsOut": 1257000000,
    "weightedAverageShsOutDil": 1257000000,
    "link": "https://www.sec.gov/Archives/edgar/data/316709/000119312507173544/0001193125-07-173544-index.htm",
    "finalLink": "https://www.sec.gov/Archives/edgar/data/316709/000119312507173544/d10q.htm"
  },
  {
    "date": "2007-03-31",
    "symbol": "SCHW",
    "reportedCurrency": "USD",
    "cik": "0000316709",
    "fillingDate": "2007-05-08",
    "acceptedDate": "2007-05-08 14:03:26",
    "calendarYear": "2007",
    "period": "Q1",
    "revenue": 1153000000,
    "costOfRevenue": 0,
    "grossProfit": 1153000000,
    "grossProfitRatio": 1,
    "researchAndDevelopmentExpenses": 0,
    "generalAndAdministrativeExpenses": 430000000,
    "sellingAndMarketingExpenses": 0,
    "sellingGeneralAndAdministrativeExpenses": 496000000,
    "otherExpenses": 657000000,
    "operatingExpenses": 1153000000,
    "costAndExpenses": 1153000000,
    "interestIncome": 551000000,
    "interestExpense": 167000000,
    "depreciationAndAmortization": 39000000,
    "ebitda": 0,
    "ebitdaratio": 0,
    "operatingIncome": 0,
    "operatingIncomeRatio": 0,
    "totalOtherIncomeExpensesNet": 391000000,
    "incomeBeforeTax": 391000000,
    "incomeBeforeTaxRatio": 0.3391153513,
    "incomeTaxExpense": 155000000,
    "netIncome": 273000000,
    "netIncomeRatio": 0.236773634,
    "eps": 0.22,
    "epsdiluted": 0.22,
    "weightedAverageShsOut": 1266000000,
    "weightedAverageShsOutDil": 1266000000,
    "link": "https://www.sec.gov/Archives/edgar/data/316709/000119312507105767/0001193125-07-105767-index.htm",
    "finalLink": "https://www.sec.gov/Archives/edgar/data/316709/000119312507105767/d10q.htm"
  },
  {
    "date": "2006-12-31",
    "symbol": "SCHW",
    "reportedCurrency": "USD",
    "cik": "0000316709",
    "fillingDate": "2007-02-26",
    "acceptedDate": "2007-02-26 16:33:29",
    "calendarYear": "2006",
    "period": "Q4",
    "revenue": 429000000,
    "costOfRevenue": 0,
    "grossProfit": 429000000,
    "grossProfitRatio": 1,
    "researchAndDevelopmentExpenses": 0,
    "generalAndAdministrativeExpenses": 39000000,
    "sellingAndMarketingExpenses": 47000000,
    "sellingGeneralAndAdministrativeExpenses": 86000000,
    "otherExpenses": 343000000,
    "operatingExpenses": 429000000,
    "costAndExpenses": 429000000,
    "interestIncome": 186000000,
    "interestExpense": 0,
    "depreciationAndAmortization": 16000000,
    "ebitda": 0,
    "ebitdaratio": 0,
    "operatingIncome": 0,
    "operatingIncomeRatio": 0,
    "totalOtherIncomeExpensesNet": 228000000,
    "incomeBeforeTax": 228000000,
    "incomeBeforeTaxRatio": 0.5314685315,
    "incomeTaxExpense": 94000000,
    "netIncome": 467000000,
    "netIncomeRatio": 1.0885780886,
    "eps": 0.37,
    "epsdiluted": 0,
    "weightedAverageShsOut": 0,
    "weightedAverageShsOutDil": 0,
    "link": "https://www.sec.gov/Archives/edgar/data/316709/000119312507039782/0001193125-07-039782-index.htm",
    "finalLink": "https://www.sec.gov/Archives/edgar/data/316709/000119312507039782/d10k.htm"
  },
  {
    "date": "2006-09-30",
    "symbol": "SCHW",
    "reportedCurrency": "USD",
    "cik": "0000316709",
    "fillingDate": "2006-11-06",
    "acceptedDate": "2006-11-06 12:35:09",
    "calendarYear": "2006",
    "period": "Q3",
    "revenue": 1066000000,
    "costOfRevenue": 0,
    "grossProfit": 1066000000,
    "grossProfitRatio": 1,
    "researchAndDevelopmentExpenses": 0,
    "generalAndAdministrativeExpenses": 404000000,
    "sellingAndMarketingExpenses": 31000000,
    "sellingGeneralAndAdministrativeExpenses": 435000000,
    "otherExpenses": 631000000,
    "operatingExpenses": 1066000000,
    "costAndExpenses": 1066000000,
    "interestIncome": 543000000,
    "interestExpense": 183000000,
    "depreciationAndAmortization": 39000000,
    "ebitda": 0,
    "ebitdaratio": 0,
    "operatingIncome": 0,
    "operatingIncomeRatio": 0,
    "totalOtherIncomeExpensesNet": 382000000,
    "incomeBeforeTax": 382000000,
    "incomeBeforeTaxRatio": 0.3583489681,
    "incomeTaxExpense": 152000000,
    "netIncome": 266000000,
    "netIncomeRatio": 0.2495309568,
    "eps": 0.21,
    "epsdiluted": 0.21,
    "weightedAverageShsOut": 1277000000,
    "weightedAverageShsOutDil": 1277000000,
    "link": "https://www.sec.gov/Archives/edgar/data/316709/000119312506224755/0001193125-06-224755-index.htm",
    "finalLink": "https://www.sec.gov/Archives/edgar/data/316709/000119312506224755/d10q.htm"
  },
  {
    "date": "2006-06-30",
    "symbol": "SCHW",
    "reportedCurrency": "USD",
    "cik": "0000316709",
    "fillingDate": "2006-08-04",
    "acceptedDate": "2006-08-04 13:58:43",
    "calendarYear": "2006",
    "period": "Q2",
    "revenue": 1093000000,
    "costOfRevenue": 0,
    "grossProfit": 1093000000,
    "grossProfitRatio": 1,
    "researchAndDevelopmentExpenses": 0,
    "generalAndAdministrativeExpenses": 407000000,
    "sellingAndMarketingExpenses": 55000000,
    "sellingGeneralAndAdministrativeExpenses": 462000000,
    "otherExpenses": 631000000,
    "operatingExpenses": 1093000000,
    "costAndExpenses": 1093000000,
    "interestIncome": 533000000,
    "interestExpense": 168000000,
    "depreciationAndAmortization": 39000000,
    "ebitda": 0,
    "ebitdaratio": 0,
    "operatingIncome": 0,
    "operatingIncomeRatio": 0,
    "totalOtherIncomeExpensesNet": 369000000,
    "incomeBeforeTax": 369000000,
    "incomeBeforeTaxRatio": 0.3376029277,
    "incomeTaxExpense": 146000000,
    "netIncome": 251000000,
    "netIncomeRatio": 0.2296431839,
    "eps": 0.2,
    "epsdiluted": 0.19,
    "weightedAverageShsOut": 1294000000,
    "weightedAverageShsOutDil": 1294000000,
    "link": "https://www.sec.gov/Archives/edgar/data/316709/000119312506162167/0001193125-06-162167-index.htm",
    "finalLink": "https://www.sec.gov/Archives/edgar/data/316709/000119312506162167/d10q.htm"
  },
  {
    "date": "2006-03-31",
    "symbol": "SCHW",
    "reportedCurrency": "USD",
    "cik": "0000316709",
    "fillingDate": "2006-05-05",
    "acceptedDate": "2006-05-05 12:36:23",
    "calendarYear": "2006",
    "period": "Q1",
    "revenue": 1054000000,
    "costOfRevenue": 0,
    "grossProfit": 1054000000,
    "grossProfitRatio": 1,
    "researchAndDevelopmentExpenses": 0,
    "generalAndAdministrativeExpenses": 409000000,
    "sellingAndMarketingExpenses": 49000000,
    "sellingGeneralAndAdministrativeExpenses": 458000000,
    "otherExpenses": 596000000,
    "operatingExpenses": 1054000000,
    "costAndExpenses": 1054000000,
    "interestIncome": 489000000,
    "interestExpense": 151000000,
    "depreciationAndAmortization": 48000000,
    "ebitda": 0,
    "ebitdaratio": 0,
    "operatingIncome": 0,
    "operatingIncomeRatio": 0,
    "totalOtherIncomeExpensesNet": 353000000,
    "incomeBeforeTax": 353000000,
    "incomeBeforeTaxRatio": 0.334914611,
    "incomeTaxExpense": 139000000,
    "netIncome": 243000000,
    "netIncomeRatio": 0.2305502846,
    "eps": 0.19,
    "epsdiluted": 0.19,
    "weightedAverageShsOut": 1296000000,
    "weightedAverageShsOutDil": 1296000000,
    "link": "https://www.sec.gov/Archives/edgar/data/316709/000119312506101677/0001193125-06-101677-index.htm",
    "finalLink": "https://www.sec.gov/Archives/edgar/data/316709/000119312506101677/d10q.htm"
  },
  {
    "date": "2005-12-31",
    "symbol": "SCHW",
    "reportedCurrency": "USD",
    "cik": "0000316709",
    "fillingDate": "2006-02-27",
    "acceptedDate": "2006-02-27 13:04:58",
    "calendarYear": "2005",
    "period": "Q4",
    "revenue": 1180000000,
    "costOfRevenue": 0,
    "grossProfit": 1180000000,
    "grossProfitRatio": 1,
    "researchAndDevelopmentExpenses": 0,
    "generalAndAdministrativeExpenses": 512000000,
    "sellingAndMarketingExpenses": 60000000,
    "sellingGeneralAndAdministrativeExpenses": 572000000,
    "otherExpenses": 608000000,
    "operatingExpenses": 1180000000,
    "costAndExpenses": 1180000000,
    "interestIncome": 559000000,
    "interestExpense": 204000000,
    "depreciationAndAmortization": 51000000,
    "ebitda": 0,
    "ebitdaratio": 0,
    "operatingIncome": 0,
    "operatingIncomeRatio": 0,
    "totalOtherIncomeExpensesNet": 307000000,
    "incomeBeforeTax": 307000000,
    "incomeBeforeTaxRatio": 0.2601694915,
    "incomeTaxExpense": 120000000,
    "netIncome": 187000000,
    "netIncomeRatio": 0.1584745763,
    "eps": 0.14,
    "epsdiluted": 0,
    "weightedAverageShsOut": 0,
    "weightedAverageShsOutDil": 0,
    "link": "https://www.sec.gov/Archives/edgar/data/316709/000119312506039674/0001193125-06-039674-index.htm",
    "finalLink": "https://www.sec.gov/Archives/edgar/data/316709/000119312506039674/d10k.htm"
  },
  {
    "date": "2005-09-30",
    "symbol": "SCHW",
    "reportedCurrency": "USD",
    "cik": "0000316709",
    "fillingDate": "2005-11-04",
    "acceptedDate": "2005-11-04 10:02:07",
    "calendarYear": "2005",
    "period": "Q3",
    "revenue": 1138000000,
    "costOfRevenue": 0,
    "grossProfit": 1138000000,
    "grossProfitRatio": 1,
    "researchAndDevelopmentExpenses": 0,
    "generalAndAdministrativeExpenses": 481000000,
    "sellingAndMarketingExpenses": 39000000,
    "sellingGeneralAndAdministrativeExpenses": 520000000,
    "otherExpenses": 618000000,
    "operatingExpenses": 1138000000,
    "costAndExpenses": 1138000000,
    "interestIncome": 509000000,
    "interestExpense": 178000000,
    "depreciationAndAmortization": 52000000,
    "ebitda": 0,
    "ebitdaratio": 0,
    "operatingIncome": 0,
    "operatingIncomeRatio": 0,
    "totalOtherIncomeExpensesNet": 329000000,
    "incomeBeforeTax": 329000000,
    "incomeBeforeTaxRatio": 0.2891036907,
    "incomeTaxExpense": 123000000,
    "netIncome": 207000000,
    "netIncomeRatio": 0.1818980668,
    "eps": 0.16,
    "epsdiluted": 0.16,
    "weightedAverageShsOut": 1308000000,
    "weightedAverageShsOutDil": 1308000000,
    "link": "https://www.sec.gov/Archives/edgar/data/316709/000031670905000040/0000316709-05-000040-index.htm",
    "finalLink": "https://www.sec.gov/Archives/edgar/data/316709/000031670905000040/body.txt"
  },
  {
    "date": "2005-06-30",
    "symbol": "SCHW",
    "reportedCurrency": "USD",
    "cik": "0000316709",
    "fillingDate": "2005-08-05",
    "acceptedDate": "2005-08-05 11:59:28",
    "calendarYear": "2005",
    "period": "Q2",
    "revenue": 1087000000,
    "costOfRevenue": 0,
    "grossProfit": 1087000000,
    "grossProfitRatio": 1,
    "researchAndDevelopmentExpenses": 0,
    "generalAndAdministrativeExpenses": 455000000,
    "sellingAndMarketingExpenses": 43000000,
    "sellingGeneralAndAdministrativeExpenses": 498000000,
    "otherExpenses": 589000000,
    "operatingExpenses": 1087000000,
    "costAndExpenses": 1087000000,
    "interestIncome": 464000000,
    "interestExpense": 167000000,
    "depreciationAndAmortization": 51000000,
    "ebitda": 0,
    "ebitdaratio": 0,
    "operatingIncome": 0,
    "operatingIncomeRatio": 0,
    "totalOtherIncomeExpensesNet": 303000000,
    "incomeBeforeTax": 303000000,
    "incomeBeforeTaxRatio": 0.27874885,
    "incomeTaxExpense": 117000000,
    "netIncome": 186000000,
    "netIncomeRatio": 0.1711131555,
    "eps": 0.14,
    "epsdiluted": 0.14,
    "weightedAverageShsOut": 1314000000,
    "weightedAverageShsOutDil": 1314000000,
    "link": "https://www.sec.gov/Archives/edgar/data/316709/000031670905000027/0000316709-05-000027-index.htm",
    "finalLink": "https://www.sec.gov/Archives/edgar/data/316709/000031670905000027/body.txt"
  },
  {
    "date": "2005-03-31",
    "symbol": "SCHW",
    "reportedCurrency": "USD",
    "cik": "0000316709",
    "fillingDate": "2005-05-09",
    "acceptedDate": "2005-05-09 17:06:04",
    "calendarYear": "2005",
    "period": "Q1",
    "revenue": 1059000000,
    "costOfRevenue": 0,
    "grossProfit": 1059000000,
    "grossProfitRatio": 1,
    "researchAndDevelopmentExpenses": 0,
    "generalAndAdministrativeExpenses": 454000000,
    "sellingAndMarketingExpenses": 36000000,
    "sellingGeneralAndAdministrativeExpenses": 490000000,
    "otherExpenses": 569000000,
    "operatingExpenses": 1059000000,
    "costAndExpenses": 1059000000,
    "interestIncome": 412000000,
    "interestExpense": 138000000,
    "depreciationAndAmortization": 54000000,
    "ebitda": 0,
    "ebitdaratio": 0,
    "operatingIncome": 0,
    "operatingIncomeRatio": 0,
    "totalOtherIncomeExpensesNet": 246000000,
    "incomeBeforeTax": 246000000,
    "incomeBeforeTaxRatio": 0.2322946176,
    "incomeTaxExpense": 95000000,
    "netIncome": 145000000,
    "netIncomeRatio": 0.1369216242,
    "eps": 0.11,
    "epsdiluted": 0.11,
    "weightedAverageShsOut": 1326000000,
    "weightedAverageShsOutDil": 1326000000,
    "link": "https://www.sec.gov/Archives/edgar/data/316709/000031670905000015/0000316709-05-000015-index.htm",
    "finalLink": "https://www.sec.gov/Archives/edgar/data/316709/000031670905000015/body.txt"
  },
  {
    "date": "2004-12-31",
    "symbol": "SCHW",
    "reportedCurrency": "USD",
    "cik": "0000316709",
    "fillingDate": "2005-03-02",
    "acceptedDate": "2005-03-02 16:02:10",
    "calendarYear": "2004",
    "period": "Q4",
    "revenue": 1060000000,
    "costOfRevenue": 0,
    "grossProfit": 1060000000,
    "grossProfitRatio": 1,
    "researchAndDevelopmentExpenses": 0,
    "generalAndAdministrativeExpenses": 447000000,
    "sellingAndMarketingExpenses": 33000000,
    "sellingGeneralAndAdministrativeExpenses": 480000000,
    "otherExpenses": 580000000,
    "operatingExpenses": 1060000000,
    "costAndExpenses": 1060000000,
    "interestIncome": 358000000,
    "interestExpense": 100000000,
    "depreciationAndAmortization": 59000000,
    "ebitda": 0,
    "ebitdaratio": 0,
    "operatingIncome": 0,
    "operatingIncomeRatio": 0,
    "totalOtherIncomeExpensesNet": 160000000,
    "incomeBeforeTax": 160000000,
    "incomeBeforeTaxRatio": 0.1509433962,
    "incomeTaxExpense": 58000000,
    "netIncome": 53000000,
    "netIncomeRatio": 0.05,
    "eps": 0.04,
    "epsdiluted": 0,
    "weightedAverageShsOut": 0,
    "weightedAverageShsOutDil": 0,
    "link": "https://www.sec.gov/Archives/edgar/data/316709/000031670905000006/0000316709-05-000006-index.htm",
    "finalLink": "https://www.sec.gov/Archives/edgar/data/316709/000031670905000006/body.txt"
  },
  {
    "date": "2004-09-30",
    "symbol": "SCHW",
    "reportedCurrency": "USD",
    "cik": "0000316709",
    "fillingDate": "2004-11-08",
    "acceptedDate": "2004-11-08 13:15:29",
    "calendarYear": "2004",
    "period": "Q3",
    "revenue": 1000000000,
    "costOfRevenue": 0,
    "grossProfit": 1000000000,
    "grossProfitRatio": 1,
    "researchAndDevelopmentExpenses": 0,
    "generalAndAdministrativeExpenses": 455000000,
    "sellingAndMarketingExpenses": 43000000,
    "sellingGeneralAndAdministrativeExpenses": 498000000,
    "otherExpenses": 502000000,
    "operatingExpenses": 1000000000,
    "costAndExpenses": 1000000000,
    "interestIncome": 317000000,
    "interestExpense": 72000000,
    "depreciationAndAmortization": 58000000,
    "ebitda": 0,
    "ebitdaratio": 0,
    "operatingIncome": 0,
    "operatingIncomeRatio": 0,
    "totalOtherIncomeExpensesNet": 72000000,
    "incomeBeforeTax": 72000000,
    "incomeBeforeTaxRatio": 0.072,
    "incomeTaxExpense": 26000000,
    "netIncome": -41000000,
    "netIncomeRatio": -0.041,
    "eps": -0.03,
    "epsdiluted": -0.03,
    "weightedAverageShsOut": 1364000000,
    "weightedAverageShsOutDil": 1364000000,
    "link": "https://www.sec.gov/Archives/edgar/data/316709/000031670904000037/0000316709-04-000037-index.htm",
    "finalLink": "https://www.sec.gov/Archives/edgar/data/316709/000031670904000037/body.txt"
  },
  {
    "date": "2004-06-30",
    "symbol": "SCHW",
    "reportedCurrency": "USD",
    "cik": "0000316709",
    "fillingDate": "2004-08-06",
    "acceptedDate": "2004-08-06 12:00:06",
    "calendarYear": "2004",
    "period": "Q2",
    "revenue": 1034000000,
    "costOfRevenue": 0,
    "grossProfit": 1034000000,
    "grossProfitRatio": 1,
    "researchAndDevelopmentExpenses": 0,
    "generalAndAdministrativeExpenses": 493000000,
    "sellingAndMarketingExpenses": 46000000,
    "sellingGeneralAndAdministrativeExpenses": 539000000,
    "otherExpenses": 495000000,
    "operatingExpenses": 1034000000,
    "costAndExpenses": 1034000000,
    "interestIncome": 275000000,
    "interestExpense": 51000000,
    "depreciationAndAmortization": 53000000,
    "ebitda": 0,
    "ebitdaratio": 0,
    "operatingIncome": 0,
    "operatingIncomeRatio": 0,
    "totalOtherIncomeExpensesNet": 169000000,
    "incomeBeforeTax": 169000000,
    "incomeBeforeTaxRatio": 0.16344294,
    "incomeTaxExpense": 62000000,
    "netIncome": 113000000,
    "netIncomeRatio": 0.1092843327,
    "eps": 0.08,
    "epsdiluted": 0.08,
    "weightedAverageShsOut": 1373000000,
    "weightedAverageShsOutDil": 1373000000,
    "link": "https://www.sec.gov/Archives/edgar/data/316709/000031670904000025/0000316709-04-000025-index.htm",
    "finalLink": "https://www.sec.gov/Archives/edgar/data/316709/000031670904000025/body.txt"
  },
  {
    "date": "2004-03-31",
    "symbol": "SCHW",
    "reportedCurrency": "USD",
    "cik": "0000316709",
    "fillingDate": "2004-05-10",
    "acceptedDate": "2004-05-10 11:58:36",
    "calendarYear": "2004",
    "period": "Q1",
    "revenue": 1108000000,
    "costOfRevenue": 0,
    "grossProfit": 1108000000,
    "grossProfitRatio": 1,
    "researchAndDevelopmentExpenses": 0,
    "generalAndAdministrativeExpenses": 482000000,
    "sellingAndMarketingExpenses": 62000000,
    "sellingGeneralAndAdministrativeExpenses": 544000000,
    "otherExpenses": 564000000,
    "operatingExpenses": 1108000000,
    "costAndExpenses": 1108000000,
    "interestIncome": 263000000,
    "interestExpense": 54000000,
    "depreciationAndAmortization": 56000000,
    "ebitda": 0,
    "ebitdaratio": 0,
    "operatingIncome": 0,
    "operatingIncomeRatio": 0,
    "totalOtherIncomeExpensesNet": 244000000,
    "incomeBeforeTax": 244000000,
    "incomeBeforeTaxRatio": 0.2202166065,
    "incomeTaxExpense": 85000000,
    "netIncome": 161000000,
    "netIncomeRatio": 0.1453068592,
    "eps": 0.12,
    "epsdiluted": 0.12,
    "weightedAverageShsOut": 1375000000,
    "weightedAverageShsOutDil": 1375000000,
    "link": "https://www.sec.gov/Archives/edgar/data/316709/000031670904000016/0000316709-04-000016-index.htm",
    "finalLink": "https://www.sec.gov/Archives/edgar/data/316709/000031670904000016/body.txt"
  },
  {
    "date": "2003-12-31",
    "symbol": "SCHW",
    "reportedCurrency": "USD",
    "cik": "0000316709",
    "fillingDate": "2004-03-11",
    "acceptedDate": "2004-03-11 12:02:36",
    "calendarYear": "2003",
    "period": "Q4",
    "revenue": 1118000000,
    "costOfRevenue": 0,
    "grossProfit": 1118000000,
    "grossProfitRatio": 1,
    "researchAndDevelopmentExpenses": 0,
    "generalAndAdministrativeExpenses": 460000000,
    "sellingAndMarketingExpenses": 38000000,
    "sellingGeneralAndAdministrativeExpenses": 498000000,
    "otherExpenses": 620000000,
    "operatingExpenses": 1118000000,
    "costAndExpenses": 1118000000,
    "interestIncome": 251000000,
    "interestExpense": 58000000,
    "depreciationAndAmortization": 66000000,
    "ebitda": 0,
    "ebitdaratio": 0,
    "operatingIncome": 0,
    "operatingIncomeRatio": 0,
    "totalOtherIncomeExpensesNet": 234000000,
    "incomeBeforeTax": 234000000,
    "incomeBeforeTaxRatio": 0.2093023256,
    "incomeTaxExpense": 86000000,
    "netIncome": 148000000,
    "netIncomeRatio": 0.1323792487,
    "eps": 0.11,
    "epsdiluted": 0,
    "weightedAverageShsOut": 0,
    "weightedAverageShsOutDil": 0,
    "link": "https://www.sec.gov/Archives/edgar/data/316709/000031670904000006/0000316709-04-000006-index.htm",
    "finalLink": "https://www.sec.gov/Archives/edgar/data/316709/000031670904000006/body.txt"
  },
  {
    "date": "2003-09-30",
    "symbol": "SCHW",
    "reportedCurrency": "USD",
    "cik": "0000316709",
    "fillingDate": "2003-11-14",
    "acceptedDate": "2003-11-14 08:45:02",
    "calendarYear": "2003",
    "period": "Q3",
    "revenue": 1051000000,
    "costOfRevenue": 0,
    "grossProfit": 1051000000,
    "grossProfitRatio": 1,
    "researchAndDevelopmentExpenses": 0,
    "generalAndAdministrativeExpenses": 445000000,
    "sellingAndMarketingExpenses": 32000000,
    "sellingGeneralAndAdministrativeExpenses": 477000000,
    "otherExpenses": 574000000,
    "operatingExpenses": 1051000000,
    "costAndExpenses": 1051000000,
    "interestIncome": 236000000,
    "interestExpense": 55000000,
    "depreciationAndAmortization": 65000000,
    "ebitda": 0,
    "ebitdaratio": 0,
    "operatingIncome": 0,
    "operatingIncomeRatio": 0,
    "totalOtherIncomeExpensesNet": 197000000,
    "incomeBeforeTax": 197000000,
    "incomeBeforeTaxRatio": 0.1874405328,
    "incomeTaxExpense": 73000000,
    "netIncome": 127000000,
    "netIncomeRatio": 0.1208372978,
    "eps": 0.09,
    "epsdiluted": 0.09,
    "weightedAverageShsOut": 1366000000,
    "weightedAverageShsOutDil": 1366000000,
    "link": "https://www.sec.gov/Archives/edgar/data/316709/000031670903000032/0000316709-03-000032-index.htm",
    "finalLink": "https://www.sec.gov/Archives/edgar/data/316709/000031670903000032/body.txt"
  },
  {
    "date": "2003-06-30",
    "symbol": "SCHW",
    "reportedCurrency": "USD",
    "cik": "0000316709",
    "fillingDate": "2003-08-12",
    "acceptedDate": "2003-08-12 11:00:14",
    "calendarYear": "2003",
    "period": "Q2",
    "revenue": 1018000000,
    "costOfRevenue": 0,
    "grossProfit": 1018000000,
    "grossProfitRatio": 1,
    "researchAndDevelopmentExpenses": 0,
    "generalAndAdministrativeExpenses": 449000000,
    "sellingAndMarketingExpenses": 21000000,
    "sellingGeneralAndAdministrativeExpenses": 470000000,
    "otherExpenses": 548000000,
    "operatingExpenses": 1018000000,
    "costAndExpenses": 1018000000,
    "interestIncome": 244000000,
    "interestExpense": 64000000,
    "depreciationAndAmortization": 71000000,
    "ebitda": 0,
    "ebitdaratio": 0,
    "operatingIncome": 0,
    "operatingIncomeRatio": 0,
    "totalOtherIncomeExpensesNet": 182000000,
    "incomeBeforeTax": 182000000,
    "incomeBeforeTaxRatio": 0.1787819253,
    "incomeTaxExpense": 56000000,
    "netIncome": 126000000,
    "netIncomeRatio": 0.1237721022,
    "eps": 0.1,
    "epsdiluted": 0.09,
    "weightedAverageShsOut": 1360000000,
    "weightedAverageShsOutDil": 1360000000,
    "link": "https://www.sec.gov/Archives/edgar/data/316709/000031670903000025/0000316709-03-000025-index.htm",
    "finalLink": "https://www.sec.gov/Archives/edgar/data/316709/000031670903000025/body.txt"
  },
  {
    "date": "2003-03-31",
    "symbol": "SCHW",
    "reportedCurrency": "USD",
    "cik": "0000316709",
    "fillingDate": "2003-05-13",
    "acceptedDate": "2003-05-13 13:40:55",
    "calendarYear": "2003",
    "period": "Q1",
    "revenue": 900000000,
    "costOfRevenue": 0,
    "grossProfit": 900000000,
    "grossProfitRatio": 1,
    "researchAndDevelopmentExpenses": 0,
    "generalAndAdministrativeExpenses": 417000000,
    "sellingAndMarketingExpenses": 48000000,
    "sellingGeneralAndAdministrativeExpenses": 465000000,
    "otherExpenses": 435000000,
    "operatingExpenses": 900000000,
    "costAndExpenses": 900000000,
    "interestIncome": 239000000,
    "interestExpense": 64000000,
    "depreciationAndAmortization": 76000000,
    "ebitda": 0,
    "ebitdaratio": 0,
    "operatingIncome": 0,
    "operatingIncomeRatio": 0,
    "totalOtherIncomeExpensesNet": 97000000,
    "incomeBeforeTax": 97000000,
    "incomeBeforeTaxRatio": 0.1077777778,
    "incomeTaxExpense": 23000000,
    "netIncome": 71000000,
    "netIncomeRatio": 0.0788888889,
    "eps": 0.05,
    "epsdiluted": 0.05,
    "weightedAverageShsOut": 1357000000,
    "weightedAverageShsOutDil": 1357000000,
    "link": "https://www.sec.gov/Archives/edgar/data/316709/000031670903000017/0000316709-03-000017-index.htm",
    "finalLink": "https://www.sec.gov/Archives/edgar/data/316709/000031670903000017/body.txt"
  },
  {
    "date": "2002-12-31",
    "symbol": "SCHW",
    "reportedCurrency": "USD",
    "cik": "0000316709",
    "fillingDate": "2003-03-21",
    "acceptedDate": "2003-03-21 15:12:28",
    "calendarYear": "2002",
    "period": "Q4",
    "revenue": 996000000,
    "costOfRevenue": 0,
    "grossProfit": 996000000,
    "grossProfitRatio": 1,
    "researchAndDevelopmentExpenses": 0,
    "generalAndAdministrativeExpenses": 419000000,
    "sellingAndMarketingExpenses": -32000000,
    "sellingGeneralAndAdministrativeExpenses": 387000000,
    "otherExpenses": 609000000,
    "operatingExpenses": 996000000,
    "costAndExpenses": 996000000,
    "interestIncome": 266000000,
    "interestExpense": 73000000,
    "depreciationAndAmortization": 78000000,
    "ebitda": 0,
    "ebitdaratio": 0,
    "operatingIncome": 0,
    "operatingIncomeRatio": 0,
    "totalOtherIncomeExpensesNet": -113000000,
    "incomeBeforeTax": -113000000,
    "incomeBeforeTaxRatio": -0.1134538153,
    "incomeTaxExpense": -34000000,
    "netIncome": -79000000,
    "netIncomeRatio": -0.0793172691,
    "eps": -0.0583,
    "epsdiluted": 0,
    "weightedAverageShsOut": 0,
    "weightedAverageShsOutDil": 0,
    "link": "https://www.sec.gov/Archives/edgar/data/316709/000031670903000009/0000316709-03-000009-index.htm",
    "finalLink": "https://www.sec.gov/Archives/edgar/data/316709/000031670903000009/body.txt"
  },
  {
    "date": "2002-09-30",
    "symbol": "SCHW",
    "reportedCurrency": "USD",
    "cik": "0000316709",
    "fillingDate": "2002-11-12",
    "acceptedDate": "2002-11-12 14:12:16",
    "calendarYear": "2002",
    "period": "Q3",
    "revenue": 1031000000,
    "costOfRevenue": 0,
    "grossProfit": 1031000000,
    "grossProfitRatio": 1,
    "researchAndDevelopmentExpenses": 0,
    "generalAndAdministrativeExpenses": 472000000,
    "sellingAndMarketingExpenses": 51000000,
    "sellingGeneralAndAdministrativeExpenses": 523000000,
    "otherExpenses": 508000000,
    "operatingExpenses": 1031000000,
    "costAndExpenses": 1031000000,
    "interestIncome": 295000000,
    "interestExpense": 86000000,
    "depreciationAndAmortization": 81000000,
    "ebitda": 0,
    "ebitdaratio": 0,
    "operatingIncome": 0,
    "operatingIncomeRatio": 0,
    "totalOtherIncomeExpensesNet": -5000000,
    "incomeBeforeTax": -5000000,
    "incomeBeforeTaxRatio": -0.0048496605,
    "incomeTaxExpense": -1000000,
    "netIncome": -4000000,
    "netIncomeRatio": -0.0038797284,
    "eps": -0.0029,
    "epsdiluted": 0,
    "weightedAverageShsOut": 1358000000,
    "weightedAverageShsOutDil": 1358000000,
    "link": "https://www.sec.gov/Archives/edgar/data/316709/000031670902000042/0000316709-02-000042-index.htm",
    "finalLink": "https://www.sec.gov/Archives/edgar/data/316709/000031670902000042/body.txt"
  },
  {
    "date": "2002-06-30",
    "symbol": "SCHW",
    "reportedCurrency": "USD",
    "cik": "0000316709",
    "fillingDate": "2002-08-13",
    "acceptedDate": "2002-08-13 17:27:58",
    "calendarYear": "2002",
    "period": "Q2",
    "revenue": 1037000000,
    "costOfRevenue": 0,
    "grossProfit": 1037000000,
    "grossProfitRatio": 1,
    "researchAndDevelopmentExpenses": 0,
    "generalAndAdministrativeExpenses": 470000000,
    "sellingAndMarketingExpenses": 51000000,
    "sellingGeneralAndAdministrativeExpenses": 521000000,
    "otherExpenses": 516000000,
    "operatingExpenses": 1037000000,
    "costAndExpenses": 1037000000,
    "interestIncome": 303000000,
    "interestExpense": 90000000,
    "depreciationAndAmortization": 79000000,
    "ebitda": 0,
    "ebitdaratio": 0,
    "operatingIncome": 0,
    "operatingIncomeRatio": 0,
    "totalOtherIncomeExpensesNet": 161000000,
    "incomeBeforeTax": 161000000,
    "incomeBeforeTaxRatio": 0.1552555448,
    "incomeTaxExpense": 60000000,
    "netIncome": 98000000,
    "netIncomeRatio": 0.0945033751,
    "eps": 0.07,
    "epsdiluted": 0.07,
    "weightedAverageShsOut": 1385000000,
    "weightedAverageShsOutDil": 1385000000,
    "link": "https://www.sec.gov/Archives/edgar/data/316709/000031670902000029/0000316709-02-000029-index.htm",
    "finalLink": "https://www.sec.gov/Archives/edgar/data/316709/000031670902000029/body.txt"
  },
  {
    "date": "2002-03-31",
    "symbol": "SCHW",
    "reportedCurrency": "USD",
    "cik": "0000316709",
    "fillingDate": "2002-05-10",
    "acceptedDate": "2002-05-10 11:53:48",
    "calendarYear": "2002",
    "period": "Q1",
    "revenue": 1059000000,
    "costOfRevenue": 0,
    "grossProfit": 1059000000,
    "grossProfitRatio": 1,
    "researchAndDevelopmentExpenses": 0,
    "generalAndAdministrativeExpenses": 485000000,
    "sellingAndMarketingExpenses": 53000000,
    "sellingGeneralAndAdministrativeExpenses": 538000000,
    "otherExpenses": 521000000,
    "operatingExpenses": 1059000000,
    "costAndExpenses": 1059000000,
    "interestIncome": 315000000,
    "interestExpense": 94000000,
    "depreciationAndAmortization": 83000000,
    "ebitda": 0,
    "ebitdaratio": 0,
    "operatingIncome": 0,
    "operatingIncomeRatio": 0,
    "totalOtherIncomeExpensesNet": 130000000,
    "incomeBeforeTax": 130000000,
    "incomeBeforeTaxRatio": 0.1227573182,
    "incomeTaxExpense": 48000000,
    "netIncome": 94000000,
    "netIncomeRatio": 0.0887629839,
    "eps": 0.07,
    "epsdiluted": 0.07,
    "weightedAverageShsOut": 1389000000,
    "weightedAverageShsOutDil": 1389000000,
    "link": "https://www.sec.gov/Archives/edgar/data/316709/000031670902000019/0000316709-02-000019-index.htm",
    "finalLink": "https://www.sec.gov/Archives/edgar/data/316709/000031670902000019/body.txt"
  },
  {
    "date": "2001-12-31",
    "symbol": "SCHW",
    "reportedCurrency": "USD",
    "cik": "0000316709",
    "fillingDate": "2002-03-27",
    "acceptedDate": "2002-03-27 00:00:00",
    "calendarYear": "2001",
    "period": "Q4",
    "revenue": 1059000000,
    "costOfRevenue": 0,
    "grossProfit": 1059000000,
    "grossProfitRatio": 1,
    "researchAndDevelopmentExpenses": 0,
    "generalAndAdministrativeExpenses": 398000000,
    "sellingAndMarketingExpenses": 61000000,
    "sellingGeneralAndAdministrativeExpenses": 459000000,
    "otherExpenses": 600000000,
    "operatingExpenses": 1059000000,
    "costAndExpenses": 1059000000,
    "interestIncome": 348000000,
    "interestExpense": 138000000,
    "depreciationAndAmortization": 103000000,
    "ebitda": 0,
    "ebitdaratio": 0,
    "operatingIncome": 0,
    "operatingIncomeRatio": 0,
    "totalOtherIncomeExpensesNet": -29000000,
    "incomeBeforeTax": -29000000,
    "incomeBeforeTaxRatio": -0.0273843248,
    "incomeTaxExpense": -16000000,
    "netIncome": -13000000,
    "netIncomeRatio": -0.0122757318,
    "eps": -0.0094,
    "epsdiluted": 0,
    "weightedAverageShsOut": 0,
    "weightedAverageShsOutDil": 0,
    "link": "https://www.sec.gov/Archives/edgar/data/316709/000031670902000008/0000316709-02-000008-index.htm",
    "finalLink": "https://www.sec.gov/Archives/edgar/data/316709/000031670902000008/body.txt"
  },
  {
    "date": "2001-09-30",
    "symbol": "SCHW",
    "reportedCurrency": "USD",
    "cik": "0000316709",
    "fillingDate": "2001-11-09",
    "acceptedDate": "2001-11-09 00:00:00",
    "calendarYear": "2001",
    "period": "Q3",
    "revenue": 1023000000,
    "costOfRevenue": 0,
    "grossProfit": 1023000000,
    "grossProfitRatio": 1,
    "researchAndDevelopmentExpenses": 0,
    "generalAndAdministrativeExpenses": 475000000,
    "sellingAndMarketingExpenses": 41000000,
    "sellingGeneralAndAdministrativeExpenses": 516000000,
    "otherExpenses": 507000000,
    "operatingExpenses": 1023000000,
    "costAndExpenses": 1023000000,
    "interestIncome": 431000000,
    "interestExpense": 201000000,
    "depreciationAndAmortization": 102000000,
    "ebitda": 0,
    "ebitdaratio": 0,
    "operatingIncome": 0,
    "operatingIncomeRatio": 0,
    "totalOtherIncomeExpensesNet": 26000000,
    "incomeBeforeTax": 26000000,
    "incomeBeforeTaxRatio": 0.0254154448,
    "incomeTaxExpense": 13000000,
    "netIncome": 13000000,
    "netIncomeRatio": 0.0127077224,
    "eps": 0.01,
    "epsdiluted": 0.01,
    "weightedAverageShsOut": 1395000000,
    "weightedAverageShsOutDil": 1395000000,
    "link": "https://www.sec.gov/Archives/edgar/data/316709/000031670901500032/0000316709-01-500032-index.htm",
    "finalLink": "https://www.sec.gov/Archives/edgar/data/316709/000031670901500032/body.txt"
  },
  {
    "date": "2001-06-30",
    "symbol": "SCHW",
    "reportedCurrency": "USD",
    "cik": "0000316709",
    "fillingDate": "2001-08-10",
    "acceptedDate": "2001-08-10 00:00:00",
    "calendarYear": "2001",
    "period": "Q2",
    "revenue": 1071000000,
    "costOfRevenue": 0,
    "grossProfit": 1071000000,
    "grossProfitRatio": 1,
    "researchAndDevelopmentExpenses": 0,
    "generalAndAdministrativeExpenses": 494000000,
    "sellingAndMarketingExpenses": 50000000,
    "sellingGeneralAndAdministrativeExpenses": 544000000,
    "otherExpenses": 527000000,
    "operatingExpenses": 1071000000,
    "costAndExpenses": 1071000000,
    "interestIncome": 489000000,
    "interestExpense": 257000000,
    "depreciationAndAmortization": 99000000,
    "ebitda": 0,
    "ebitdaratio": 0,
    "operatingIncome": 0,
    "operatingIncomeRatio": 0,
    "totalOtherIncomeExpensesNet": -26000000,
    "incomeBeforeTax": -26000000,
    "incomeBeforeTaxRatio": -0.0242763772,
    "incomeTaxExpense": -7000000,
    "netIncome": 102000000,
    "netIncomeRatio": 0.0952380952,
    "eps": 0.07,
    "epsdiluted": 0.07,
    "weightedAverageShsOut": 1457142857,
    "weightedAverageShsOutDil": 1457142857,
    "link": "https://www.sec.gov/Archives/edgar/data/316709/000031670901500019/0000316709-01-500019-index.htm",
    "finalLink": "https://www.sec.gov/Archives/edgar/data/316709/000031670901500019/body.txt"
  },
  {
    "date": "2001-03-31",
    "symbol": "SCHW",
    "reportedCurrency": "USD",
    "cik": "0000316709",
    "fillingDate": "2001-05-14",
    "acceptedDate": "2001-05-14 00:00:00",
    "calendarYear": "2001",
    "period": "Q1",
    "revenue": 1200000000,
    "costOfRevenue": 0,
    "grossProfit": 1200000000,
    "grossProfitRatio": 1,
    "researchAndDevelopmentExpenses": 0,
    "generalAndAdministrativeExpenses": 493000000,
    "sellingAndMarketingExpenses": 94000000,
    "sellingGeneralAndAdministrativeExpenses": 587000000,
    "otherExpenses": 613000000,
    "operatingExpenses": 1200000000,
    "costAndExpenses": 1200000000,
    "interestIncome": 589000000,
    "interestExpense": 332000000,
    "depreciationAndAmortization": 100000000,
    "ebitda": 0,
    "ebitdaratio": 0,
    "operatingIncome": 0,
    "operatingIncomeRatio": 0,
    "totalOtherIncomeExpensesNet": 164000000,
    "incomeBeforeTax": 164000000,
    "incomeBeforeTaxRatio": 0.1366666667,
    "incomeTaxExpense": 67000000,
    "netIncome": 97000000,
    "netIncomeRatio": 0.0808333333,
    "eps": 0.07,
    "epsdiluted": 0.07,
    "weightedAverageShsOut": 1385714286,
    "weightedAverageShsOutDil": 1410000000,
    "link": "https://www.sec.gov/Archives/edgar/data/316709/000031670901500011/0000316709-01-500011-index.htm",
    "finalLink": "https://www.sec.gov/Archives/edgar/data/316709/000031670901500011/body.txt"
  },
  {
    "date": "2000-12-31",
    "symbol": "SCHW",
    "reportedCurrency": "USD",
    "cik": "0000316709",
    "fillingDate": "2001-03-28",
    "acceptedDate": "2001-03-28 00:00:00",
    "calendarYear": "2000",
    "period": "Q4",
    "revenue": 1334923000,
    "costOfRevenue": 0,
    "grossProfit": 1334923000,
    "grossProfitRatio": 1,
    "researchAndDevelopmentExpenses": 0,
    "generalAndAdministrativeExpenses": 539739000,
    "sellingAndMarketingExpenses": 88949000,
    "sellingGeneralAndAdministrativeExpenses": 628688000,
    "otherExpenses": 706235000,
    "operatingExpenses": 1334923000,
    "costAndExpenses": 1334923000,
    "interestIncome": 663318000,
    "interestExpense": 357641000,
    "depreciationAndAmortization": 90601000,
    "ebitda": 0,
    "ebitdaratio": 0,
    "operatingIncome": 0,
    "operatingIncomeRatio": 0,
    "totalOtherIncomeExpensesNet": 225910000,
    "incomeBeforeTax": 225910000,
    "incomeBeforeTaxRatio": 0.1692307347,
    "incomeTaxExpense": 87205000,
    "netIncome": 138705000,
    "netIncomeRatio": 0.1039048694,
    "eps": 0.1,
    "epsdiluted": 0,
    "weightedAverageShsOut": 0,
    "weightedAverageShsOutDil": 0,
    "link": "https://www.sec.gov/Archives/edgar/data/316709/000031670901000010/0000316709-01-000010-index.htm",
    "finalLink": "https://www.sec.gov/Archives/edgar/data/316709/000031670901000010/0000316709-01-000010-0001.txt"
  },
  {
    "date": "2000-09-30",
    "symbol": "SCHW",
    "reportedCurrency": "USD",
    "cik": "0000316709",
    "fillingDate": "2000-11-09",
    "acceptedDate": "2000-11-09 00:00:00",
    "calendarYear": "2000",
    "period": "Q3",
    "revenue": 1323000000,
    "costOfRevenue": 0,
    "grossProfit": 1323000000,
    "grossProfitRatio": 1,
    "researchAndDevelopmentExpenses": 0,
    "generalAndAdministrativeExpenses": 613000000,
    "sellingAndMarketingExpenses": 62000000,
    "sellingGeneralAndAdministrativeExpenses": 675000000,
    "otherExpenses": 648000000,
    "operatingExpenses": 1323000000,
    "costAndExpenses": 1323000000,
    "interestIncome": 674000000,
    "interestExpense": 359000000,
    "depreciationAndAmortization": 79000000,
    "ebitda": 0,
    "ebitdaratio": 0,
    "operatingIncome": 0,
    "operatingIncomeRatio": 0,
    "totalOtherIncomeExpensesNet": 240000000,
    "incomeBeforeTax": 240000000,
    "incomeBeforeTaxRatio": 0.1814058957,
    "incomeTaxExpense": 98000000,
    "netIncome": 142000000,
    "netIncomeRatio": 0.1073318216,
    "eps": 0.1,
    "epsdiluted": 0.1,
    "weightedAverageShsOut": 1415000000,
    "weightedAverageShsOutDil": 1415000000,
    "link": "https://www.sec.gov/Archives/edgar/data/316709/000031670900000024/0000316709-00-000024-index.htm",
    "finalLink": "https://www.sec.gov/Archives/edgar/data/316709/000031670900000024/0000316709-00-000024-0001.txt"
  },
  {
    "date": "2000-06-30",
    "symbol": "SCHW",
    "reportedCurrency": "USD",
    "cik": "0000316709",
    "fillingDate": "2000-08-11",
    "acceptedDate": "2000-08-11 00:00:00",
    "calendarYear": "2000",
    "period": "Q2",
    "revenue": 1403000000,
    "costOfRevenue": 0,
    "grossProfit": 1403000000,
    "grossProfitRatio": 1,
    "researchAndDevelopmentExpenses": 0,
    "generalAndAdministrativeExpenses": 600000000,
    "sellingAndMarketingExpenses": 77000000,
    "sellingGeneralAndAdministrativeExpenses": 677000000,
    "otherExpenses": 726000000,
    "operatingExpenses": 1403000000,
    "costAndExpenses": 1403000000,
    "interestIncome": 651000000,
    "interestExpense": 332000000,
    "depreciationAndAmortization": 84000000,
    "ebitda": 0,
    "ebitdaratio": 0,
    "operatingIncome": 0,
    "operatingIncomeRatio": 0,
    "totalOtherIncomeExpensesNet": 253000000,
    "incomeBeforeTax": 253000000,
    "incomeBeforeTaxRatio": 0.1803278689,
    "incomeTaxExpense": 116000000,
    "netIncome": 137000000,
    "netIncomeRatio": 0.0976478974,
    "eps": 0.1,
    "epsdiluted": 0.09,
    "weightedAverageShsOut": 1407366000,
    "weightedAverageShsOutDil": 1407366000,
    "link": "https://www.sec.gov/Archives/edgar/data/316709/000031670900000017/0000316709-00-000017-index.htm",
    "finalLink": "https://www.sec.gov/Archives/edgar/data/316709/000031670900000017/0000316709-00-000017-0001.txt"
  },
  {
    "date": "2000-03-31",
    "symbol": "SCHW",
    "reportedCurrency": "USD",
    "cik": "0000316709",
    "fillingDate": "2000-05-10",
    "acceptedDate": "2000-05-10 00:00:00",
    "calendarYear": "2000",
    "period": "Q1",
    "revenue": 1571000000,
    "costOfRevenue": 0,
    "grossProfit": 1571000000,
    "grossProfitRatio": 1,
    "researchAndDevelopmentExpenses": 0,
    "generalAndAdministrativeExpenses": 591000000,
    "sellingAndMarketingExpenses": 101000000,
    "sellingGeneralAndAdministrativeExpenses": 692000000,
    "otherExpenses": 879000000,
    "operatingExpenses": 1571000000,
    "costAndExpenses": 1571000000,
    "interestIncome": 530000000,
    "interestExpense": 266000000,
    "depreciationAndAmortization": 54000000,
    "ebitda": 0,
    "ebitdaratio": 0,
    "operatingIncome": 0,
    "operatingIncomeRatio": 0,
    "totalOtherIncomeExpensesNet": 479000000,
    "incomeBeforeTax": 479000000,
    "incomeBeforeTaxRatio": 0.3049013367,
    "incomeTaxExpense": 195000000,
    "netIncome": 284000000,
    "netIncomeRatio": 0.1807765754,
    "eps": 0.23,
    "epsdiluted": 0.22,
    "weightedAverageShsOut": 1232244000,
    "weightedAverageShsOutDil": 1278118000,
    "link": "https://www.sec.gov/Archives/edgar/data/316709/000031670900000012/0000316709-00-000012-index.html",
    "finalLink": "https://www.sec.gov/Archives/edgar/data/316709/000031670900000012/"
  },
  {
    "date": "1999-12-31",
    "symbol": "SCHW",
    "reportedCurrency": "USD",
    "cik": "0000316709",
    "fillingDate": "2000-03-28",
    "acceptedDate": "2000-03-28 00:00:00",
    "calendarYear": "1999",
    "period": "Q4",
    "revenue": 1127400000,
    "costOfRevenue": 0,
    "grossProfit": 1127400000,
    "grossProfitRatio": 1,
    "researchAndDevelopmentExpenses": 0,
    "generalAndAdministrativeExpenses": 462000000,
    "sellingAndMarketingExpenses": 77100000,
    "sellingGeneralAndAdministrativeExpenses": 539100000,
    "otherExpenses": 588300000,
    "operatingExpenses": 1127400000,
    "costAndExpenses": 1127400000,
    "interestIncome": 427100000,
    "interestExpense": 224400000,
    "depreciationAndAmortization": 45400000,
    "ebitda": 0,
    "ebitdaratio": 0,
    "operatingIncome": 0,
    "operatingIncomeRatio": 0,
    "totalOtherIncomeExpensesNet": 281800000,
    "incomeBeforeTax": 281800000,
    "incomeBeforeTaxRatio": 0.2499556502,
    "incomeTaxExpense": 111300000,
    "netIncome": 170500000,
    "netIncomeRatio": 0.1512329253,
    "eps": 0.14,
    "epsdiluted": 0,
    "weightedAverageShsOut": 0,
    "weightedAverageShsOutDil": 0,
    "link": "https://www.sec.gov/Archives/edgar/data/316709/000031670900000009/0000316709-00-000009-index.html",
    "finalLink": "https://www.sec.gov/Archives/edgar/data/316709/000031670900000009/"
  },
  {
    "date": "1999-09-30",
    "symbol": "SCHW",
    "reportedCurrency": "USD",
    "cik": "0000316709",
    "fillingDate": "1999-11-10",
    "acceptedDate": "1999-11-10 00:00:00",
    "calendarYear": "1999",
    "period": "Q3",
    "revenue": 1015722000,
    "costOfRevenue": 0,
    "grossProfit": 1015722000,
    "grossProfitRatio": 1,
    "researchAndDevelopmentExpenses": 0,
    "generalAndAdministrativeExpenses": 434533000,
    "sellingAndMarketingExpenses": 59282000,
    "sellingGeneralAndAdministrativeExpenses": 493815000,
    "otherExpenses": 521907000,
    "operatingExpenses": 1015722000,
    "costAndExpenses": 1015722000,
    "interestIncome": 437880000,
    "interestExpense": 226998000,
    "depreciationAndAmortization": 47004000,
    "ebitda": 0,
    "ebitdaratio": 0,
    "operatingIncome": 0,
    "operatingIncomeRatio": 0,
    "totalOtherIncomeExpensesNet": 235863000,
    "incomeBeforeTax": 235863000,
    "incomeBeforeTaxRatio": 0.2322121604,
    "incomeTaxExpense": 91756000,
    "netIncome": 144107000,
    "netIncomeRatio": 0.1418764189,
    "eps": 0.11,
    "epsdiluted": 0.1,
    "weightedAverageShsOut": 1375736000,
    "weightedAverageShsOutDil": 1375736000,
    "link": "https://www.sec.gov/Archives/edgar/data/316709/000031670999000047/0000316709-99-000047-index.html",
    "finalLink": "https://www.sec.gov/Archives/edgar/data/316709/000031670999000047/"
  },
  {
    "date": "1999-06-30",
    "symbol": "SCHW",
    "reportedCurrency": "USD",
    "cik": "0000316709",
    "fillingDate": "1999-08-11",
    "acceptedDate": "1999-08-11 00:00:00",
    "calendarYear": "1999",
    "period": "Q2",
    "revenue": 1116206000,
    "costOfRevenue": 0,
    "grossProfit": 1116206000,
    "grossProfitRatio": 1,
    "researchAndDevelopmentExpenses": 0,
    "generalAndAdministrativeExpenses": 468812000,
    "sellingAndMarketingExpenses": 56042000,
    "sellingGeneralAndAdministrativeExpenses": 524854000,
    "otherExpenses": 591352000,
    "operatingExpenses": 1116206000,
    "costAndExpenses": 1116206000,
    "interestIncome": 403029000,
    "interestExpense": 206230000,
    "depreciationAndAmortization": 50774000,
    "ebitda": 0,
    "ebitdaratio": 0,
    "operatingIncome": 0,
    "operatingIncomeRatio": 0,
    "totalOtherIncomeExpensesNet": 281879000,
    "incomeBeforeTax": 281879000,
    "incomeBeforeTaxRatio": 0.2525331346,
    "incomeTaxExpense": 111346000,
    "netIncome": 170533000,
    "netIncomeRatio": 0.1527791465,
    "eps": 0.12,
    "epsdiluted": 0.12,
    "weightedAverageShsOut": 1421108333,
    "weightedAverageShsOutDil": 1421108333,
    "link": "https://www.sec.gov/Archives/edgar/data/316709/000031670999000018/0000316709-99-000018-index.html",
    "finalLink": "https://www.sec.gov/Archives/edgar/data/316709/000031670999000018/"
  },
  {
    "date": "1999-03-31",
    "symbol": "SCHW",
    "reportedCurrency": "USD",
    "cik": "0000316709",
    "fillingDate": "1999-05-11",
    "acceptedDate": "1999-05-11 00:00:00",
    "calendarYear": "1999",
    "period": "Q1",
    "revenue": 951600000,
    "costOfRevenue": 0,
    "grossProfit": 951600000,
    "grossProfitRatio": 1,
    "researchAndDevelopmentExpenses": 0,
    "generalAndAdministrativeExpenses": 390200000,
    "sellingAndMarketingExpenses": 52600000,
    "sellingGeneralAndAdministrativeExpenses": 442800000,
    "otherExpenses": 508800000,
    "operatingExpenses": 951600000,
    "costAndExpenses": 951600000,
    "interestIncome": 323400000,
    "interestExpense": 173500000,
    "depreciationAndAmortization": 34900000,
    "ebitda": 0,
    "ebitdaratio": 0,
    "operatingIncome": 0,
    "operatingIncomeRatio": 0,
    "totalOtherIncomeExpensesNet": 236100000,
    "incomeBeforeTax": 236100000,
    "incomeBeforeTaxRatio": 0.2481084489,
    "incomeTaxExpense": 93200000,
    "netIncome": 142900000,
    "netIncomeRatio": 0.1501681379,
    "eps": 0.12,
    "epsdiluted": 0.11,
    "weightedAverageShsOut": 1410564000,
    "weightedAverageShsOutDil": 1410564000,
    "link": "https://www.sec.gov/Archives/edgar/data/316709/000031670999000009/0000316709-99-000009-index.html",
    "finalLink": "https://www.sec.gov/Archives/edgar/data/316709/"
  },
  {
    "date": "1998-12-31",
    "symbol": "SCHW",
    "reportedCurrency": "USD",
    "cik": "0000316709",
    "fillingDate": "1999-03-30",
    "acceptedDate": "1999-03-30 00:00:00",
    "calendarYear": "1998",
    "period": "Q4",
    "revenue": 788600000,
    "costOfRevenue": 0,
    "grossProfit": 788600000,
    "grossProfitRatio": 1,
    "researchAndDevelopmentExpenses": 0,
    "generalAndAdministrativeExpenses": 327400000,
    "sellingAndMarketingExpenses": 53300000,
    "sellingGeneralAndAdministrativeExpenses": 380700000,
    "otherExpenses": 407900000,
    "operatingExpenses": 788600000,
    "costAndExpenses": 788600000,
    "interestIncome": 299300000,
    "interestExpense": 168900000,
    "depreciationAndAmortization": 33900000,
    "ebitda": 0,
    "ebitdaratio": 0,
    "operatingIncome": 0,
    "operatingIncomeRatio": 0,
    "totalOtherIncomeExpensesNet": 175900000,
    "incomeBeforeTax": 175900000,
    "incomeBeforeTaxRatio": 0.2230535126,
    "incomeTaxExpense": 69500000,
    "netIncome": 106400000,
    "netIncomeRatio": 0.1349226477,
    "eps": 0.0754,
    "epsdiluted": 0,
    "weightedAverageShsOut": 0,
    "weightedAverageShsOutDil": 0,
    "link": "https://www.sec.gov/Archives/edgar/data/316709/000031670999000003/0000316709-99-000003-index.html",
    "finalLink": "https://www.sec.gov/Archives/edgar/data/316709/"
  },
  {
    "date": "1998-09-30",
    "symbol": "SCHW",
    "reportedCurrency": "USD",
    "cik": "0000316709",
    "fillingDate": "1998-11-10",
    "acceptedDate": "1998-11-10 00:00:00",
    "calendarYear": "1998",
    "period": "Q3",
    "revenue": 705300000,
    "costOfRevenue": 0,
    "grossProfit": 705300000,
    "grossProfitRatio": 1,
    "researchAndDevelopmentExpenses": 0,
    "generalAndAdministrativeExpenses": 290700000,
    "sellingAndMarketingExpenses": 34000000,
    "sellingGeneralAndAdministrativeExpenses": 324700000,
    "otherExpenses": 380600000,
    "operatingExpenses": 705300000,
    "costAndExpenses": 705300000,
    "interestIncome": 291000000,
    "interestExpense": 167000000,
    "depreciationAndAmortization": 35100000,
    "ebitda": 0,
    "ebitdaratio": 0,
    "operatingIncome": 0,
    "operatingIncomeRatio": 0,
    "totalOtherIncomeExpensesNet": 162500000,
    "incomeBeforeTax": 162500000,
    "incomeBeforeTaxRatio": 0.230398412,
    "incomeTaxExpense": 64700000,
    "netIncome": 97800000,
    "netIncomeRatio": 0.1386643981,
    "eps": 0.09,
    "epsdiluted": 0.08,
    "weightedAverageShsOut": 1086666667,
    "weightedAverageShsOutDil": 1222500000,
    "link": "https://www.sec.gov/Archives/edgar/data/316709/000031670998000022/0000316709-98-000022-index.html",
    "finalLink": "https://www.sec.gov/Archives/edgar/data/316709/"
  },
  {
    "date": "1998-06-30",
    "symbol": "SCHW",
    "reportedCurrency": "USD",
    "cik": "0000316709",
    "fillingDate": "1998-08-11",
    "acceptedDate": "1998-08-11 00:00:00",
    "calendarYear": "1998",
    "period": "Q2",
    "revenue": 638000000,
    "costOfRevenue": 0,
    "grossProfit": 638000000,
    "grossProfitRatio": 1,
    "researchAndDevelopmentExpenses": 0,
    "generalAndAdministrativeExpenses": 278800000,
    "sellingAndMarketingExpenses": 27600000,
    "sellingGeneralAndAdministrativeExpenses": 306400000,
    "otherExpenses": 331600000,
    "operatingExpenses": 638000000,
    "costAndExpenses": 638000000,
    "interestIncome": 276900000,
    "interestExpense": 160600000,
    "depreciationAndAmortization": 35300000,
    "ebitda": 0,
    "ebitdaratio": 0,
    "operatingIncome": 0,
    "operatingIncomeRatio": 0,
    "totalOtherIncomeExpensesNet": 125800000,
    "incomeBeforeTax": 125800000,
    "incomeBeforeTaxRatio": 0.1971786834,
    "incomeTaxExpense": 49500000,
    "netIncome": 76300000,
    "netIncomeRatio": 0.1195924765,
    "eps": 0.07,
    "epsdiluted": 0.07,
    "weightedAverageShsOut": 1090000000,
    "weightedAverageShsOutDil": 1090000000,
    "link": "https://www.sec.gov/Archives/edgar/data/316709/000031670998000019/0000316709-98-000019-index.html",
    "finalLink": "https://www.sec.gov/Archives/edgar/data/316709/"
  },
  {
    "date": "1998-03-31",
    "symbol": "SCHW",
    "reportedCurrency": "USD",
    "cik": "0000316709",
    "fillingDate": "1998-05-12",
    "acceptedDate": "1998-05-12 00:00:00",
    "calendarYear": "1998",
    "period": "Q1",
    "revenue": 604400000,
    "costOfRevenue": 0,
    "grossProfit": 604400000,
    "grossProfitRatio": 1,
    "researchAndDevelopmentExpenses": 0,
    "generalAndAdministrativeExpenses": 265900000,
    "sellingAndMarketingExpenses": 40200000,
    "sellingGeneralAndAdministrativeExpenses": 306100000,
    "otherExpenses": 298300000,
    "operatingExpenses": 604400000,
    "costAndExpenses": 604400000,
    "interestIncome": 260200000,
    "interestExpense": 155600000,
    "depreciationAndAmortization": 34200000,
    "ebitda": 0,
    "ebitdaratio": 0,
    "operatingIncome": 0,
    "operatingIncomeRatio": 0,
    "totalOtherIncomeExpensesNet": 112400000,
    "incomeBeforeTax": 112400000,
    "incomeBeforeTaxRatio": 0.1859695566,
    "incomeTaxExpense": 44400000,
    "netIncome": 68000000,
    "netIncomeRatio": 0.1125082727,
    "eps": 0.06,
    "epsdiluted": 0.06,
    "weightedAverageShsOut": 1133333333,
    "weightedAverageShsOutDil": 1133333333,
    "link": "https://www.sec.gov/Archives/edgar/data/316709/000031670998000008/0000316709-98-000008-index.html",
    "finalLink": "https://www.sec.gov/Archives/edgar/data/316709/"
  },
  {
    "date": "1997-12-31",
    "symbol": "SCHW",
    "reportedCurrency": "USD",
    "cik": "0000316709",
    "fillingDate": "1998-03-27",
    "acceptedDate": "1998-03-27 00:00:00",
    "calendarYear": "1997",
    "period": "Q4",
    "revenue": 620500000,
    "costOfRevenue": 0,
    "grossProfit": 620500000,
    "grossProfitRatio": 1,
    "researchAndDevelopmentExpenses": 0,
    "generalAndAdministrativeExpenses": 261700000,
    "sellingAndMarketingExpenses": 38500000,
    "sellingGeneralAndAdministrativeExpenses": 300200000,
    "otherExpenses": 320300000,
    "operatingExpenses": 620500000,
    "costAndExpenses": 620500000,
    "interestIncome": 248300000,
    "interestExpense": 147900000,
    "depreciationAndAmortization": 32300000,
    "ebitda": 0,
    "ebitdaratio": 0,
    "operatingIncome": 0,
    "operatingIncomeRatio": 0,
    "totalOtherIncomeExpensesNet": 104300000,
    "incomeBeforeTax": 104300000,
    "incomeBeforeTaxRatio": 0.1680902498,
    "incomeTaxExpense": 41200000,
    "netIncome": 63100000,
    "netIncomeRatio": 0.1016921837,
    "eps": 0.0526,
    "epsdiluted": 0,
    "weightedAverageShsOut": 0,
    "weightedAverageShsOutDil": 0,
    "link": "https://www.sec.gov/Archives/edgar/data/316709/000104746998012181/0001047469-98-012181-index.html",
    "finalLink": "https://www.sec.gov/Archives/edgar/data/316709/"
  },
  {
    "date": "1997-09-30",
    "symbol": "SCHW",
    "reportedCurrency": "USD",
    "cik": "0000316709",
    "fillingDate": "1997-10-29",
    "acceptedDate": "1997-10-29 00:00:00",
    "calendarYear": "1997",
    "period": "Q3",
    "revenue": 611900000,
    "costOfRevenue": 0,
    "grossProfit": 611900000,
    "grossProfitRatio": 1,
    "researchAndDevelopmentExpenses": 0,
    "generalAndAdministrativeExpenses": 255100000,
    "sellingAndMarketingExpenses": 29300000,
    "sellingGeneralAndAdministrativeExpenses": 284400000,
    "otherExpenses": 327500000,
    "operatingExpenses": 611900000,
    "costAndExpenses": 611900000,
    "interestIncome": 236400000,
    "interestExpense": 142400000,
    "depreciationAndAmortization": 34900000,
    "ebitda": 0,
    "ebitdaratio": 0,
    "operatingIncome": 0,
    "operatingIncomeRatio": 0,
    "totalOtherIncomeExpensesNet": 126900000,
    "incomeBeforeTax": 126900000,
    "incomeBeforeTaxRatio": 0.2073868279,
    "incomeTaxExpense": 50400000,
    "netIncome": 76500000,
    "netIncomeRatio": 0.1250204282,
    "eps": 0.07,
    "epsdiluted": 0.07,
    "weightedAverageShsOut": 1193031000,
    "weightedAverageShsOutDil": 1193031000,
    "link": "https://www.sec.gov/Archives/edgar/data/316709/000031670997000043/0000316709-97-000043-index.html",
    "finalLink": "https://www.sec.gov/Archives/edgar/data/316709/"
  },
  {
    "date": "1997-06-30",
    "symbol": "SCHW",
    "reportedCurrency": "USD",
    "cik": "0000316709",
    "fillingDate": "1997-07-29",
    "acceptedDate": "1997-07-29 00:00:00",
    "calendarYear": "1997",
    "period": "Q2",
    "revenue": 530800000,
    "costOfRevenue": 0,
    "grossProfit": 530800000,
    "grossProfitRatio": 1,
    "researchAndDevelopmentExpenses": 0,
    "generalAndAdministrativeExpenses": 224100000,
    "sellingAndMarketingExpenses": 26000000,
    "sellingGeneralAndAdministrativeExpenses": 250100000,
    "otherExpenses": 280700000,
    "operatingExpenses": 530800000,
    "costAndExpenses": 530800000,
    "interestIncome": 215600000,
    "interestExpense": 133100000,
    "depreciationAndAmortization": 29700000,
    "ebitda": 0,
    "ebitdaratio": 0,
    "operatingIncome": 0,
    "operatingIncomeRatio": 0,
    "totalOtherIncomeExpensesNet": 105800000,
    "incomeBeforeTax": 105800000,
    "incomeBeforeTaxRatio": 0.1993217784,
    "incomeTaxExpense": 41800000,
    "netIncome": 64000000,
    "netIncomeRatio": 0.1205727204,
    "eps": 0.05,
    "epsdiluted": 0.05,
    "weightedAverageShsOut": 1188390000,
    "weightedAverageShsOutDil": 1188390000,
    "link": "https://www.sec.gov/Archives/edgar/data/316709/000031670997000021/0000316709-97-000021-index.html",
    "finalLink": "https://www.sec.gov/Archives/edgar/data/316709/"
  },
  {
    "date": "1997-03-31",
    "symbol": "SCHW",
    "reportedCurrency": "USD",
    "cik": "0000316709",
    "fillingDate": "1997-05-14",
    "acceptedDate": "1997-05-14 00:00:00",
    "calendarYear": "1997",
    "period": "Q1",
    "revenue": 535600000,
    "costOfRevenue": 0,
    "grossProfit": 535600000,
    "grossProfitRatio": 1,
    "researchAndDevelopmentExpenses": 0,
    "generalAndAdministrativeExpenses": 220800000,
    "sellingAndMarketingExpenses": 35800000,
    "sellingGeneralAndAdministrativeExpenses": 256600000,
    "otherExpenses": 279000000,
    "operatingExpenses": 535600000,
    "costAndExpenses": 535600000,
    "interestIncome": 199900000,
    "interestExpense": 123200000,
    "depreciationAndAmortization": 27800000,
    "ebitda": 0,
    "ebitdaratio": 0,
    "operatingIncome": 0,
    "operatingIncomeRatio": 0,
    "totalOtherIncomeExpensesNet": 110300000,
    "incomeBeforeTax": 110300000,
    "incomeBeforeTaxRatio": 0.2059372666,
    "incomeTaxExpense": 43600000,
    "netIncome": 66700000,
    "netIncomeRatio": 0.1245332338,
    "eps": 0.06,
    "epsdiluted": 0.06,
    "weightedAverageShsOut": 1189430000,
    "weightedAverageShsOutDil": 1189430000,
    "link": "https://www.sec.gov/Archives/edgar/data/316709/000031670997000009/0000316709-97-000009-index.html",
    "finalLink": "https://www.sec.gov/Archives/edgar/data/316709/"
  },
  {
    "date": "1996-12-31",
    "symbol": "SCHW",
    "reportedCurrency": "USD",
    "cik": "0000316709",
    "fillingDate": "1997-03-28",
    "acceptedDate": "1997-03-28 00:00:00",
    "calendarYear": "1996",
    "period": "Q4",
    "revenue": 482300000,
    "costOfRevenue": 0,
    "grossProfit": 482300000,
    "grossProfitRatio": 1,
    "researchAndDevelopmentExpenses": 0,
    "generalAndAdministrativeExpenses": 198500000,
    "sellingAndMarketingExpenses": 27500000,
    "sellingGeneralAndAdministrativeExpenses": 226000000,
    "otherExpenses": 256300000,
    "operatingExpenses": 482300000,
    "costAndExpenses": 482300000,
    "interestIncome": 187900000,
    "interestExpense": 118200000,
    "depreciationAndAmortization": 26000000,
    "ebitda": 0,
    "ebitdaratio": 0,
    "operatingIncome": 0,
    "operatingIncomeRatio": 0,
    "totalOtherIncomeExpensesNet": 99200000,
    "incomeBeforeTax": 99200000,
    "incomeBeforeTaxRatio": 0.2056811113,
    "incomeTaxExpense": 39500000,
    "netIncome": 59700000,
    "netIncomeRatio": 0.1237818785,
    "eps": 0.0502,
    "epsdiluted": 0,
    "weightedAverageShsOut": 0,
    "weightedAverageShsOutDil": 0,
    "link": "https://www.sec.gov/Archives/edgar/data/316709/000095014997000663/0000950149-97-000663-index.html",
    "finalLink": "https://www.sec.gov/Archives/edgar/data/316709/"
  },
  {
    "date": "1996-09-30",
    "symbol": "SCHW",
    "reportedCurrency": "USD",
    "cik": "0000316709",
    "fillingDate": "1996-11-13",
    "acceptedDate": "1996-11-13 00:00:00",
    "calendarYear": "1996",
    "period": "Q3",
    "revenue": 430100000,
    "costOfRevenue": 0,
    "grossProfit": 430100000,
    "grossProfitRatio": 1,
    "researchAndDevelopmentExpenses": 0,
    "generalAndAdministrativeExpenses": 171700000,
    "sellingAndMarketingExpenses": 16500000,
    "sellingGeneralAndAdministrativeExpenses": 188200000,
    "otherExpenses": 241900000,
    "operatingExpenses": 430100000,
    "costAndExpenses": 430100000,
    "interestIncome": 171500000,
    "interestExpense": 107500000,
    "depreciationAndAmortization": 24200000,
    "ebitda": 0,
    "ebitdaratio": 0,
    "operatingIncome": 0,
    "operatingIncomeRatio": 0,
    "totalOtherIncomeExpensesNet": 96500000,
    "incomeBeforeTax": 96500000,
    "incomeBeforeTaxRatio": 0.2243664264,
    "incomeTaxExpense": 39400000,
    "netIncome": 57100000,
    "netIncomeRatio": 0.1327598233,
    "eps": 0.05,
    "epsdiluted": 0.05,
    "weightedAverageShsOut": 1181844000,
    "weightedAverageShsOutDil": 1181844000,
    "link": "https://www.sec.gov/Archives/edgar/data/316709/000031670996000021/0000316709-96-000021-index.html",
    "finalLink": "https://www.sec.gov/Archives/edgar/data/316709/"
  },
  {
    "date": "1996-06-30",
    "symbol": "SCHW",
    "reportedCurrency": "USD",
    "cik": "0000316709",
    "fillingDate": "1996-08-14",
    "acceptedDate": "1996-08-14 00:00:00",
    "calendarYear": "1996",
    "period": "Q2",
    "revenue": 491700000,
    "costOfRevenue": 0,
    "grossProfit": 491700000,
    "grossProfitRatio": 1,
    "researchAndDevelopmentExpenses": 0,
    "generalAndAdministrativeExpenses": 200500000,
    "sellingAndMarketingExpenses": 17800000,
    "sellingGeneralAndAdministrativeExpenses": 218300000,
    "otherExpenses": 273400000,
    "operatingExpenses": 491700000,
    "costAndExpenses": 491700000,
    "interestIncome": 163600000,
    "interestExpense": 101200000,
    "depreciationAndAmortization": 23300000,
    "ebitda": 0,
    "ebitdaratio": 0,
    "operatingIncome": 0,
    "operatingIncomeRatio": 0,
    "totalOtherIncomeExpensesNet": 118700000,
    "incomeBeforeTax": 118700000,
    "incomeBeforeTaxRatio": 0.2414073622,
    "incomeTaxExpense": 48600000,
    "netIncome": 70100000,
    "netIncomeRatio": 0.1425666057,
    "eps": 0.06,
    "epsdiluted": 0.06,
    "weightedAverageShsOut": 1168333333,
    "weightedAverageShsOutDil": 1168333333,
    "link": "https://www.sec.gov/Archives/edgar/data/316709/000031670996000019/0000316709-96-000019-index.html",
    "finalLink": "https://www.sec.gov/Archives/edgar/data/316709/"
  },
  {
    "date": "1996-03-31",
    "symbol": "SCHW",
    "reportedCurrency": "USD",
    "cik": "0000316709",
    "fillingDate": "1996-05-10",
    "acceptedDate": "1996-05-10 00:00:00",
    "calendarYear": "1996",
    "period": "Q1",
    "revenue": 446700000,
    "costOfRevenue": 0,
    "grossProfit": 446700000,
    "grossProfitRatio": 1,
    "researchAndDevelopmentExpenses": 0,
    "generalAndAdministrativeExpenses": 195700000,
    "sellingAndMarketingExpenses": 22200000,
    "sellingGeneralAndAdministrativeExpenses": 217900000,
    "otherExpenses": 228800000,
    "operatingExpenses": 446700000,
    "costAndExpenses": 446700000,
    "interestIncome": 158000000,
    "interestExpense": 99100000,
    "depreciationAndAmortization": 24800000,
    "ebitda": 0,
    "ebitdaratio": 0,
    "operatingIncome": 0,
    "operatingIncomeRatio": 0,
    "totalOtherIncomeExpensesNet": 79600000,
    "incomeBeforeTax": 79600000,
    "incomeBeforeTaxRatio": 0.178195657,
    "incomeTaxExpense": 32700000,
    "netIncome": 46900000,
    "netIncomeRatio": 0.1049921648,
    "eps": 0.04,
    "epsdiluted": 0.04,
    "weightedAverageShsOut": 1178309000,
    "weightedAverageShsOutDil": 1178309000,
    "link": "https://www.sec.gov/Archives/edgar/data/316709/000031670996000013/0000316709-96-000013-index.html",
    "finalLink": "https://www.sec.gov/Archives/edgar/data/316709/"
  },
  {
    "date": "1995-12-31",
    "symbol": "SCHW",
    "reportedCurrency": "USD",
    "cik": "0000316709",
    "fillingDate": "1996-03-28",
    "acceptedDate": "1996-03-28 00:00:00",
    "calendarYear": "1995",
    "period": "Q4",
    "revenue": 394800000,
    "costOfRevenue": 0,
    "grossProfit": 394800000,
    "grossProfitRatio": 1,
    "researchAndDevelopmentExpenses": 0,
    "generalAndAdministrativeExpenses": 170300000,
    "sellingAndMarketingExpenses": 18700000,
    "sellingGeneralAndAdministrativeExpenses": 189000000,
    "otherExpenses": 205800000,
    "operatingExpenses": 394800000,
    "costAndExpenses": 394800000,
    "interestIncome": 156300000,
    "interestExpense": 96300000,
    "depreciationAndAmortization": 22200000,
    "ebitda": 0,
    "ebitdaratio": 0,
    "operatingIncome": 0,
    "operatingIncomeRatio": 0,
    "totalOtherIncomeExpensesNet": 62400000,
    "incomeBeforeTax": 62400000,
    "incomeBeforeTaxRatio": 0.1580547112,
    "incomeTaxExpense": 19800000,
    "netIncome": 42600000,
    "netIncomeRatio": 0.1079027356,
    "eps": 0.0362,
    "epsdiluted": 0,
    "weightedAverageShsOut": 0,
    "weightedAverageShsOutDil": 0,
    "link": "https://www.sec.gov/Archives/edgar/data/316709/000031670996000007/0000316709-96-000007-index.html",
    "finalLink": "https://www.sec.gov/Archives/edgar/data/316709/"
  },
  {
    "date": "1995-09-30",
    "symbol": "SCHW",
    "reportedCurrency": "USD",
    "cik": "0000316709",
    "fillingDate": "1995-11-09",
    "acceptedDate": "1995-11-09 00:00:00",
    "calendarYear": "1995",
    "period": "Q3",
    "revenue": 385600000,
    "costOfRevenue": 0,
    "grossProfit": 385600000,
    "grossProfitRatio": 1,
    "researchAndDevelopmentExpenses": 0,
    "generalAndAdministrativeExpenses": 161500000,
    "sellingAndMarketingExpenses": 10900000,
    "sellingGeneralAndAdministrativeExpenses": 172400000,
    "otherExpenses": 213200000,
    "operatingExpenses": 385600000,
    "costAndExpenses": 385600000,
    "interestIncome": 149200000,
    "interestExpense": 94000000,
    "depreciationAndAmortization": 17800000,
    "ebitda": 0,
    "ebitdaratio": 0,
    "operatingIncome": 0,
    "operatingIncomeRatio": 0,
    "totalOtherIncomeExpensesNet": 78000000,
    "incomeBeforeTax": 78000000,
    "incomeBeforeTaxRatio": 0.2022821577,
    "incomeTaxExpense": 30800000,
    "netIncome": 47200000,
    "netIncomeRatio": 0.122406639,
    "eps": 0.04,
    "epsdiluted": 0.04,
    "weightedAverageShsOut": 1180000000,
    "weightedAverageShsOutDil": 1180000000,
    "link": "https://www.sec.gov/Archives/edgar/data/316709/000031670995000024/0000316709-95-000024-index.html",
    "finalLink": "https://www.sec.gov/Archives/edgar/data/316709/0000316709-95-000024.txt"
  }
]