[
  {
    "date": "2024-12-31",
    "symbol": "SCHW",
    "reportedCurrency": "USD",
    "cik": "0000316709",
    "fillingDate": "2025-02-26",
    "acceptedDate": "2025-02-26 16:25:18",
    "calendarYear": "2024",
    "period": "FY",
    "revenue": 25999000000,
    "costOfRevenue": 6393000000,
    "grossProfit": 19606000000,
    "grossProfitRatio": 0.7541059272,
    "researchAndDevelopmentExpenses": 0,
    "generalAndAdministrativeExpenses": 6043000000,
    "sellingAndMarketingExpenses": 397000000,
    "sellingGeneralAndAdministrativeExpenses": 6440000000,
    "otherExpenses": 5474000000,
    "operatingExpenses": 11914000000,
    "costAndExpenses": 18307000000,
    "interestIncome": 15537000000,
    "interestExpense": 6393000000,
    "depreciationAndAmortization": 1435000000,
    "ebitda": 9127000000,
    "ebitdaratio": 0.3510519635,
    "operatingIncome": 7692000000,
    "operatingIncomeRatio": 0.295857533,
    "totalOtherIncomeExpensesNet": 0,
    "incomeBeforeTax": 7692000000,
    "incomeBeforeTaxRatio": 0.295857533,
    "incomeTaxExpense": 1750000000,
    "netIncome": 5942000000,
    "netIncomeRatio": 0.2285472518,
    "eps": 3,
    "epsdiluted": 2.99,
    "weightedAverageShsOut": 1828000000,
    "weightedAverageShsOutDil": 1834000000,
    "link": "https://www.sec.gov/Archives/edgar/data/316709/000031670925000010/0000316709-25-000010-index.htm",
    "finalLink": "https://www.sec.gov/Archives/edgar/data/316709/000031670925000010/schw-20241231.htm"
  },
  {
    "date": "2023-12-31",
    "symbol": "SCHW",
    "reportedCurrency": "USD",
    "cik": "0000316709",
    "fillingDate": "2024-02-23",
    "acceptedDate": "2024-02-23 16:21:25",
    "calendarYear": "2023",
    "period": "FY",
    "revenue": 25521000000,
    "costOfRevenue": 6684000000,
    "grossProfit": 18837000000,
    "grossProfitRatio": 0.7380980369,
    "researchAndDevelopmentExpenses": 0,
    "generalAndAdministrativeExpenses": 6315000000,
    "sellingAndMarketingExpenses": 397000000,
    "sellingGeneralAndAdministrativeExpenses": 6712000000,
    "otherExpenses": 5747000000,
    "operatingExpenses": 12459000000,
    "costAndExpenses": 19143000000,
    "interestIncome": 16111000000,
    "interestExpense": 6684000000,
    "depreciationAndAmortization": 1338000000,
    "ebitda": 7716000000,
    "ebitdaratio": 0.30233925,
    "operatingIncome": 6378000000,
    "operatingIncomeRatio": 0.2499118373,
    "totalOtherIncomeExpensesNet": 0,
    "incomeBeforeTax": 6378000000,
    "incomeBeforeTaxRatio": 0.2499118373,
    "incomeTaxExpense": 1311000000,
    "netIncome": 5067000000,
    "netIncomeRatio": 0.1985423769,
    "eps": 2.55,
    "epsdiluted": 2.54,
    "weightedAverageShsOut": 1824000000,
    "weightedAverageShsOutDil": 1831000000,
    "link": "https://www.sec.gov/Archives/edgar/data/316709/000031670924000018/0000316709-24-000018-index.htm",
    "finalLink": "https://www.sec.gov/Archives/edgar/data/316709/000031670924000018/schw-20231231.htm"
  },
  {
    "date": "2022-12-31",
    "symbol": "SCHW",
    "reportedCurrency": "USD",
    "cik": "0000316709",
    "fillingDate": "2023-02-24",
    "acceptedDate": "2023-02-24 16:18:16",
    "calendarYear": "2022",
    "period": "FY",
    "revenue": 22307000000,
    "costOfRevenue": 1545000000,
    "grossProfit": 20762000000,
    "grossProfitRatio": 0.9307392298,
    "researchAndDevelopmentExpenses": 0,
    "generalAndAdministrativeExpenses": 5936000000,
    "sellingAndMarketingExpenses": 419000000,
    "sellingGeneralAndAdministrativeExpenses": 6355000000,
    "otherExpenses": 5019000000,
    "operatingExpenses": 11374000000,
    "costAndExpenses": 12919000000,
    "interestIncome": 12227000000,
    "interestExpense": 1545000000,
    "depreciationAndAmortization": 1248000000,
    "ebitda": 10636000000,
    "ebitdaratio": 0.4768010042,
    "operatingIncome": 9388000000,
    "operatingIncomeRatio": 0.4208544403,
    "totalOtherIncomeExpensesNet": 0,
    "incomeBeforeTax": 9388000000,
    "incomeBeforeTaxRatio": 0.4208544403,
    "incomeTaxExpense": 2205000000,
    "netIncome": 7183000000,
    "netIncomeRatio": 0.322006545,
    "eps": 3.52,
    "epsdiluted": 3.5,
    "weightedAverageShsOut": 1885000000,
    "weightedAverageShsOutDil": 1894000000,
    "link": "https://www.sec.gov/Archives/edgar/data/316709/000031670923000009/0000316709-23-000009-index.htm",
    "finalLink": "https://www.sec.gov/Archives/edgar/data/316709/000031670923000009/schw-20221231.htm"
  },
  {
    "date": "2021-12-31",
    "symbol": "SCHW",
    "reportedCurrency": "USD",
    "cik": "0000316709",
    "fillingDate": "2022-02-24",
    "acceptedDate": "2022-02-24 16:32:07",
    "calendarYear": "2021",
    "period": "FY",
    "revenue": 18996000000,
    "costOfRevenue": 476000000,
    "grossProfit": 18520000000,
    "grossProfitRatio": 0.9749420931,
    "researchAndDevelopmentExpenses": 0,
    "generalAndAdministrativeExpenses": 5450000000,
    "sellingAndMarketingExpenses": 485000000,
    "sellingGeneralAndAdministrativeExpenses": 5935000000,
    "otherExpenses": 4872000000,
    "operatingExpenses": 10807000000,
    "costAndExpenses": 11283000000,
    "interestIncome": 8506000000,
    "interestExpense": 476000000,
    "depreciationAndAmortization": 1164000000,
    "ebitda": 8877000000,
    "ebitdaratio": 0.4673089071,
    "operatingIncome": 7713000000,
    "operatingIncomeRatio": 0.406032849,
    "totalOtherIncomeExpensesNet": 0,
    "incomeBeforeTax": 7713000000,
    "incomeBeforeTaxRatio": 0.406032849,
    "incomeTaxExpense": 1858000000,
    "netIncome": 5855000000,
    "netIncomeRatio": 0.3082227837,
    "eps": 2.84,
    "epsdiluted": 2.83,
    "weightedAverageShsOut": 1887000000,
    "weightedAverageShsOutDil": 1897000000,
    "link": "https://www.sec.gov/Archives/edgar/data/316709/000031670922000009/0000316709-22-000009-index.htm",
    "finalLink": "https://www.sec.gov/Archives/edgar/data/316709/000031670922000009/schw-20211231.htm"
  },
  {
    "date": "2020-12-31",
    "symbol": "SCHW",
    "reportedCurrency": "USD",
    "cik": "0000316709",
    "fillingDate": "2021-02-24",
    "acceptedDate": "2021-02-24 16:20:04",
    "calendarYear": "2020",
    "period": "FY",
    "revenue": 11691000000,
    "costOfRevenue": 0,
    "grossProfit": 11691000000,
    "grossProfitRatio": 1,
    "researchAndDevelopmentExpenses": 0,
    "generalAndAdministrativeExpenses": 3954000000,
    "sellingAndMarketingExpenses": 326000000,
    "sellingGeneralAndAdministrativeExpenses": 4280000000,
    "otherExpenses": 7411000000,
    "operatingExpenses": 11691000000,
    "costAndExpenses": 11691000000,
    "interestIncome": 6531000000,
    "interestExpense": 418000000,
    "depreciationAndAmortization": 604000000,
    "ebitda": 0,
    "ebitdaratio": 0,
    "operatingIncome": 0,
    "operatingIncomeRatio": 0,
    "totalOtherIncomeExpensesNet": 4300000000,
    "incomeBeforeTax": 4300000000,
    "incomeBeforeTaxRatio": 0.3678042939,
    "incomeTaxExpense": 1001000000,
    "netIncome": 3299000000,
    "netIncomeRatio": 0.2821828757,
    "eps": 2.13,
    "epsdiluted": 2.12,
    "weightedAverageShsOut": 1429000000,
    "weightedAverageShsOutDil": 1435000000,
    "link": "https://www.sec.gov/Archives/edgar/data/316709/000031670921000012/0000316709-21-000012-index.htm",
    "finalLink": "https://www.sec.gov/Archives/edgar/data/316709/000031670921000012/schw-20201231.htm"
  },
  {
    "date": "2019-12-31",
    "symbol": "SCHW",
    "reportedCurrency": "USD",
    "cik": "0000316709",
    "fillingDate": "2020-02-26",
    "acceptedDate": "2020-02-26 17:31:13",
    "calendarYear": "2019",
    "period": "FY",
    "revenue": 10721000000,
    "costOfRevenue": 0,
    "grossProfit": 10721000000,
    "grossProfitRatio": 1,
    "researchAndDevelopmentExpenses": 0,
    "generalAndAdministrativeExpenses": 3695000000,
    "sellingAndMarketingExpenses": 307000000,
    "sellingGeneralAndAdministrativeExpenses": 4002000000,
    "otherExpenses": 6719000000,
    "operatingExpenses": 10721000000,
    "costAndExpenses": 10721000000,
    "interestIncome": 7580000000,
    "interestExpense": 1064000000,
    "depreciationAndAmortization": 349000000,
    "ebitda": 0,
    "ebitdaratio": 0,
    "operatingIncome": 0,
    "operatingIncomeRatio": 0,
    "totalOtherIncomeExpensesNet": 4848000000,
    "incomeBeforeTax": 4848000000,
    "incomeBeforeTaxRatio": 0.4521966234,
    "incomeTaxExpense": 1144000000,
    "netIncome": 3704000000,
    "netIncomeRatio": 0.3454901595,
    "eps": 2.69,
    "epsdiluted": 2.67,
    "weightedAverageShsOut": 1311000000,
    "weightedAverageShsOutDil": 1320000000,
    "link": "https://www.sec.gov/Archives/edgar/data/316709/000031670920000012/0000316709-20-000012-index.htm",
    "finalLink": "https://www.sec.gov/Archives/edgar/data/316709/000031670920000012/schw-12312019x10k.htm"
  },
  {
    "date": "2018-12-31",
    "symbol": "SCHW",
    "reportedCurrency": "USD",
    "cik": "0000316709",
    "fillingDate": "2019-02-22",
    "acceptedDate": "2019-02-22 16:27:02",
    "calendarYear": "2018",
    "period": "FY",
    "revenue": 10132000000,
    "costOfRevenue": 0,
    "grossProfit": 10132000000,
    "grossProfitRatio": 1,
    "researchAndDevelopmentExpenses": 0,
    "generalAndAdministrativeExpenses": 3488000000,
    "sellingAndMarketingExpenses": 313000000,
    "sellingGeneralAndAdministrativeExpenses": 3801000000,
    "otherExpenses": 6331000000,
    "operatingExpenses": 10132000000,
    "costAndExpenses": 10132000000,
    "interestIncome": 6680000000,
    "interestExpense": 857000000,
    "depreciationAndAmortization": 306000000,
    "ebitda": 0,
    "ebitdaratio": 0,
    "operatingIncome": 0,
    "operatingIncomeRatio": 0,
    "totalOtherIncomeExpensesNet": 4562000000,
    "incomeBeforeTax": 4562000000,
    "incomeBeforeTaxRatio": 0.4502566127,
    "incomeTaxExpense": 1055000000,
    "netIncome": 3507000000,
    "netIncomeRatio": 0.3461310699,
    "eps": 2.47,
    "epsdiluted": 2.45,
    "weightedAverageShsOut": 1348000000,
    "weightedAverageShsOutDil": 1361000000,
    "link": "https://www.sec.gov/Archives/edgar/data/316709/000031670919000008/0000316709-19-000008-index.htm",
    "finalLink": "https://www.sec.gov/Archives/edgar/data/316709/000031670919000008/schw-12312018x10k.htm"
  },
  {
    "date": "2017-12-31",
    "symbol": "SCHW",
    "reportedCurrency": "USD",
    "cik": "0000316709",
    "fillingDate": "2018-02-22",
    "acceptedDate": "2018-02-22 17:15:24",
    "calendarYear": "2017",
    "period": "FY",
    "revenue": 8618000000,
    "costOfRevenue": 0,
    "grossProfit": 8618000000,
    "grossProfitRatio": 1,
    "researchAndDevelopmentExpenses": 0,
    "generalAndAdministrativeExpenses": 3147000000,
    "sellingAndMarketingExpenses": 268000000,
    "sellingGeneralAndAdministrativeExpenses": 3415000000,
    "otherExpenses": 5203000000,
    "operatingExpenses": 8618000000,
    "costAndExpenses": 8618000000,
    "interestIncome": 4624000000,
    "interestExpense": 342000000,
    "depreciationAndAmortization": 269000000,
    "ebitda": 0,
    "ebitdaratio": 0,
    "operatingIncome": 0,
    "operatingIncomeRatio": 0,
    "totalOtherIncomeExpensesNet": 3650000000,
    "incomeBeforeTax": 3650000000,
    "incomeBeforeTaxRatio": 0.423532142,
    "incomeTaxExpense": 1296000000,
    "netIncome": 2354000000,
    "netIncomeRatio": 0.2731492226,
    "eps": 1.63,
    "epsdiluted": 1.61,
    "weightedAverageShsOut": 1339000000,
    "weightedAverageShsOutDil": 1353000000,
    "link": "https://www.sec.gov/Archives/edgar/data/316709/000031670918000009/0000316709-18-000009-index.htm",
    "finalLink": "https://www.sec.gov/Archives/edgar/data/316709/000031670918000009/schw-12312017x10k.htm"
  },
  {
    "date": "2016-12-31",
    "symbol": "SCHW",
    "reportedCurrency": "USD",
    "cik": "0000316709",
    "fillingDate": "2017-02-23",
    "acceptedDate": "2017-02-23 17:22:58",
    "calendarYear": "2016",
    "period": "FY",
    "revenue": 7478000000,
    "costOfRevenue": 0,
    "grossProfit": 7478000000,
    "grossProfitRatio": 1,
    "researchAndDevelopmentExpenses": 0,
    "generalAndAdministrativeExpenses": 2847000000,
    "sellingAndMarketingExpenses": 265000000,
    "sellingGeneralAndAdministrativeExpenses": 3112000000,
    "otherExpenses": 4366000000,
    "operatingExpenses": 7478000000,
    "costAndExpenses": 7478000000,
    "interestIncome": 3493000000,
    "interestExpense": 171000000,
    "depreciationAndAmortization": 234000000,
    "ebitda": 0,
    "ebitdaratio": 0,
    "operatingIncome": 0,
    "operatingIncomeRatio": 0,
    "totalOtherIncomeExpensesNet": 2993000000,
    "incomeBeforeTax": 2993000000,
    "incomeBeforeTaxRatio": 0.4002407061,
    "incomeTaxExpense": 1104000000,
    "netIncome": 1889000000,
    "netIncomeRatio": 0.2526076491,
    "eps": 1.32,
    "epsdiluted": 1.31,
    "weightedAverageShsOut": 1324000000,
    "weightedAverageShsOutDil": 1334000000,
    "link": "https://www.sec.gov/Archives/edgar/data/316709/000031670917000010/0000316709-17-000010-index.htm",
    "finalLink": "https://www.sec.gov/Archives/edgar/data/316709/000031670917000010/schw-20161231x10k.htm"
  },
  {
    "date": "2015-12-31",
    "symbol": "SCHW",
    "reportedCurrency": "USD",
    "cik": "0000316709",
    "fillingDate": "2016-02-24",
    "acceptedDate": "2016-02-24 17:17:09",
    "calendarYear": "2015",
    "period": "FY",
    "revenue": 6369000000,
    "costOfRevenue": 0,
    "grossProfit": 6369000000,
    "grossProfitRatio": 1,
    "researchAndDevelopmentExpenses": 0,
    "generalAndAdministrativeExpenses": 2581000000,
    "sellingAndMarketingExpenses": 249000000,
    "sellingGeneralAndAdministrativeExpenses": 2830000000,
    "otherExpenses": 3539000000,
    "operatingExpenses": 6369000000,
    "costAndExpenses": 6369000000,
    "interestIncome": 2657000000,
    "interestExpense": 132000000,
    "depreciationAndAmortization": 224000000,
    "ebitda": 0,
    "ebitdaratio": 0,
    "operatingIncome": 0,
    "operatingIncomeRatio": 0,
    "totalOtherIncomeExpensesNet": 2279000000,
    "incomeBeforeTax": 2279000000,
    "incomeBeforeTaxRatio": 0.3578269744,
    "incomeTaxExpense": 832000000,
    "netIncome": 1447000000,
    "netIncomeRatio": 0.227194222,
    "eps": 1.04,
    "epsdiluted": 1.03,
    "weightedAverageShsOut": 1315000000,
    "weightedAverageShsOutDil": 1327000000,
    "link": "https://www.sec.gov/Archives/edgar/data/316709/000031670916000067/0000316709-16-000067-index.htm",
    "finalLink": "https://www.sec.gov/Archives/edgar/data/316709/000031670916000067/schw-20151231x10k.htm"
  },
  {
    "date": "2014-12-31",
    "symbol": "SCHW",
    "reportedCurrency": "USD",
    "cik": "0000316709",
    "fillingDate": "2015-02-23",
    "acceptedDate": "2015-02-23 16:35:14",
    "calendarYear": "2014",
    "period": "FY",
    "revenue": 6054000000,
    "costOfRevenue": 0,
    "grossProfit": 6054000000,
    "grossProfitRatio": 1,
    "researchAndDevelopmentExpenses": 0,
    "generalAndAdministrativeExpenses": 2407000000,
    "sellingAndMarketingExpenses": 245000000,
    "sellingGeneralAndAdministrativeExpenses": 2652000000,
    "otherExpenses": 3402000000,
    "operatingExpenses": 6054000000,
    "costAndExpenses": 6054000000,
    "interestIncome": 2374000000,
    "interestExpense": 102000000,
    "depreciationAndAmortization": 199000000,
    "ebitda": 0,
    "ebitdaratio": 0,
    "operatingIncome": 0,
    "operatingIncomeRatio": 0,
    "totalOtherIncomeExpensesNet": 2115000000,
    "incomeBeforeTax": 2115000000,
    "incomeBeforeTaxRatio": 0.3493557978,
    "incomeTaxExpense": 794000000,
    "netIncome": 1321000000,
    "netIncomeRatio": 0.2182028411,
    "eps": 0.96,
    "epsdiluted": 0.95,
    "weightedAverageShsOut": 1303000000,
    "weightedAverageShsOutDil": 1315000000,
    "link": "https://www.sec.gov/Archives/edgar/data/316709/000031670915000014/0000316709-15-000014-index.htm",
    "finalLink": "https://www.sec.gov/Archives/edgar/data/316709/000031670915000014/schw-20141231x10k.htm"
  },
  {
    "date": "2013-12-31",
    "symbol": "SCHW",
    "reportedCurrency": "USD",
    "cik": "0000316709",
    "fillingDate": "2014-02-24",
    "acceptedDate": "2014-02-24 15:26:41",
    "calendarYear": "2013",
    "period": "FY",
    "revenue": 5434000000,
    "costOfRevenue": 0,
    "grossProfit": 5434000000,
    "grossProfitRatio": 1,
    "researchAndDevelopmentExpenses": 0,
    "generalAndAdministrativeExpenses": 2247000000,
    "sellingAndMarketingExpenses": 257000000,
    "sellingGeneralAndAdministrativeExpenses": 2504000000,
    "otherExpenses": 2930000000,
    "operatingExpenses": 5434000000,
    "costAndExpenses": 5434000000,
    "interestIncome": 2085000000,
    "interestExpense": 105000000,
    "depreciationAndAmortization": 202000000,
    "ebitda": 0,
    "ebitdaratio": 0,
    "operatingIncome": 0,
    "operatingIncomeRatio": 0,
    "totalOtherIncomeExpensesNet": 1705000000,
    "incomeBeforeTax": 1705000000,
    "incomeBeforeTaxRatio": 0.3137651822,
    "incomeTaxExpense": 634000000,
    "netIncome": 1071000000,
    "netIncomeRatio": 0.1970923813,
    "eps": 0.78,
    "epsdiluted": 0.78,
    "weightedAverageShsOut": 1285000000,
    "weightedAverageShsOutDil": 1293000000,
    "link": "https://www.sec.gov/Archives/edgar/data/316709/000031670914000005/0000316709-14-000005-index.htm",
    "finalLink": "https://www.sec.gov/Archives/edgar/data/316709/000031670914000005/schw-20131231x10k.htm"
  },
  {
    "date": "2012-12-31",
    "symbol": "SCHW",
    "reportedCurrency": "USD",
    "cik": "0000316709",
    "fillingDate": "2013-02-22",
    "acceptedDate": "2013-02-22 16:58:36",
    "calendarYear": "2012",
    "period": "FY",
    "revenue": 4899000000,
    "costOfRevenue": 0,
    "grossProfit": 4899000000,
    "grossProfitRatio": 1,
    "researchAndDevelopmentExpenses": 0,
    "generalAndAdministrativeExpenses": 2023000000,
    "sellingAndMarketingExpenses": 241000000,
    "sellingGeneralAndAdministrativeExpenses": 2264000000,
    "otherExpenses": 2635000000,
    "operatingExpenses": 4899000000,
    "costAndExpenses": 4899000000,
    "interestIncome": 1914000000,
    "interestExpense": 150000000,
    "depreciationAndAmortization": 196000000,
    "ebitda": 0,
    "ebitdaratio": 0,
    "operatingIncome": 0,
    "operatingIncomeRatio": 0,
    "totalOtherIncomeExpensesNet": 1450000000,
    "incomeBeforeTax": 1450000000,
    "incomeBeforeTaxRatio": 0.2959787712,
    "incomeTaxExpense": 522000000,
    "netIncome": 928000000,
    "netIncomeRatio": 0.1894264136,
    "eps": 0.69,
    "epsdiluted": 0.69,
    "weightedAverageShsOut": 1274000000,
    "weightedAverageShsOutDil": 1275000000,
    "link": "https://www.sec.gov/Archives/edgar/data/316709/000119312513071646/0001193125-13-071646-index.htm",
    "finalLink": "https://www.sec.gov/Archives/edgar/data/316709/000119312513071646/d455860d10k.htm"
  },
  {
    "date": "2011-12-31",
    "symbol": "SCHW",
    "reportedCurrency": "USD",
    "cik": "0000316709",
    "fillingDate": "2012-02-24",
    "acceptedDate": "2012-02-24 15:33:46",
    "calendarYear": "2011",
    "period": "FY",
    "revenue": 4709000000,
    "costOfRevenue": 0,
    "grossProfit": 4709000000,
    "grossProfitRatio": 1,
    "researchAndDevelopmentExpenses": 0,
    "generalAndAdministrativeExpenses": 1952000000,
    "sellingAndMarketingExpenses": 228000000,
    "sellingGeneralAndAdministrativeExpenses": 2180000000,
    "otherExpenses": 2529000000,
    "operatingExpenses": 4709000000,
    "costAndExpenses": 4709000000,
    "interestIncome": 1900000000,
    "interestExpense": 175000000,
    "depreciationAndAmortization": 155000000,
    "ebitda": 0,
    "ebitdaratio": 0,
    "operatingIncome": 0,
    "operatingIncomeRatio": 0,
    "totalOtherIncomeExpensesNet": 1392000000,
    "incomeBeforeTax": 1392000000,
    "incomeBeforeTaxRatio": 0.2956041622,
    "incomeTaxExpense": 528000000,
    "netIncome": 864000000,
    "netIncomeRatio": 0.1834784455,
    "eps": 0.7,
    "epsdiluted": 0.7,
    "weightedAverageShsOut": 1227000000,
    "weightedAverageShsOutDil": 1229000000,
    "link": "https://www.sec.gov/Archives/edgar/data/316709/000119312512077926/0001193125-12-077926-index.htm",
    "finalLink": "https://www.sec.gov/Archives/edgar/data/316709/000119312512077926/d264447d10k.htm"
  },
  {
    "date": "2010-12-31",
    "symbol": "SCHW",
    "reportedCurrency": "USD",
    "cik": "0000316709",
    "fillingDate": "2011-02-25",
    "acceptedDate": "2011-02-25 13:03:00",
    "calendarYear": "2010",
    "period": "FY",
    "revenue": 4275000000,
    "costOfRevenue": 0,
    "grossProfit": 4275000000,
    "grossProfitRatio": 1,
    "researchAndDevelopmentExpenses": 0,
    "generalAndAdministrativeExpenses": 1780000000,
    "sellingAndMarketingExpenses": 0,
    "sellingGeneralAndAdministrativeExpenses": 1976000000,
    "otherExpenses": 2299000000,
    "operatingExpenses": 4275000000,
    "costAndExpenses": 4275000000,
    "interestIncome": 1723000000,
    "interestExpense": 199000000,
    "depreciationAndAmortization": 146000000,
    "ebitda": 0,
    "ebitdaratio": 0,
    "operatingIncome": 0,
    "operatingIncomeRatio": 0,
    "totalOtherIncomeExpensesNet": 779000000,
    "incomeBeforeTax": 779000000,
    "incomeBeforeTaxRatio": 0.1822222222,
    "incomeTaxExpense": 325000000,
    "netIncome": 454000000,
    "netIncomeRatio": 0.1061988304,
    "eps": 0.38,
    "epsdiluted": 0.38,
    "weightedAverageShsOut": 1191000000,
    "weightedAverageShsOutDil": 1194000000,
    "link": "https://www.sec.gov/Archives/edgar/data/316709/000119312511046932/0001193125-11-046932-index.htm",
    "finalLink": "https://www.sec.gov/Archives/edgar/data/316709/000119312511046932/d10k.htm"
  },
  {
    "date": "2009-12-31",
    "symbol": "SCHW",
    "reportedCurrency": "USD",
    "cik": "0000316709",
    "fillingDate": "2010-02-25",
    "acceptedDate": "2010-02-25 14:43:13",
    "calendarYear": "2009",
    "period": "FY",
    "revenue": 4108000000,
    "costOfRevenue": 0,
    "grossProfit": 4108000000,
    "grossProfitRatio": 1,
    "researchAndDevelopmentExpenses": 0,
    "generalAndAdministrativeExpenses": 1750000000,
    "sellingAndMarketingExpenses": 191000000,
    "sellingGeneralAndAdministrativeExpenses": 1941000000,
    "otherExpenses": 2167000000,
    "operatingExpenses": 4108000000,
    "costAndExpenses": 4108000000,
    "interestIncome": 1428000000,
    "interestExpense": 366000000,
    "depreciationAndAmortization": 159000000,
    "ebitda": 0,
    "ebitdaratio": 0,
    "operatingIncome": 0,
    "operatingIncomeRatio": 0,
    "totalOtherIncomeExpensesNet": 1276000000,
    "incomeBeforeTax": 1276000000,
    "incomeBeforeTaxRatio": 0.3106134372,
    "incomeTaxExpense": 489000000,
    "netIncome": 787000000,
    "netIncomeRatio": 0.1915774099,
    "eps": 0.68,
    "epsdiluted": 0.68,
    "weightedAverageShsOut": 1156000000,
    "weightedAverageShsOutDil": 1160000000,
    "link": "https://www.sec.gov/Archives/edgar/data/316709/000119312510040444/0001193125-10-040444-index.htm",
    "finalLink": "https://www.sec.gov/Archives/edgar/data/316709/000119312510040444/d10k.htm"
  },
  {
    "date": "2008-12-31",
    "symbol": "SCHW",
    "reportedCurrency": "USD",
    "cik": "0000316709",
    "fillingDate": "2009-02-25",
    "acceptedDate": "2009-02-25 16:15:19",
    "calendarYear": "2008",
    "period": "FY",
    "revenue": 5211000000,
    "costOfRevenue": 0,
    "grossProfit": 5211000000,
    "grossProfitRatio": 1,
    "researchAndDevelopmentExpenses": 0,
    "generalAndAdministrativeExpenses": 1878000000,
    "sellingAndMarketingExpenses": 243000000,
    "sellingGeneralAndAdministrativeExpenses": 2121000000,
    "otherExpenses": 3090000000,
    "operatingExpenses": 5211000000,
    "costAndExpenses": 5211000000,
    "interestIncome": 1908000000,
    "interestExpense": 226000000,
    "depreciationAndAmortization": 152000000,
    "ebitda": 0,
    "ebitdaratio": 0,
    "operatingIncome": 0,
    "operatingIncomeRatio": 0,
    "totalOtherIncomeExpensesNet": 2028000000,
    "incomeBeforeTax": 2028000000,
    "incomeBeforeTaxRatio": 0.3891767415,
    "incomeTaxExpense": 798000000,
    "netIncome": 1212000000,
    "netIncomeRatio": 0.2325849165,
    "eps": 1.06,
    "epsdiluted": 1.05,
    "weightedAverageShsOut": 1148000000,
    "weightedAverageShsOutDil": 1157000000,
    "link": "https://www.sec.gov/Archives/edgar/data/316709/000119312509037420/0001193125-09-037420-index.htm",
    "finalLink": "https://www.sec.gov/Archives/edgar/data/316709/000119312509037420/d10k.htm"
  },
  {
    "date": "2007-12-31",
    "symbol": "SCHW",
    "reportedCurrency": "USD",
    "cik": "0000316709",
    "fillingDate": "2008-02-27",
    "acceptedDate": "2008-02-26 19:50:07",
    "calendarYear": "2007",
    "period": "FY",
    "revenue": 4994000000,
    "costOfRevenue": 0,
    "grossProfit": 4994000000,
    "grossProfitRatio": 1,
    "researchAndDevelopmentExpenses": 0,
    "generalAndAdministrativeExpenses": 1781000000,
    "sellingAndMarketingExpenses": 230000000,
    "sellingGeneralAndAdministrativeExpenses": 2011000000,
    "otherExpenses": 2983000000,
    "operatingExpenses": 4994000000,
    "costAndExpenses": 4994000000,
    "interestIncome": 2270000000,
    "interestExpense": 623000000,
    "depreciationAndAmortization": 156000000,
    "ebitda": 0,
    "ebitdaratio": 0,
    "operatingIncome": 0,
    "operatingIncomeRatio": 0,
    "totalOtherIncomeExpensesNet": 1853000000,
    "incomeBeforeTax": 1853000000,
    "incomeBeforeTaxRatio": 0.3710452543,
    "incomeTaxExpense": 733000000,
    "netIncome": 2407000000,
    "netIncomeRatio": 0.481978374,
    "eps": 1.99,
    "epsdiluted": 1.97,
    "weightedAverageShsOut": 1208000000,
    "weightedAverageShsOutDil": 1222000000,
    "link": "https://www.sec.gov/Archives/edgar/data/316709/000119312508039024/0001193125-08-039024-index.htm",
    "finalLink": "https://www.sec.gov/Archives/edgar/data/316709/000119312508039024/d10k.htm"
  },
  {
    "date": "2006-12-31",
    "symbol": "SCHW",
    "reportedCurrency": "USD",
    "cik": "0000316709",
    "fillingDate": "2007-02-26",
    "acceptedDate": "2007-02-26 16:33:29",
    "calendarYear": "2006",
    "period": "FY",
    "revenue": 4309000000,
    "costOfRevenue": 0,
    "grossProfit": 4309000000,
    "grossProfitRatio": 1,
    "researchAndDevelopmentExpenses": 0,
    "generalAndAdministrativeExpenses": 1619000000,
    "sellingAndMarketingExpenses": 189000000,
    "sellingGeneralAndAdministrativeExpenses": 1808000000,
    "otherExpenses": 2501000000,
    "operatingExpenses": 4309000000,
    "costAndExpenses": 4309000000,
    "interestIncome": 2113000000,
    "interestExpense": 679000000,
    "depreciationAndAmortization": 157000000,
    "ebitda": 0,
    "ebitdaratio": 0,
    "operatingIncome": 0,
    "operatingIncomeRatio": 0,
    "totalOtherIncomeExpensesNet": 1476000000,
    "incomeBeforeTax": 1476000000,
    "incomeBeforeTaxRatio": 0.3425388721,
    "incomeTaxExpense": 585000000,
    "netIncome": 1227000000,
    "netIncomeRatio": 0.2847528429,
    "eps": 0.97,
    "epsdiluted": 0.95,
    "weightedAverageShsOut": 1286000000,
    "weightedAverageShsOutDil": 1286000000,
    "link": "https://www.sec.gov/Archives/edgar/data/316709/000119312507039782/0001193125-07-039782-index.htm",
    "finalLink": "https://www.sec.gov/Archives/edgar/data/316709/000119312507039782/d10k.htm"
  },
  {
    "date": "2005-12-31",
    "symbol": "SCHW",
    "reportedCurrency": "USD",
    "cik": "0000316709",
    "fillingDate": "2006-02-27",
    "acceptedDate": "2006-02-27 13:04:58",
    "calendarYear": "2005",
    "period": "FY",
    "revenue": 3619000000,
    "costOfRevenue": 0,
    "grossProfit": 3619000000,
    "grossProfitRatio": 1,
    "researchAndDevelopmentExpenses": 0,
    "generalAndAdministrativeExpenses": 1449000000,
    "sellingAndMarketingExpenses": 165000000,
    "sellingGeneralAndAdministrativeExpenses": 1614000000,
    "otherExpenses": 2005000000,
    "operatingExpenses": 3619000000,
    "costAndExpenses": 3619000000,
    "interestIncome": 1523000000,
    "interestExpense": 501000000,
    "depreciationAndAmortization": 179000000,
    "ebitda": 0,
    "ebitdaratio": 0,
    "operatingIncome": 0,
    "operatingIncomeRatio": 0,
    "totalOtherIncomeExpensesNet": 1027000000,
    "incomeBeforeTax": 1027000000,
    "incomeBeforeTaxRatio": 0.2837800497,
    "incomeTaxExpense": 393000000,
    "netIncome": 725000000,
    "netIncomeRatio": 0.2003315833,
    "eps": 0.56,
    "epsdiluted": 0.55,
    "weightedAverageShsOut": 1308000000,
    "weightedAverageShsOutDil": 1308000000,
    "link": "https://www.sec.gov/Archives/edgar/data/316709/000119312506039674/0001193125-06-039674-index.htm",
    "finalLink": "https://www.sec.gov/Archives/edgar/data/316709/000119312506039674/d10k.htm"
  },
  {
    "date": "2004-12-31",
    "symbol": "SCHW",
    "reportedCurrency": "USD",
    "cik": "0000316709",
    "fillingDate": "2005-03-02",
    "acceptedDate": "2005-03-02 16:02:10",
    "calendarYear": "2004",
    "period": "FY",
    "revenue": 4202000000,
    "costOfRevenue": 0,
    "grossProfit": 4202000000,
    "grossProfitRatio": 1,
    "researchAndDevelopmentExpenses": 0,
    "generalAndAdministrativeExpenses": 1877000000,
    "sellingAndMarketingExpenses": 184000000,
    "sellingGeneralAndAdministrativeExpenses": 2061000000,
    "otherExpenses": 2141000000,
    "operatingExpenses": 4202000000,
    "costAndExpenses": 4202000000,
    "interestIncome": 1213000000,
    "interestExpense": 277000000,
    "depreciationAndAmortization": 226000000,
    "ebitda": 0,
    "ebitdaratio": 0,
    "operatingIncome": 0,
    "operatingIncomeRatio": 0,
    "totalOtherIncomeExpensesNet": 645000000,
    "incomeBeforeTax": 645000000,
    "incomeBeforeTaxRatio": 0.1534983341,
    "incomeTaxExpense": 231000000,
    "netIncome": 286000000,
    "netIncomeRatio": 0.0680628272,
    "eps": 0.21,
    "epsdiluted": 0.21,
    "weightedAverageShsOut": 1361904762,
    "weightedAverageShsOutDil": 1361904762,
    "link": "https://www.sec.gov/Archives/edgar/data/316709/000031670905000006/0000316709-05-000006-index.htm",
    "finalLink": "https://www.sec.gov/Archives/edgar/data/316709/000031670905000006/body.txt"
  },
  {
    "date": "2003-12-31",
    "symbol": "SCHW",
    "reportedCurrency": "USD",
    "cik": "0000316709",
    "fillingDate": "2004-03-11",
    "acceptedDate": "2004-03-11 12:02:36",
    "calendarYear": "2003",
    "period": "FY",
    "revenue": 4087000000,
    "costOfRevenue": 0,
    "grossProfit": 4087000000,
    "grossProfitRatio": 1,
    "researchAndDevelopmentExpenses": 0,
    "generalAndAdministrativeExpenses": 1771000000,
    "sellingAndMarketingExpenses": 139000000,
    "sellingGeneralAndAdministrativeExpenses": 1910000000,
    "otherExpenses": 2177000000,
    "operatingExpenses": 4087000000,
    "costAndExpenses": 4087000000,
    "interestIncome": 970000000,
    "interestExpense": 241000000,
    "depreciationAndAmortization": 284000000,
    "ebitda": 0,
    "ebitdaratio": 0,
    "operatingIncome": 0,
    "operatingIncomeRatio": 0,
    "totalOtherIncomeExpensesNet": 710000000,
    "incomeBeforeTax": 710000000,
    "incomeBeforeTaxRatio": 0.1737215562,
    "incomeTaxExpense": 238000000,
    "netIncome": 472000000,
    "netIncomeRatio": 0.1154881331,
    "eps": 0.35,
    "epsdiluted": 0.35,
    "weightedAverageShsOut": 1348571429,
    "weightedAverageShsOutDil": 1364000000,
    "link": "https://www.sec.gov/Archives/edgar/data/316709/000031670904000006/0000316709-04-000006-index.htm",
    "finalLink": "https://www.sec.gov/Archives/edgar/data/316709/000031670904000006/body.txt"
  },
  {
    "date": "2002-12-31",
    "symbol": "SCHW",
    "reportedCurrency": "USD",
    "cik": "0000316709",
    "fillingDate": "2003-03-21",
    "acceptedDate": "2003-03-21 15:12:28",
    "calendarYear": "2002",
    "period": "FY",
    "revenue": 4091000000,
    "costOfRevenue": 0,
    "grossProfit": 4091000000,
    "grossProfitRatio": 1,
    "researchAndDevelopmentExpenses": 0,
    "generalAndAdministrativeExpenses": 1846000000,
    "sellingAndMarketingExpenses": 208000000,
    "sellingGeneralAndAdministrativeExpenses": 2054000000,
    "otherExpenses": 2037000000,
    "operatingExpenses": 4091000000,
    "costAndExpenses": 4091000000,
    "interestIncome": 1158000000,
    "interestExpense": 334000000,
    "depreciationAndAmortization": 321000000,
    "ebitda": 0,
    "ebitdaratio": 0,
    "operatingIncome": 0,
    "operatingIncomeRatio": 0,
    "totalOtherIncomeExpensesNet": 227000000,
    "incomeBeforeTax": 227000000,
    "incomeBeforeTaxRatio": 0.0554876558,
    "incomeTaxExpense": 92000000,
    "netIncome": 109000000,
    "netIncomeRatio": 0.0266438524,
    "eps": 0.08,
    "epsdiluted": 0.08,
    "weightedAverageShsOut": 1375000000,
    "weightedAverageShsOutDil": 1375000000,
    "link": "https://www.sec.gov/Archives/edgar/data/316709/000031670903000009/0000316709-03-000009-index.htm",
    "finalLink": "https://www.sec.gov/Archives/edgar/data/316709/000031670903000009/body.txt"
  },
  {
    "date": "2001-12-31",
    "symbol": "SCHW",
    "reportedCurrency": "USD",
    "cik": "0000316709",
    "fillingDate": "2002-03-27",
    "acceptedDate": "2002-03-27 00:00:00",
    "calendarYear": "2001",
    "period": "FY",
    "revenue": 4292000000,
    "costOfRevenue": 0,
    "grossProfit": 4292000000,
    "grossProfitRatio": 1,
    "researchAndDevelopmentExpenses": 0,
    "generalAndAdministrativeExpenses": 1895000000,
    "sellingAndMarketingExpenses": 243000000,
    "sellingGeneralAndAdministrativeExpenses": 2138000000,
    "otherExpenses": 2154000000,
    "operatingExpenses": 4292000000,
    "costAndExpenses": 4292000000,
    "interestIncome": 1821000000,
    "interestExpense": 910000000,
    "depreciationAndAmortization": 404000000,
    "ebitda": 0,
    "ebitdaratio": 0,
    "operatingIncome": 0,
    "operatingIncomeRatio": 0,
    "totalOtherIncomeExpensesNet": 177000000,
    "incomeBeforeTax": 177000000,
    "incomeBeforeTaxRatio": 0.0412395154,
    "incomeTaxExpense": 71000000,
    "netIncome": 199000000,
    "netIncomeRatio": 0.0463653308,
    "eps": 0.14,
    "epsdiluted": 0.14,
    "weightedAverageShsOut": 1399000000,
    "weightedAverageShsOutDil": 1399000000,
    "link": "https://www.sec.gov/Archives/edgar/data/316709/000031670902000008/0000316709-02-000008-index.htm",
    "finalLink": "https://www.sec.gov/Archives/edgar/data/316709/000031670902000008/body.txt"
  },
  {
    "date": "2000-12-31",
    "symbol": "SCHW",
    "reportedCurrency": "USD",
    "cik": "0000316709",
    "fillingDate": "2001-03-28",
    "acceptedDate": "2001-03-28 00:00:00",
    "calendarYear": "2000",
    "period": "FY",
    "revenue": 5788000000,
    "costOfRevenue": 0,
    "grossProfit": 5788000000,
    "grossProfitRatio": 1,
    "researchAndDevelopmentExpenses": 0,
    "generalAndAdministrativeExpenses": 2414000000,
    "sellingAndMarketingExpenses": 332000000,
    "sellingGeneralAndAdministrativeExpenses": 2746000000,
    "otherExpenses": 3042000000,
    "operatingExpenses": 5788000000,
    "costAndExpenses": 5788000000,
    "interestIncome": 2589000000,
    "interestExpense": 1352000000,
    "depreciationAndAmortization": 308000000,
    "ebitda": 0,
    "ebitdaratio": 0,
    "operatingIncome": 0,
    "operatingIncomeRatio": 0,
    "totalOtherIncomeExpensesNet": 1231000000,
    "incomeBeforeTax": 1231000000,
    "incomeBeforeTaxRatio": 0.2126814098,
    "incomeTaxExpense": 513000000,
    "netIncome": 718000000,
    "netIncomeRatio": 0.1240497581,
    "eps": 0.53,
    "epsdiluted": 0.51,
    "weightedAverageShsOut": 1354716981,
    "weightedAverageShsOutDil": 1407843137,
    "link": "https://www.sec.gov/Archives/edgar/data/316709/000031670901000010/0000316709-01-000010-index.htm",
    "finalLink": "https://www.sec.gov/Archives/edgar/data/316709/000031670901000010/0000316709-01-000010-0001.txt"
  },
  {
    "date": "1999-12-31",
    "symbol": "SCHW",
    "reportedCurrency": "USD",
    "cik": "0000316709",
    "fillingDate": "2000-03-28",
    "acceptedDate": "2000-03-28 00:00:00",
    "calendarYear": "1999",
    "period": "FY",
    "revenue": 4486000000,
    "costOfRevenue": 0,
    "grossProfit": 4486000000,
    "grossProfitRatio": 1,
    "researchAndDevelopmentExpenses": 0,
    "generalAndAdministrativeExpenses": 1888000000,
    "sellingAndMarketingExpenses": 248000000,
    "sellingGeneralAndAdministrativeExpenses": 2136000000,
    "otherExpenses": 2350000000,
    "operatingExpenses": 4486000000,
    "costAndExpenses": 4486000000,
    "interestIncome": 1718000000,
    "interestExpense": 898000000,
    "depreciationAndAmortization": 181000000,
    "ebitda": 0,
    "ebitdaratio": 0,
    "operatingIncome": 0,
    "operatingIncomeRatio": 0,
    "totalOtherIncomeExpensesNet": 1099000000,
    "incomeBeforeTax": 1099000000,
    "incomeBeforeTaxRatio": 0.2449843959,
    "incomeTaxExpense": 433000000,
    "netIncome": 666000000,
    "netIncomeRatio": 0.1484618814,
    "eps": 0.51,
    "epsdiluted": 0.49,
    "weightedAverageShsOut": 1310444000,
    "weightedAverageShsOutDil": 1373030000,
    "link": "https://www.sec.gov/Archives/edgar/data/316709/000031670900000009/0000316709-00-000009-index.html",
    "finalLink": "https://www.sec.gov/Archives/edgar/data/316709/000031670900000009/"
  },
  {
    "date": "1998-12-31",
    "symbol": "SCHW",
    "reportedCurrency": "USD",
    "cik": "0000316709",
    "fillingDate": "1999-03-30",
    "acceptedDate": "1999-03-30 00:00:00",
    "calendarYear": "1998",
    "period": "FY",
    "revenue": 2736200000,
    "costOfRevenue": 0,
    "grossProfit": 2736200000,
    "grossProfitRatio": 1,
    "researchAndDevelopmentExpenses": 0,
    "generalAndAdministrativeExpenses": 1162800000,
    "sellingAndMarketingExpenses": 155000000,
    "sellingGeneralAndAdministrativeExpenses": 1317800000,
    "otherExpenses": 1418400000,
    "operatingExpenses": 2736200000,
    "costAndExpenses": 2736200000,
    "interestIncome": 1127500000,
    "interestExpense": 651900000,
    "depreciationAndAmortization": 138500000,
    "ebitda": 0,
    "ebitdaratio": 0,
    "operatingIncome": 0,
    "operatingIncomeRatio": 0,
    "totalOtherIncomeExpensesNet": 576600000,
    "incomeBeforeTax": 576600000,
    "incomeBeforeTaxRatio": 0.2107302098,
    "incomeTaxExpense": 228100000,
    "netIncome": 348500000,
    "netIncomeRatio": 0.1273664206,
    "eps": 0.29,
    "epsdiluted": 0.28,
    "weightedAverageShsOut": 1191075000,
    "weightedAverageShsOutDil": 1234507500,
    "link": "https://www.sec.gov/Archives/edgar/data/316709/000031670999000003/0000316709-99-000003-index.html",
    "finalLink": "https://www.sec.gov/Archives/edgar/data/316709/"
  },
  {
    "date": "1997-12-31",
    "symbol": "SCHW",
    "reportedCurrency": "USD",
    "cik": "0000316709",
    "fillingDate": "1998-03-27",
    "acceptedDate": "1998-03-27 00:00:00",
    "calendarYear": "1997",
    "period": "FY",
    "revenue": 2298800000,
    "costOfRevenue": 0,
    "grossProfit": 2298800000,
    "grossProfitRatio": 1,
    "researchAndDevelopmentExpenses": 0,
    "generalAndAdministrativeExpenses": 961800000,
    "sellingAndMarketingExpenses": 129600000,
    "sellingGeneralAndAdministrativeExpenses": 1091400000,
    "otherExpenses": 1207400000,
    "operatingExpenses": 2298800000,
    "costAndExpenses": 2298800000,
    "interestIncome": 900100000,
    "interestExpense": 546500000,
    "depreciationAndAmortization": 124700000,
    "ebitda": 0,
    "ebitdaratio": 0,
    "operatingIncome": 0,
    "operatingIncomeRatio": 0,
    "totalOtherIncomeExpensesNet": 447300000,
    "incomeBeforeTax": 447300000,
    "incomeBeforeTaxRatio": 0.1945797808,
    "incomeTaxExpense": 177000000,
    "netIncome": 270300000,
    "netIncomeRatio": 0.1175830868,
    "eps": 0.23,
    "epsdiluted": 0.22,
    "weightedAverageShsOut": 1181463000,
    "weightedAverageShsOutDil": 1226589000,
    "link": "https://www.sec.gov/Archives/edgar/data/316709/000104746998012181/0001047469-98-012181-index.html",
    "finalLink": "https://www.sec.gov/Archives/edgar/data/316709/"
  },
  {
    "date": "1996-12-31",
    "symbol": "SCHW",
    "reportedCurrency": "USD",
    "cik": "0000316709",
    "fillingDate": "1997-03-28",
    "acceptedDate": "1997-03-28 00:00:00",
    "calendarYear": "1996",
    "period": "FY",
    "revenue": 1850900000,
    "costOfRevenue": 0,
    "grossProfit": 1850900000,
    "grossProfitRatio": 1,
    "researchAndDevelopmentExpenses": 0,
    "generalAndAdministrativeExpenses": 766300000,
    "sellingAndMarketingExpenses": 84000000,
    "sellingGeneralAndAdministrativeExpenses": 850300000,
    "otherExpenses": 1000600000,
    "operatingExpenses": 1850900000,
    "costAndExpenses": 1850900000,
    "interestIncome": 680900000,
    "interestExpense": 425900000,
    "depreciationAndAmortization": 98300000,
    "ebitda": 0,
    "ebitdaratio": 0,
    "operatingIncome": 0,
    "operatingIncomeRatio": 0,
    "totalOtherIncomeExpensesNet": 394100000,
    "incomeBeforeTax": 394100000,
    "incomeBeforeTaxRatio": 0.2129234426,
    "incomeTaxExpense": 160300000,
    "netIncome": 233800000,
    "netIncomeRatio": 0.1263169269,
    "eps": 0.2,
    "epsdiluted": 0.19,
    "weightedAverageShsOut": 1169000000,
    "weightedAverageShsOutDil": 1230526316,
    "link": "https://www.sec.gov/Archives/edgar/data/316709/000095014997000663/0000950149-97-000663-index.html",
    "finalLink": "https://www.sec.gov/Archives/edgar/data/316709/"
  },
  {
    "date": "1995-12-31",
    "symbol": "SCHW",
    "reportedCurrency": "USD",
    "cik": "0000316709",
    "fillingDate": "1996-03-28",
    "acceptedDate": "1996-03-28 00:00:00",
    "calendarYear": "1995",
    "period": "FY",
    "revenue": 1419900000,
    "costOfRevenue": 0,
    "grossProfit": 1419900000,
    "grossProfitRatio": 1,
    "researchAndDevelopmentExpenses": 0,
    "generalAndAdministrativeExpenses": 594100000,
    "sellingAndMarketingExpenses": 52800000,
    "sellingGeneralAndAdministrativeExpenses": 646900000,
    "otherExpenses": 773000000,
    "operatingExpenses": 1419900000,
    "costAndExpenses": 1419900000,
    "interestIncome": 568100000,
    "interestExpense": 357200000,
    "depreciationAndAmortization": 68700000,
    "ebitda": 0,
    "ebitdaratio": 0,
    "operatingIncome": 0,
    "operatingIncomeRatio": 0,
    "totalOtherIncomeExpensesNet": 277100000,
    "incomeBeforeTax": 277100000,
    "incomeBeforeTaxRatio": 0.1951545884,
    "incomeTaxExpense": 104500000,
    "netIncome": 172600000,
    "netIncomeRatio": 0.1215578562,
    "eps": 0.14,
    "epsdiluted": 0.14,
    "weightedAverageShsOut": 1162923750,
    "weightedAverageShsOutDil": 1204713000,
    "link": "https://www.sec.gov/Archives/edgar/data/316709/000031670996000007/0000316709-96-000007-index.html",
    "finalLink": "https://www.sec.gov/Archives/edgar/data/316709/"
  },
  {
    "date": "1994-12-31",
    "symbol": "SCHW",
    "reportedCurrency": "USD",
    "cik": "0000316709",
    "fillingDate": "1995-03-24",
    "acceptedDate": "1995-03-24 00:00:00",
    "calendarYear": "1994",
    "period": "FY",
    "revenue": 1064600000,
    "costOfRevenue": 0,
    "grossProfit": 1064600000,
    "grossProfitRatio": 1,
    "researchAndDevelopmentExpenses": 0,
    "generalAndAdministrativeExpenses": 437100000,
    "sellingAndMarketingExpenses": 106700000,
    "sellingGeneralAndAdministrativeExpenses": 543800000,
    "otherExpenses": 520800000,
    "operatingExpenses": 1064600000,
    "costAndExpenses": 1064600000,
    "interestIncome": 362900000,
    "interestExpense": 198200000,
    "depreciationAndAmortization": 54600000,
    "ebitda": 0,
    "ebitdaratio": 0,
    "operatingIncome": 0,
    "operatingIncomeRatio": 0,
    "totalOtherIncomeExpensesNet": 224300000,
    "incomeBeforeTax": 224300000,
    "incomeBeforeTaxRatio": 0.2106894608,
    "incomeTaxExpense": 89000000,
    "netIncome": 135300000,
    "netIncomeRatio": 0.1270899868,
    "eps": 0.0785,
    "epsdiluted": 0.076,
    "weightedAverageShsOut": 1720784250,
    "weightedAverageShsOutDil": 1773960750,
    "link": "https://www.sec.gov/Archives/edgar/data/316709/000031670995000002/0000316709-95-000002-index.html",
    "finalLink": "https://www.sec.gov/Archives/edgar/data/316709/"
  },
  {
    "date": "1993-12-31",
    "symbol": "SCHW",
    "reportedCurrency": "USD",
    "cik": "0000316709",
    "fillingDate": "1994-03-30",
    "acceptedDate": "1994-03-30 00:00:00",
    "calendarYear": "1993",
    "period": "FY",
    "revenue": 965000000,
    "costOfRevenue": 0,
    "grossProfit": 965000000,
    "grossProfitRatio": 1,
    "researchAndDevelopmentExpenses": 0,
    "generalAndAdministrativeExpenses": 392800000,
    "sellingAndMarketingExpenses": 40700000,
    "sellingGeneralAndAdministrativeExpenses": 433500000,
    "otherExpenses": 531500000,
    "operatingExpenses": 965000000,
    "costAndExpenses": 965000000,
    "interestIncome": 252200000,
    "interestExpense": 132400000,
    "depreciationAndAmortization": 44400000,
    "ebitda": 0,
    "ebitdaratio": 0,
    "operatingIncome": 0,
    "operatingIncomeRatio": 0,
    "totalOtherIncomeExpensesNet": 206300000,
    "incomeBeforeTax": 206300000,
    "incomeBeforeTaxRatio": 0.2137823834,
    "incomeTaxExpense": 81900000,
    "netIncome": 117700000,
    "netIncomeRatio": 0.1219689119,
    "eps": 0.09,
    "epsdiluted": 0.09,
    "weightedAverageShsOut": 1307777778,
    "weightedAverageShsOutDil": 1307777778,
    "link": "https://www.sec.gov/Archives/edgar/data/316709/000095014994000076/0000950149-94-000076-index.html",
    "finalLink": "https://www.sec.gov/Archives/edgar/data/316709/"
  },
  {
    "date": "1992-12-31",
    "symbol": "SCHW",
    "reportedCurrency": "USD",
    "cik": "0000316709",
    "fillingDate": "1992-12-31",
    "acceptedDate": "1992-12-30 19:00:00",
    "calendarYear": "1992",
    "period": "FY",
    "revenue": 749500000,
    "costOfRevenue": 0,
    "grossProfit": 749500000,
    "grossProfitRatio": 1,
    "researchAndDevelopmentExpenses": 0,
    "generalAndAdministrativeExpenses": 306600000,
    "sellingAndMarketingExpenses": 33800000,
    "sellingGeneralAndAdministrativeExpenses": 340400000,
    "otherExpenses": 409100000,
    "operatingExpenses": 749500000,
    "costAndExpenses": 749500000,
    "interestIncome": 251000000,
    "interestExpense": 159500000,
    "depreciationAndAmortization": 40500000,
    "ebitda": 0,
    "ebitdaratio": 0,
    "operatingIncome": 0,
    "operatingIncomeRatio": 0,
    "totalOtherIncomeExpensesNet": 146200000,
    "incomeBeforeTax": 146200000,
    "incomeBeforeTaxRatio": 0.1950633756,
    "incomeTaxExpense": 65000000,
    "netIncome": 81200000,
    "netIncomeRatio": 0.1083388926,
    "eps": 0.07,
    "epsdiluted": 0.07,
    "weightedAverageShsOut": 1160000000,
    "weightedAverageShsOutDil": 1160000000,
    "link": "",
    "finalLink": ""
  },
  {
    "date": "1991-12-31",
    "symbol": "SCHW",
    "reportedCurrency": "USD",
    "cik": "0000316709",
    "fillingDate": "1991-12-31",
    "acceptedDate": "1991-12-30 19:00:00",
    "calendarYear": "1991",
    "period": "FY",
    "revenue": 569500000,
    "costOfRevenue": 0,
    "grossProfit": 569500000,
    "grossProfitRatio": 1,
    "researchAndDevelopmentExpenses": 0,
    "generalAndAdministrativeExpenses": 234400000,
    "sellingAndMarketingExpenses": 25200000,
    "sellingGeneralAndAdministrativeExpenses": 259600000,
    "otherExpenses": 309900000,
    "operatingExpenses": 569500000,
    "costAndExpenses": 569500000,
    "interestIncome": 302200000,
    "interestExpense": 225600000,
    "depreciationAndAmortization": 51900000,
    "ebitda": 0,
    "ebitdaratio": 0,
    "operatingIncome": 0,
    "operatingIncomeRatio": 0,
    "totalOtherIncomeExpensesNet": 88100000,
    "incomeBeforeTax": 88100000,
    "incomeBeforeTaxRatio": 0.1546971027,
    "incomeTaxExpense": 38600000,
    "netIncome": 49500000,
    "netIncomeRatio": 0.0869183494,
    "eps": 0.05,
    "epsdiluted": 0.05,
    "weightedAverageShsOut": 990000000,
    "weightedAverageShsOutDil": 990000000,
    "link": "",
    "finalLink": ""
  },
  {
    "date": "1990-12-31",
    "symbol": "SCHW",
    "reportedCurrency": "USD",
    "cik": "0000316709",
    "fillingDate": "1990-12-31",
    "acceptedDate": "1990-12-30 19:00:00",
    "calendarYear": "1990",
    "period": "FY",
    "revenue": 387400000,
    "costOfRevenue": 0,
    "grossProfit": 387400000,
    "grossProfitRatio": 1,
    "researchAndDevelopmentExpenses": 0,
    "generalAndAdministrativeExpenses": 155100000,
    "sellingAndMarketingExpenses": 19900000,
    "sellingGeneralAndAdministrativeExpenses": 175000000,
    "otherExpenses": 212400000,
    "operatingExpenses": 387400000,
    "costAndExpenses": 387400000,
    "interestIncome": 309500000,
    "interestExpense": 238500000,
    "depreciationAndAmortization": 49100000,
    "ebitda": 0,
    "ebitdaratio": 0,
    "operatingIncome": 0,
    "operatingIncomeRatio": 0,
    "totalOtherIncomeExpensesNet": 29100000,
    "incomeBeforeTax": 29100000,
    "incomeBeforeTaxRatio": 0.075116159,
    "incomeTaxExpense": 12300000,
    "netIncome": 16800000,
    "netIncomeRatio": 0.0433660299,
    "eps": 0.01,
    "epsdiluted": 0.01,
    "weightedAverageShsOut": 850000000,
    "weightedAverageShsOutDil": 850000000,
    "link": "",
    "finalLink": ""
  },
  {
    "date": "1989-12-31",
    "symbol": "SCHW",
    "reportedCurrency": "USD",
    "cik": "0000316709",
    "fillingDate": "1989-12-31",
    "acceptedDate": "1989-12-30 19:00:00",
    "calendarYear": "1989",
    "period": "FY",
    "revenue": 345900000,
    "costOfRevenue": 0,
    "grossProfit": 345900000,
    "grossProfitRatio": 1,
    "researchAndDevelopmentExpenses": 0,
    "generalAndAdministrativeExpenses": 130700000,
    "sellingAndMarketingExpenses": 18400000,
    "sellingGeneralAndAdministrativeExpenses": 149100000,
    "otherExpenses": 196800000,
    "operatingExpenses": 345900000,
    "costAndExpenses": 345900000,
    "interestIncome": 272900000,
    "interestExpense": 207300000,
    "depreciationAndAmortization": 52500000,
    "ebitda": 0,
    "ebitdaratio": 0,
    "operatingIncome": 0,
    "operatingIncomeRatio": 0,
    "totalOtherIncomeExpensesNet": 33200000,
    "incomeBeforeTax": 33200000,
    "incomeBeforeTaxRatio": 0.0959814975,
    "incomeTaxExpense": 14300000,
    "netIncome": 18900000,
    "netIncomeRatio": 0.0546400694,
    "eps": 0.02,
    "epsdiluted": 0.02,
    "weightedAverageShsOut": 945000000,
    "weightedAverageShsOutDil": 945000000,
    "link": "",
    "finalLink": ""
  },
  {
    "date": "1988-12-31",
    "symbol": "SCHW",
    "reportedCurrency": "USD",
    "cik": "0000316709",
    "fillingDate": "1988-12-31",
    "acceptedDate": "1988-12-30 19:00:00",
    "calendarYear": "1988",
    "period": "FY",
    "revenue": 0,
    "costOfRevenue": 0,
    "grossProfit": 0,
    "grossProfitRatio": 0,
    "researchAndDevelopmentExpenses": 0,
    "generalAndAdministrativeExpenses": 0,
    "sellingAndMarketingExpenses": 0,
    "sellingGeneralAndAdministrativeExpenses": 0,
    "otherExpenses": 7400000,
    "operatingExpenses": 7400000,
    "costAndExpenses": 7400000,
    "interestIncome": 0,
    "interestExpense": 0,
    "depreciationAndAmortization": 44000000,
    "ebitda": 51400000,
    "ebitdaratio": 0,
    "operatingIncome": 7400000,
    "operatingIncomeRatio": 0,
    "totalOtherIncomeExpensesNet": 0,
    "incomeBeforeTax": 0,
    "incomeBeforeTaxRatio": 0,
    "incomeTaxExpense": -7400000,
    "netIncome": 7400000,
    "netIncomeRatio": 0,
    "eps": 0.0064,
    "epsdiluted": 0.0064,
    "weightedAverageShsOut": 1152495000,
    "weightedAverageShsOutDil": 1152495000,
    "link": "",
    "finalLink": ""
  },
  {
    "date": "1987-12-31",
    "symbol": "SCHW",
    "reportedCurrency": "USD",
    "cik": "0000316709",
    "fillingDate": "1987-12-31",
    "acceptedDate": "1987-12-30 19:00:00",
    "calendarYear": "1987",
    "period": "FY",
    "revenue": 0,
    "costOfRevenue": 0,
    "grossProfit": 0,
    "grossProfitRatio": 0,
    "researchAndDevelopmentExpenses": 0,
    "generalAndAdministrativeExpenses": 0,
    "sellingAndMarketingExpenses": 0,
    "sellingGeneralAndAdministrativeExpenses": 0,
    "otherExpenses": 8200000,
    "operatingExpenses": 8200000,
    "costAndExpenses": 8200000,
    "interestIncome": 0,
    "interestExpense": 0,
    "depreciationAndAmortization": 38000000,
    "ebitda": 46200000,
    "ebitdaratio": 0,
    "operatingIncome": 8200000,
    "operatingIncomeRatio": 0,
    "totalOtherIncomeExpensesNet": 0,
    "incomeBeforeTax": 0,
    "incomeBeforeTaxRatio": 0,
    "incomeTaxExpense": -8200000,
    "netIncome": 8200000,
    "netIncomeRatio": 0,
    "eps": 0.0071,
    "epsdiluted": 0.01,
    "weightedAverageShsOut": 1151145000,
    "weightedAverageShsOutDil": 1151145000,
    "link": "",
    "finalLink": ""
  },
  {
    "date": "1986-12-31",
    "symbol": "SCHW",
    "reportedCurrency": "USD",
    "cik": "0000316709",
    "fillingDate": "1986-12-31",
    "acceptedDate": "1986-12-30 19:00:00",
    "calendarYear": "1986",
    "period": "FY",
    "revenue": 257000000,
    "costOfRevenue": 0,
    "grossProfit": 257000000,
    "grossProfitRatio": 1,
    "researchAndDevelopmentExpenses": 0,
    "generalAndAdministrativeExpenses": 168000000,
    "sellingAndMarketingExpenses": 0,
    "sellingGeneralAndAdministrativeExpenses": 168000000,
    "otherExpenses": 9000000,
    "operatingExpenses": 177000000,
    "costAndExpenses": 190000000,
    "interestIncome": 0,
    "interestExpense": 0,
    "depreciationAndAmortization": 10000000,
    "ebitda": 76000000,
    "ebitdaratio": 0.2957198444,
    "operatingIncome": 66000000,
    "operatingIncomeRatio": 0.2568093385,
    "totalOtherIncomeExpensesNet": 0,
    "incomeBeforeTax": 66000000,
    "incomeBeforeTaxRatio": 0.2568093385,
    "incomeTaxExpense": 34000000,
    "netIncome": 32000000,
    "netIncomeRatio": 0.1245136187,
    "eps": 0.0312,
    "epsdiluted": 0.0312,
    "weightedAverageShsOut": 1025000000,
    "weightedAverageShsOutDil": 1025000000,
    "link": "",
    "finalLink": ""
  },
  {
    "date": "1985-12-31",
    "symbol": "SCHW",
    "reportedCurrency": "USD",
    "cik": "0000316709",
    "fillingDate": "1985-12-31",
    "acceptedDate": "1985-12-30 19:00:00",
    "calendarYear": "1985",
    "period": "FY",
    "revenue": 160000000,
    "costOfRevenue": 0,
    "grossProfit": 160000000,
    "grossProfitRatio": 1,
    "researchAndDevelopmentExpenses": 0,
    "generalAndAdministrativeExpenses": 124000000,
    "sellingAndMarketingExpenses": 0,
    "sellingGeneralAndAdministrativeExpenses": 124000000,
    "otherExpenses": 7000000,
    "operatingExpenses": 131000000,
    "costAndExpenses": 139000000,
    "interestIncome": 0,
    "interestExpense": 0,
    "depreciationAndAmortization": 0,
    "ebitda": 20000000,
    "ebitdaratio": 0.125,
    "operatingIncome": 20000000,
    "operatingIncomeRatio": 0.125,
    "totalOtherIncomeExpensesNet": 0,
    "incomeBeforeTax": 20000000,
    "incomeBeforeTaxRatio": 0.125,
    "incomeTaxExpense": 9000000,
    "netIncome": 11000000,
    "netIncomeRatio": 0.06875,
    "eps": 0.0107,
    "epsdiluted": 0.0107,
    "weightedAverageShsOut": 1025000000,
    "weightedAverageShsOutDil": 1025000000,
    "link": "",
    "finalLink": ""
  }
]