[
  {
    "date": "2025-06-30",
    "symbol": "SHW",
    "reportedCurrency": "USD",
    "cik": "0000089800",
    "fillingDate": "2025-07-24",
    "acceptedDate": "2025-07-24 16:03:05",
    "calendarYear": "2025",
    "period": "Q2",
    "revenue": 6314500000,
    "costOfRevenue": 3196200000,
    "grossProfit": 3118300000,
    "grossProfitRatio": 0.4938316573,
    "researchAndDevelopmentExpenses": 0,
    "generalAndAdministrativeExpenses": 2018800000,
    "sellingAndMarketingExpenses": 0,
    "sellingGeneralAndAdministrativeExpenses": 2018800000,
    "otherExpenses": 400000,
    "operatingExpenses": 2019200000,
    "costAndExpenses": 5215400000,
    "interestIncome": 2400000,
    "interestExpense": 112400000,
    "depreciationAndAmortization": 162700000,
    "ebitda": 1260800000,
    "ebitdaratio": 0.1996674321,
    "operatingIncome": 1099100000,
    "operatingIncomeRatio": 0.1740597039,
    "totalOtherIncomeExpensesNet": -113400000,
    "incomeBeforeTax": 985700000,
    "incomeBeforeTaxRatio": 0.1561010373,
    "incomeTaxExpense": 231000000,
    "netIncome": 754700000,
    "netIncomeRatio": 0.1195185684,
    "eps": 3.04,
    "epsdiluted": 3,
    "weightedAverageShsOut": 248900000,
    "weightedAverageShsOutDil": 251900000,
    "link": "https://www.sec.gov/Archives/edgar/data/89800/000008980025000115/0000089800-25-000115-index.htm",
    "finalLink": "https://www.sec.gov/Archives/edgar/data/89800/000008980025000115/shw-20250630.htm"
  },
  {
    "date": "2025-03-31",
    "symbol": "SHW",
    "reportedCurrency": "USD",
    "cik": "0000089800",
    "fillingDate": "2025-04-29",
    "acceptedDate": "2025-04-29 14:34:24",
    "calendarYear": "2025",
    "period": "Q1",
    "revenue": 5305700000,
    "costOfRevenue": 2746600000,
    "grossProfit": 2559100000,
    "grossProfitRatio": 0.482330324,
    "researchAndDevelopmentExpenses": 0,
    "generalAndAdministrativeExpenses": 1801700000,
    "sellingAndMarketingExpenses": 0,
    "sellingGeneralAndAdministrativeExpenses": 1801700000,
    "otherExpenses": 3100000,
    "operatingExpenses": 1804800000,
    "costAndExpenses": 4551400000,
    "interestIncome": 3300000,
    "interestExpense": 107700000,
    "depreciationAndAmortization": 160900000,
    "ebitda": 917700000,
    "ebitdaratio": 0.1729649245,
    "operatingIncome": 754300000,
    "operatingIncomeRatio": 0.1421678572,
    "totalOtherIncomeExpensesNet": -101300000,
    "incomeBeforeTax": 653000000,
    "incomeBeforeTaxRatio": 0.1230751833,
    "incomeTaxExpense": 149100000,
    "netIncome": 503900000,
    "netIncomeRatio": 0.0949733306,
    "eps": 2.02,
    "epsdiluted": 2,
    "weightedAverageShsOut": 249400000,
    "weightedAverageShsOutDil": 252500000,
    "link": "https://www.sec.gov/Archives/edgar/data/89800/000008980025000087/0000089800-25-000087-index.htm",
    "finalLink": "https://www.sec.gov/Archives/edgar/data/89800/000008980025000087/shw-20250331.htm"
  },
  {
    "date": "2024-12-31",
    "symbol": "SHW",
    "reportedCurrency": "USD",
    "cik": "0000089800",
    "fillingDate": "2025-02-20",
    "acceptedDate": "2025-02-20 17:24:24",
    "calendarYear": "2024",
    "period": "Q4",
    "revenue": 5297200000,
    "costOfRevenue": 2724000000,
    "grossProfit": 2573200000,
    "grossProfitRatio": 0.4857660651,
    "researchAndDevelopmentExpenses": 0,
    "generalAndAdministrativeExpenses": 1893300000,
    "sellingAndMarketingExpenses": 0,
    "sellingGeneralAndAdministrativeExpenses": 1893300000,
    "otherExpenses": 6400000,
    "operatingExpenses": 1899700000,
    "costAndExpenses": 4623700000,
    "interestIncome": 1400000,
    "interestExpense": 102900000,
    "depreciationAndAmortization": 161900000,
    "ebitda": 876000000,
    "ebitdaratio": 0.1653703844,
    "operatingIncome": 673500000,
    "operatingIncomeRatio": 0.1271426414,
    "totalOtherIncomeExpensesNet": -57900000,
    "incomeBeforeTax": 615600000,
    "incomeBeforeTaxRatio": 0.1162123386,
    "incomeTaxExpense": 135500000,
    "netIncome": 480100000,
    "netIncomeRatio": 0.0906327871,
    "eps": 1.92,
    "epsdiluted": 1.9,
    "weightedAverageShsOut": 252684210,
    "weightedAverageShsOutDil": 254100000,
    "link": "https://www.sec.gov/Archives/edgar/data/89800/000008980025000030/0000089800-25-000030-index.htm",
    "finalLink": "https://www.sec.gov/Archives/edgar/data/89800/000008980025000030/shw-20241231.htm"
  },
  {
    "date": "2024-09-30",
    "symbol": "SHW",
    "reportedCurrency": "USD",
    "cik": "0000089800",
    "fillingDate": "2024-10-22",
    "acceptedDate": "2024-10-22 14:39:29",
    "calendarYear": "2024",
    "period": "Q3",
    "revenue": 6162500000,
    "costOfRevenue": 3135000000,
    "grossProfit": 3027500000,
    "grossProfitRatio": 0.4912778905,
    "researchAndDevelopmentExpenses": 0,
    "generalAndAdministrativeExpenses": 1893600000,
    "sellingAndMarketingExpenses": 0,
    "sellingGeneralAndAdministrativeExpenses": 1893600000,
    "otherExpenses": 2800000,
    "operatingExpenses": 1896400000,
    "costAndExpenses": 5031400000,
    "interestIncome": 2600000,
    "interestExpense": 107000000,
    "depreciationAndAmortization": 155600000,
    "ebitda": 1281800000,
    "ebitdaratio": 0.208,
    "operatingIncome": 1131100000,
    "operatingIncomeRatio": 0.1835456389,
    "totalOtherIncomeExpensesNet": -108300000,
    "incomeBeforeTax": 1022800000,
    "incomeBeforeTaxRatio": 0.1659716024,
    "incomeTaxExpense": 216600000,
    "netIncome": 806200000,
    "netIncomeRatio": 0.1308235294,
    "eps": 3.22,
    "epsdiluted": 3.18,
    "weightedAverageShsOut": 250600000,
    "weightedAverageShsOutDil": 253900000,
    "link": "https://www.sec.gov/Archives/edgar/data/89800/000008980024000157/0000089800-24-000157-index.htm",
    "finalLink": "https://www.sec.gov/Archives/edgar/data/89800/000008980024000157/shw-20240930.htm"
  },
  {
    "date": "2024-06-30",
    "symbol": "SHW",
    "reportedCurrency": "USD",
    "cik": "0000089800",
    "fillingDate": "2024-07-23",
    "acceptedDate": "2024-07-23 14:44:11",
    "calendarYear": "2024",
    "period": "Q2",
    "revenue": 6271500000,
    "costOfRevenue": 3208100000,
    "grossProfit": 3063400000,
    "grossProfitRatio": 0.4884636849,
    "researchAndDevelopmentExpenses": 0,
    "generalAndAdministrativeExpenses": 1846000000,
    "sellingAndMarketingExpenses": 0,
    "sellingGeneralAndAdministrativeExpenses": 1846000000,
    "otherExpenses": -14100000,
    "operatingExpenses": 1831900000,
    "costAndExpenses": 5040000000,
    "interestIncome": 900000,
    "interestExpense": 115200000,
    "depreciationAndAmortization": 153300000,
    "ebitda": 1437500000,
    "ebitdaratio": 0.2292115124,
    "operatingIncome": 1231500000,
    "operatingIncomeRatio": 0.1963645061,
    "totalOtherIncomeExpensesNet": -58100000,
    "incomeBeforeTax": 1173400000,
    "incomeBeforeTaxRatio": 0.1871003747,
    "incomeTaxExpense": 283500000,
    "netIncome": 889900000,
    "netIncomeRatio": 0.1418958782,
    "eps": 3.55,
    "epsdiluted": 3.5,
    "weightedAverageShsOut": 251000000,
    "weightedAverageShsOutDil": 254200000,
    "link": "https://www.sec.gov/Archives/edgar/data/89800/000008980024000105/0000089800-24-000105-index.htm",
    "finalLink": "https://www.sec.gov/Archives/edgar/data/89800/000008980024000105/shw-20240630.htm"
  },
  {
    "date": "2024-03-31",
    "symbol": "SHW",
    "reportedCurrency": "USD",
    "cik": "0000089800",
    "fillingDate": "2024-04-30",
    "acceptedDate": "2024-04-30 16:56:22",
    "calendarYear": "2024",
    "period": "Q1",
    "revenue": 5367300000,
    "costOfRevenue": 2836300000,
    "grossProfit": 2531000000,
    "grossProfitRatio": 0.471559257,
    "researchAndDevelopmentExpenses": 0,
    "generalAndAdministrativeExpenses": 1801600000,
    "sellingAndMarketingExpenses": 0,
    "sellingGeneralAndAdministrativeExpenses": 1801600000,
    "otherExpenses": 3600000,
    "operatingExpenses": 1805200000,
    "costAndExpenses": 4641500000,
    "interestIncome": 6100000,
    "interestExpense": 106300000,
    "depreciationAndAmortization": 153200000,
    "ebitda": 896200000,
    "ebitdaratio": 0.1669740838,
    "operatingIncome": 725800000,
    "operatingIncomeRatio": 0.1352262776,
    "totalOtherIncomeExpensesNet": -85800000,
    "incomeBeforeTax": 640000000,
    "incomeBeforeTaxRatio": 0.1192405865,
    "incomeTaxExpense": 134800000,
    "netIncome": 505200000,
    "netIncomeRatio": 0.094125538,
    "eps": 2,
    "epsdiluted": 1.97,
    "weightedAverageShsOut": 252500000,
    "weightedAverageShsOutDil": 255800000,
    "link": "https://www.sec.gov/Archives/edgar/data/89800/000008980024000087/0000089800-24-000087-index.htm",
    "finalLink": "https://www.sec.gov/Archives/edgar/data/89800/000008980024000087/shw-20240331.htm"
  },
  {
    "date": "2023-12-31",
    "symbol": "SHW",
    "reportedCurrency": "USD",
    "cik": "0000089800",
    "fillingDate": "2024-02-20",
    "acceptedDate": "2024-02-20 15:57:54",
    "calendarYear": "2023",
    "period": "Q4",
    "revenue": 5252200000,
    "costOfRevenue": 2703500000,
    "grossProfit": 2548700000,
    "grossProfitRatio": 0.4852633182,
    "researchAndDevelopmentExpenses": 0,
    "generalAndAdministrativeExpenses": 1846100000,
    "sellingAndMarketingExpenses": 0,
    "sellingGeneralAndAdministrativeExpenses": 1846100000,
    "otherExpenses": 28000000,
    "operatingExpenses": 1874100000,
    "costAndExpenses": 4577600000,
    "interestIncome": 9400000,
    "interestExpense": 94600000,
    "depreciationAndAmortization": 154300000,
    "ebitda": 722900000,
    "ebitdaratio": 0.1376375614,
    "operatingIncome": 674600000,
    "operatingIncomeRatio": 0.128441415,
    "totalOtherIncomeExpensesNet": -200600000,
    "incomeBeforeTax": 474000000,
    "incomeBeforeTaxRatio": 0.0902478961,
    "incomeTaxExpense": 117800000,
    "netIncome": 356200000,
    "netIncomeRatio": 0.0678191996,
    "eps": 1.4,
    "epsdiluted": 1.39,
    "weightedAverageShsOut": 254000000,
    "weightedAverageShsOutDil": 256899999,
    "link": "https://www.sec.gov/Archives/edgar/data/89800/000008980024000033/0000089800-24-000033-index.htm",
    "finalLink": "https://www.sec.gov/Archives/edgar/data/89800/000008980024000033/shw-20231231.htm"
  },
  {
    "date": "2023-09-30",
    "symbol": "SHW",
    "reportedCurrency": "USD",
    "cik": "0000089800",
    "fillingDate": "2023-10-24",
    "acceptedDate": "2023-10-24 15:20:01",
    "calendarYear": "2023",
    "period": "Q3",
    "revenue": 6116700000,
    "costOfRevenue": 3200500000,
    "grossProfit": 2916200000,
    "grossProfitRatio": 0.4767603446,
    "researchAndDevelopmentExpenses": 0,
    "generalAndAdministrativeExpenses": 1766300000,
    "sellingAndMarketingExpenses": 0,
    "sellingGeneralAndAdministrativeExpenses": 1766300000,
    "otherExpenses": 1149900000,
    "operatingExpenses": 2916200000,
    "costAndExpenses": 6116700000,
    "interestIncome": 5100000,
    "interestExpense": 101900000,
    "depreciationAndAmortization": 155400000,
    "ebitda": 1266300000,
    "ebitdaratio": 0.207023395,
    "operatingIncome": 0,
    "operatingIncomeRatio": 0,
    "totalOtherIncomeExpensesNet": 1009000000,
    "incomeBeforeTax": 1009000000,
    "incomeBeforeTaxRatio": 0.1649582291,
    "incomeTaxExpense": 247500000,
    "netIncome": 761500000,
    "netIncomeRatio": 0.1244952344,
    "eps": 2.99,
    "epsdiluted": 2.95,
    "weightedAverageShsOut": 255100000,
    "weightedAverageShsOutDil": 258399999,
    "link": "https://www.sec.gov/Archives/edgar/data/89800/000008980023000031/0000089800-23-000031-index.htm",
    "finalLink": "https://www.sec.gov/Archives/edgar/data/89800/000008980023000031/shw-20230930.htm"
  },
  {
    "date": "2023-06-30",
    "symbol": "SHW",
    "reportedCurrency": "USD",
    "cik": "0000089800",
    "fillingDate": "2023-07-25",
    "acceptedDate": "2023-07-25 15:54:53",
    "calendarYear": "2023",
    "period": "Q2",
    "revenue": 6240600000,
    "costOfRevenue": 3368300000,
    "grossProfit": 2872300000,
    "grossProfitRatio": 0.4602602314,
    "researchAndDevelopmentExpenses": 0,
    "generalAndAdministrativeExpenses": 1763200000,
    "sellingAndMarketingExpenses": 0,
    "sellingGeneralAndAdministrativeExpenses": 1763200000,
    "otherExpenses": 600000,
    "operatingExpenses": 1763800000,
    "costAndExpenses": 5132100000,
    "interestIncome": 7200000,
    "interestExpense": 115600000,
    "depreciationAndAmortization": 158700000,
    "ebitda": 1282500000,
    "ebitdaratio": 0.2055090857,
    "operatingIncome": 1108500000,
    "operatingIncomeRatio": 0.1776271512,
    "totalOtherIncomeExpensesNet": -96400000,
    "incomeBeforeTax": 1012100000,
    "incomeBeforeTaxRatio": 0.1621799186,
    "incomeTaxExpense": 218400000,
    "netIncome": 793700000,
    "netIncomeRatio": 0.1271832837,
    "eps": 3.1,
    "epsdiluted": 3.07,
    "weightedAverageShsOut": 256000000,
    "weightedAverageShsOutDil": 258899999,
    "link": "https://www.sec.gov/Archives/edgar/data/89800/000008980023000025/0000089800-23-000025-index.htm",
    "finalLink": "https://www.sec.gov/Archives/edgar/data/89800/000008980023000025/shw-20230630.htm"
  },
  {
    "date": "2023-03-31",
    "symbol": "SHW",
    "reportedCurrency": "USD",
    "cik": "0000089800",
    "fillingDate": "2023-04-25",
    "acceptedDate": "2023-04-25 17:11:30",
    "calendarYear": "2023",
    "period": "Q1",
    "revenue": 5442400000,
    "costOfRevenue": 3021500000,
    "grossProfit": 2420900000,
    "grossProfitRatio": 0.4448221373,
    "researchAndDevelopmentExpenses": 0,
    "generalAndAdministrativeExpenses": 1695400000,
    "sellingAndMarketingExpenses": 0,
    "sellingGeneralAndAdministrativeExpenses": 1695400000,
    "otherExpenses": 12700000,
    "operatingExpenses": 1708100000,
    "costAndExpenses": 4729600000,
    "interestIncome": 3500000,
    "interestExpense": 113200000,
    "depreciationAndAmortization": 154100000,
    "ebitda": 878200000,
    "ebitdaratio": 0.1613626341,
    "operatingIncome": 712800000,
    "operatingIncomeRatio": 0.1309716302,
    "totalOtherIncomeExpensesNet": -98000000,
    "incomeBeforeTax": 614800000,
    "incomeBeforeTaxRatio": 0.1129648684,
    "incomeTaxExpense": 137400000,
    "netIncome": 477400000,
    "netIncomeRatio": 0.0877186535,
    "eps": 1.86,
    "epsdiluted": 1.84,
    "weightedAverageShsOut": 256700000,
    "weightedAverageShsOutDil": 259700000,
    "link": "https://www.sec.gov/Archives/edgar/data/89800/000008980023000014/0000089800-23-000014-index.htm",
    "finalLink": "https://www.sec.gov/Archives/edgar/data/89800/000008980023000014/shw-20230331.htm"
  },
  {
    "date": "2022-12-31",
    "symbol": "SHW",
    "reportedCurrency": "USD",
    "cik": "0000089800",
    "fillingDate": "2023-02-22",
    "acceptedDate": "2023-02-22 15:39:08",
    "calendarYear": "2022",
    "period": "Q4",
    "revenue": 5230500000,
    "costOfRevenue": 2996700000,
    "grossProfit": 2233800000,
    "grossProfitRatio": 0.4270719816,
    "researchAndDevelopmentExpenses": 0,
    "generalAndAdministrativeExpenses": 1559300000,
    "sellingAndMarketingExpenses": 0,
    "sellingGeneralAndAdministrativeExpenses": 1559300000,
    "otherExpenses": 61100000,
    "operatingExpenses": 1620400000,
    "costAndExpenses": 4617100000,
    "interestIncome": 3200000,
    "interestExpense": 111500000,
    "depreciationAndAmortization": 148500000,
    "ebitda": 751700000,
    "ebitdaratio": 0.14371475,
    "operatingIncome": 613400000,
    "operatingIncomeRatio": 0.1172736832,
    "totalOtherIncomeExpensesNet": -118500000,
    "incomeBeforeTax": 494900000,
    "incomeBeforeTaxRatio": 0.0946181053,
    "incomeTaxExpense": 108600000,
    "netIncome": 386300000,
    "netIncomeRatio": 0.073855272,
    "eps": 1.5,
    "epsdiluted": 1.48,
    "weightedAverageShsOut": 257500000,
    "weightedAverageShsOutDil": 260399999,
    "link": "https://www.sec.gov/Archives/edgar/data/89800/000008980023000007/0000089800-23-000007-index.htm",
    "finalLink": "https://www.sec.gov/Archives/edgar/data/89800/000008980023000007/shw-20221231.htm"
  },
  {
    "date": "2022-09-30",
    "symbol": "SHW",
    "reportedCurrency": "USD",
    "cik": "0000089800",
    "fillingDate": "2022-10-25",
    "acceptedDate": "2022-10-25 15:59:11",
    "calendarYear": "2022",
    "period": "Q3",
    "revenue": 6047400000,
    "costOfRevenue": 3458000000,
    "grossProfit": 2589400000,
    "grossProfitRatio": 0.428184013,
    "researchAndDevelopmentExpenses": 0,
    "generalAndAdministrativeExpenses": 1609900000,
    "sellingAndMarketingExpenses": 0,
    "sellingGeneralAndAdministrativeExpenses": 1609900000,
    "otherExpenses": 6400000,
    "operatingExpenses": 1616300000,
    "costAndExpenses": 5074300000,
    "interestIncome": 2600000,
    "interestExpense": 104300000,
    "depreciationAndAmortization": 145800000,
    "ebitda": 1124200000,
    "ebitdaratio": 0.1858980719,
    "operatingIncome": 973100000,
    "operatingIncomeRatio": 0.1609121275,
    "totalOtherIncomeExpensesNet": -95900000,
    "incomeBeforeTax": 877200000,
    "incomeBeforeTaxRatio": 0.1450540728,
    "incomeTaxExpense": 192100000,
    "netIncome": 685100000,
    "netIncomeRatio": 0.1132883553,
    "eps": 2.66,
    "epsdiluted": 2.62,
    "weightedAverageShsOut": 257700000,
    "weightedAverageShsOutDil": 261100000,
    "link": "https://www.sec.gov/Archives/edgar/data/89800/000008980022000037/0000089800-22-000037-index.htm",
    "finalLink": "https://www.sec.gov/Archives/edgar/data/89800/000008980022000037/shw-20220930.htm"
  },
  {
    "date": "2022-06-30",
    "symbol": "SHW",
    "reportedCurrency": "USD",
    "cik": "0000089800",
    "fillingDate": "2022-07-27",
    "acceptedDate": "2022-07-27 16:12:59",
    "calendarYear": "2022",
    "period": "Q2",
    "revenue": 5872300000,
    "costOfRevenue": 3423300000,
    "grossProfit": 2449000000,
    "grossProfitRatio": 0.417042726,
    "researchAndDevelopmentExpenses": 0,
    "generalAndAdministrativeExpenses": 1597600000,
    "sellingAndMarketingExpenses": 0,
    "sellingGeneralAndAdministrativeExpenses": 1597600000,
    "otherExpenses": 4100000,
    "operatingExpenses": 1601700000,
    "costAndExpenses": 5025000000,
    "interestIncome": 1300000,
    "interestExpense": 95900000,
    "depreciationAndAmortization": 143300000,
    "ebitda": 976100000,
    "ebitdaratio": 0.1662210718,
    "operatingIncome": 847300000,
    "operatingIncomeRatio": 0.1442875875,
    "totalOtherIncomeExpensesNet": -107400000,
    "incomeBeforeTax": 739900000,
    "incomeBeforeTaxRatio": 0.1259983311,
    "incomeTaxExpense": 162000000,
    "netIncome": 577900000,
    "netIncomeRatio": 0.0984111847,
    "eps": 2.24,
    "epsdiluted": 2.21,
    "weightedAverageShsOut": 258100000,
    "weightedAverageShsOutDil": 261800000,
    "link": "https://www.sec.gov/Archives/edgar/data/89800/000008980022000029/0000089800-22-000029-index.htm",
    "finalLink": "https://www.sec.gov/Archives/edgar/data/89800/000008980022000029/shw-20220630.htm"
  },
  {
    "date": "2022-03-31",
    "symbol": "SHW",
    "reportedCurrency": "USD",
    "cik": "0000089800",
    "fillingDate": "2022-04-26",
    "acceptedDate": "2022-04-26 15:50:23",
    "calendarYear": "2022",
    "period": "Q1",
    "revenue": 4998700000,
    "costOfRevenue": 2945800000,
    "grossProfit": 2052900000,
    "grossProfitRatio": 0.4106867786,
    "researchAndDevelopmentExpenses": 0,
    "generalAndAdministrativeExpenses": 1485500000,
    "sellingAndMarketingExpenses": 0,
    "sellingGeneralAndAdministrativeExpenses": 1485500000,
    "otherExpenses": 600000,
    "operatingExpenses": 1486100000,
    "costAndExpenses": 4431900000,
    "interestIncome": 900000,
    "interestExpense": 91300000,
    "depreciationAndAmortization": 143500000,
    "ebitda": 693000000,
    "ebitdaratio": 0.1386360454,
    "operatingIncome": 566800000,
    "operatingIncomeRatio": 0.1133894813,
    "totalOtherIncomeExpensesNet": -105700000,
    "incomeBeforeTax": 461100000,
    "incomeBeforeTaxRatio": 0.0922439834,
    "incomeTaxExpense": 90300000,
    "netIncome": 370800000,
    "netIncomeRatio": 0.0741792866,
    "eps": 1.43,
    "epsdiluted": 1.41,
    "weightedAverageShsOut": 258800000,
    "weightedAverageShsOutDil": 263100000,
    "link": "https://www.sec.gov/Archives/edgar/data/89800/000008980022000017/0000089800-22-000017-index.htm",
    "finalLink": "https://www.sec.gov/Archives/edgar/data/89800/000008980022000017/shw-20220331.htm"
  },
  {
    "date": "2021-12-31",
    "symbol": "SHW",
    "reportedCurrency": "USD",
    "cik": "0000089800",
    "fillingDate": "2022-02-17",
    "acceptedDate": "2022-02-17 16:32:56",
    "calendarYear": "2021",
    "period": "Q4",
    "revenue": 4762100000,
    "costOfRevenue": 2882400000,
    "grossProfit": 1879700000,
    "grossProfitRatio": 0.3947208164,
    "researchAndDevelopmentExpenses": 0,
    "generalAndAdministrativeExpenses": 1439900000,
    "sellingAndMarketingExpenses": 0,
    "sellingGeneralAndAdministrativeExpenses": 1439900000,
    "otherExpenses": 66800000,
    "operatingExpenses": 1506700000,
    "costAndExpenses": 4389100000,
    "interestIncome": 3000000,
    "interestExpense": 87500000,
    "depreciationAndAmortization": 139600000,
    "ebitda": 533400000,
    "ebitdaratio": 0.1120094076,
    "operatingIncome": 373000000,
    "operatingIncomeRatio": 0.0783267886,
    "totalOtherIncomeExpensesNet": -64100000,
    "incomeBeforeTax": 308900000,
    "incomeBeforeTaxRatio": 0.0648663405,
    "incomeTaxExpense": 4900000,
    "netIncome": 304000000,
    "netIncomeRatio": 0.0638373827,
    "eps": 1.17,
    "epsdiluted": 1.15,
    "weightedAverageShsOut": 259900000,
    "weightedAverageShsOutDil": 264600000,
    "link": "https://www.sec.gov/Archives/edgar/data/89800/000008980022000007/0000089800-22-000007-index.htm",
    "finalLink": "https://www.sec.gov/Archives/edgar/data/89800/000008980022000007/shw-20211231.htm"
  },
  {
    "date": "2021-09-30",
    "symbol": "SHW",
    "reportedCurrency": "USD",
    "cik": "0000089800",
    "fillingDate": "2021-10-26",
    "acceptedDate": "2021-10-26 15:16:00",
    "calendarYear": "2021",
    "period": "Q3",
    "revenue": 5146700000,
    "costOfRevenue": 3007100000,
    "grossProfit": 2139600000,
    "grossProfitRatio": 0.4157226961,
    "researchAndDevelopmentExpenses": 0,
    "generalAndAdministrativeExpenses": 1368900000,
    "sellingAndMarketingExpenses": 0,
    "sellingGeneralAndAdministrativeExpenses": 1368900000,
    "otherExpenses": 76700000,
    "operatingExpenses": 1445600000,
    "costAndExpenses": 4452700000,
    "interestIncome": 700000,
    "interestExpense": 85700000,
    "depreciationAndAmortization": 139600000,
    "ebitda": 834200000,
    "ebitdaratio": 0.1620844425,
    "operatingIncome": 694000000,
    "operatingIncomeRatio": 0.1348436862,
    "totalOtherIncomeExpensesNet": -82500000,
    "incomeBeforeTax": 611500000,
    "incomeBeforeTaxRatio": 0.1188139973,
    "incomeTaxExpense": 109300000,
    "netIncome": 502200000,
    "netIncomeRatio": 0.0975770882,
    "eps": 1.92,
    "epsdiluted": 1.88,
    "weightedAverageShsOut": 261600000,
    "weightedAverageShsOutDil": 266600000,
    "link": "https://www.sec.gov/Archives/edgar/data/89800/000008980021000032/0000089800-21-000032-index.htm",
    "finalLink": "https://www.sec.gov/Archives/edgar/data/89800/000008980021000032/shw-20210930.htm"
  },
  {
    "date": "2021-06-30",
    "symbol": "SHW",
    "reportedCurrency": "USD",
    "cik": "0000089800",
    "fillingDate": "2021-07-27",
    "acceptedDate": "2021-07-27 16:53:29",
    "calendarYear": "2021",
    "period": "Q2",
    "revenue": 5379800000,
    "costOfRevenue": 2968400000,
    "grossProfit": 2411400000,
    "grossProfitRatio": 0.4482322763,
    "researchAndDevelopmentExpenses": 0,
    "generalAndAdministrativeExpenses": 1437800000,
    "sellingAndMarketingExpenses": 0,
    "sellingGeneralAndAdministrativeExpenses": 1437800000,
    "otherExpenses": 80300000,
    "operatingExpenses": 1518100000,
    "costAndExpenses": 4486500000,
    "interestIncome": 600000,
    "interestExpense": 86000000,
    "depreciationAndAmortization": 148800000,
    "ebitda": 1051500000,
    "ebitdaratio": 0.1954533626,
    "operatingIncome": 893300000,
    "operatingIncomeRatio": 0.1660470649,
    "totalOtherIncomeExpensesNet": -74100000,
    "incomeBeforeTax": 819200000,
    "incomeBeforeTaxRatio": 0.1522733187,
    "incomeTaxExpense": 170600000,
    "netIncome": 648600000,
    "netIncomeRatio": 0.1205621027,
    "eps": 2.47,
    "epsdiluted": 2.42,
    "weightedAverageShsOut": 262800000,
    "weightedAverageShsOutDil": 267800000,
    "link": "https://www.sec.gov/Archives/edgar/data/89800/000008980021000028/0000089800-21-000028-index.htm",
    "finalLink": "https://www.sec.gov/Archives/edgar/data/89800/000008980021000028/shw-20210630.htm"
  },
  {
    "date": "2021-03-31",
    "symbol": "SHW",
    "reportedCurrency": "USD",
    "cik": "0000089800",
    "fillingDate": "2021-04-28",
    "acceptedDate": "2021-04-28 14:07:59",
    "calendarYear": "2021",
    "period": "Q1",
    "revenue": 4656000000,
    "costOfRevenue": 2544000000,
    "grossProfit": 2112000000,
    "grossProfitRatio": 0.4536082474,
    "researchAndDevelopmentExpenses": 0,
    "generalAndAdministrativeExpenses": 1325900000,
    "sellingAndMarketingExpenses": 0,
    "sellingGeneralAndAdministrativeExpenses": 1325900000,
    "otherExpenses": 81700000,
    "operatingExpenses": 1407600000,
    "costAndExpenses": 3951600000,
    "interestIncome": 600000,
    "interestExpense": 85800000,
    "depreciationAndAmortization": 144600000,
    "ebitda": 736800000,
    "ebitdaratio": 0.1582474227,
    "operatingIncome": 704400000,
    "operatingIncomeRatio": 0.1512886598,
    "totalOtherIncomeExpensesNet": -195400000,
    "incomeBeforeTax": 509000000,
    "incomeBeforeTaxRatio": 0.1093213058,
    "incomeTaxExpense": 99400000,
    "netIncome": 409600000,
    "netIncomeRatio": 0.0879725086,
    "eps": 1.54,
    "epsdiluted": 1.51,
    "weightedAverageShsOut": 265800000,
    "weightedAverageShsOutDil": 270600000,
    "link": "https://www.sec.gov/Archives/edgar/data/89800/000008980021000016/0000089800-21-000016-index.htm",
    "finalLink": "https://www.sec.gov/Archives/edgar/data/89800/000008980021000016/shw-20210331.htm"
  },
  {
    "date": "2020-12-31",
    "symbol": "SHW",
    "reportedCurrency": "USD",
    "cik": "0000089800",
    "fillingDate": "2021-02-19",
    "acceptedDate": "2021-02-19 11:42:20",
    "calendarYear": "2020",
    "period": "Q4",
    "revenue": 4488800000,
    "costOfRevenue": 2360100000,
    "grossProfit": 2128700000,
    "grossProfitRatio": 0.4742247371,
    "researchAndDevelopmentExpenses": 0,
    "generalAndAdministrativeExpenses": 1472200000,
    "sellingAndMarketingExpenses": 0,
    "sellingGeneralAndAdministrativeExpenses": 1472200000,
    "otherExpenses": 95500000,
    "operatingExpenses": 1567700000,
    "costAndExpenses": 3927800000,
    "interestIncome": 1000000,
    "interestExpense": 85400000,
    "depreciationAndAmortization": 147200000,
    "ebitda": 736500000,
    "ebitdaratio": 0.1640750312,
    "operatingIncome": 561000000,
    "operatingIncomeRatio": 0.1249777223,
    "totalOtherIncomeExpensesNet": -57100000,
    "incomeBeforeTax": 503900000,
    "incomeBeforeTaxRatio": 0.1122571734,
    "incomeTaxExpense": 96900000,
    "netIncome": 407000000,
    "netIncomeRatio": 0.0906701123,
    "eps": 1.51,
    "epsdiluted": 1.49,
    "weightedAverageShsOut": 268861485,
    "weightedAverageShsOutDil": 273804333,
    "link": "https://www.sec.gov/Archives/edgar/data/89800/000008980021000010/0000089800-21-000010-index.htm",
    "finalLink": "https://www.sec.gov/Archives/edgar/data/89800/000008980021000010/shw-20201231.htm"
  },
  {
    "date": "2020-09-30",
    "symbol": "SHW",
    "reportedCurrency": "USD",
    "cik": "0000089800",
    "fillingDate": "2020-10-27",
    "acceptedDate": "2020-10-27 14:25:47",
    "calendarYear": "2020",
    "period": "Q3",
    "revenue": 5122200000,
    "costOfRevenue": 2666900000,
    "grossProfit": 2455300000,
    "grossProfitRatio": 0.4793448128,
    "researchAndDevelopmentExpenses": 0,
    "generalAndAdministrativeExpenses": 1406800000,
    "sellingAndMarketingExpenses": 0,
    "sellingGeneralAndAdministrativeExpenses": 1406800000,
    "otherExpenses": 88800000,
    "operatingExpenses": 1495600000,
    "costAndExpenses": 4162500000,
    "interestIncome": 1400000,
    "interestExpense": 85900000,
    "depreciationAndAmortization": 146100000,
    "ebitda": 1105000000,
    "ebitdaratio": 0.215727617,
    "operatingIncome": 959700000,
    "operatingIncomeRatio": 0.1873608996,
    "totalOtherIncomeExpensesNet": -84100000,
    "incomeBeforeTax": 875600000,
    "incomeBeforeTaxRatio": 0.1709421733,
    "incomeTaxExpense": 169800000,
    "netIncome": 705800000,
    "netIncomeRatio": 0.1377923548,
    "eps": 2.6,
    "epsdiluted": 2.55,
    "weightedAverageShsOut": 271611942,
    "weightedAverageShsOutDil": 276330687,
    "link": "https://www.sec.gov/Archives/edgar/data/89800/000008980020000024/0000089800-20-000024-index.htm",
    "finalLink": "https://www.sec.gov/Archives/edgar/data/89800/000008980020000024/shw-20200930.htm"
  },
  {
    "date": "2020-06-30",
    "symbol": "SHW",
    "reportedCurrency": "USD",
    "cik": "0000089800",
    "fillingDate": "2020-07-28",
    "acceptedDate": "2020-07-28 13:59:50",
    "calendarYear": "2020",
    "period": "Q2",
    "revenue": 4604000000,
    "costOfRevenue": 2395100000,
    "grossProfit": 2208900000,
    "grossProfitRatio": 0.4797784535,
    "researchAndDevelopmentExpenses": 0,
    "generalAndAdministrativeExpenses": 1291300000,
    "sellingAndMarketingExpenses": 0,
    "sellingGeneralAndAdministrativeExpenses": 1291300000,
    "otherExpenses": 85900000,
    "operatingExpenses": 1377200000,
    "costAndExpenses": 3772300000,
    "interestIncome": 600000,
    "interestExpense": 90500000,
    "depreciationAndAmortization": 143500000,
    "ebitda": 979000000,
    "ebitdaratio": 0.2126411816,
    "operatingIncome": 831700000,
    "operatingIncomeRatio": 0.1806472632,
    "totalOtherIncomeExpensesNet": -84300000,
    "incomeBeforeTax": 747400000,
    "incomeBeforeTaxRatio": 0.1623370982,
    "incomeTaxExpense": 151500000,
    "netIncome": 595900000,
    "netIncomeRatio": 0.1294309296,
    "eps": 2.2,
    "epsdiluted": 2.16,
    "weightedAverageShsOut": 271400000,
    "weightedAverageShsOutDil": 275900000,
    "link": "https://www.sec.gov/Archives/edgar/data/89800/000008980020000020/0000089800-20-000020-index.htm",
    "finalLink": "https://www.sec.gov/Archives/edgar/data/89800/000008980020000020/shw-20200630.htm"
  },
  {
    "date": "2020-03-31",
    "symbol": "SHW",
    "reportedCurrency": "USD",
    "cik": "0000089800",
    "fillingDate": "2020-04-29",
    "acceptedDate": "2020-04-29 15:31:42",
    "calendarYear": "2020",
    "period": "Q1",
    "revenue": 4146700000,
    "costOfRevenue": 2257000000,
    "grossProfit": 1889700000,
    "grossProfitRatio": 0.4557117708,
    "researchAndDevelopmentExpenses": 0,
    "generalAndAdministrativeExpenses": 1307600000,
    "sellingAndMarketingExpenses": 0,
    "sellingGeneralAndAdministrativeExpenses": 1307600000,
    "otherExpenses": 80300000,
    "operatingExpenses": 1387900000,
    "costAndExpenses": 3644900000,
    "interestIncome": 600000,
    "interestExpense": 89000000,
    "depreciationAndAmortization": 144600000,
    "ebitda": 622500000,
    "ebitdaratio": 0.150119372,
    "operatingIncome": 501800000,
    "operatingIncomeRatio": 0.121011889,
    "totalOtherIncomeExpensesNet": -109500000,
    "incomeBeforeTax": 392300000,
    "incomeBeforeTaxRatio": 0.0946053488,
    "incomeTaxExpense": 70600000,
    "netIncome": 321700000,
    "netIncomeRatio": 0.0775797622,
    "eps": 1.18,
    "epsdiluted": 1.15,
    "weightedAverageShsOut": 273200000,
    "weightedAverageShsOutDil": 278600000,
    "link": "https://www.sec.gov/Archives/edgar/data/89800/000008980020000009/0000089800-20-000009-index.htm",
    "finalLink": "https://www.sec.gov/Archives/edgar/data/89800/000008980020000009/shw-202033110q.htm"
  },
  {
    "date": "2019-12-31",
    "symbol": "SHW",
    "reportedCurrency": "USD",
    "cik": "0000089800",
    "fillingDate": "2020-02-21",
    "acceptedDate": "2020-02-21 15:03:26",
    "calendarYear": "2019",
    "period": "Q4",
    "revenue": 4114399999,
    "costOfRevenue": 2220395000,
    "grossProfit": 1894034000,
    "grossProfitRatio": 0.4603426989,
    "researchAndDevelopmentExpenses": 0,
    "generalAndAdministrativeExpenses": 1354424000,
    "sellingAndMarketingExpenses": 0,
    "sellingGeneralAndAdministrativeExpenses": 1354424000,
    "otherExpenses": 83526000,
    "operatingExpenses": 1437950000,
    "costAndExpenses": 3658345000,
    "interestIncome": 24400000,
    "interestExpense": 86527000,
    "depreciationAndAmortization": 145543000,
    "ebitda": 526781000,
    "ebitdaratio": 0.1280334922,
    "operatingIncome": 456084000,
    "operatingIncomeRatio": 0.1108506708,
    "totalOtherIncomeExpensesNet": -158672000,
    "incomeBeforeTax": 297400000,
    "incomeBeforeTaxRatio": 0.0722827144,
    "incomeTaxExpense": 48800000,
    "netIncome": 248622000,
    "netIncomeRatio": 0.0604272798,
    "eps": 0.9,
    "epsdiluted": 0.89,
    "weightedAverageShsOut": 274987242,
    "weightedAverageShsOutDil": 280742055,
    "link": "https://www.sec.gov/Archives/edgar/data/89800/000008980020000005/0000089800-20-000005-index.htm",
    "finalLink": "https://www.sec.gov/Archives/edgar/data/89800/000008980020000005/shw-12312019x10k.htm"
  },
  {
    "date": "2019-09-30",
    "symbol": "SHW",
    "reportedCurrency": "USD",
    "cik": "0000089800",
    "fillingDate": "2019-10-22",
    "acceptedDate": "2019-10-22 12:48:27",
    "calendarYear": "2019",
    "period": "Q3",
    "revenue": 4867650000,
    "costOfRevenue": 2642100000,
    "grossProfit": 2225600000,
    "grossProfitRatio": 0.4572226845,
    "researchAndDevelopmentExpenses": 0,
    "generalAndAdministrativeExpenses": 1345200000,
    "sellingAndMarketingExpenses": 0,
    "sellingGeneralAndAdministrativeExpenses": 1345200000,
    "otherExpenses": 88100000,
    "operatingExpenses": 1433300000,
    "costAndExpenses": 4075400000,
    "interestIncome": 637000,
    "interestExpense": 87904000,
    "depreciationAndAmortization": 142800000,
    "ebitda": 937300000,
    "ebitdaratio": 0.1925569833,
    "operatingIncome": 792300000,
    "operatingIncomeRatio": 0.1627684817,
    "totalOtherIncomeExpensesNet": -82500000,
    "incomeBeforeTax": 709833000,
    "incomeBeforeTaxRatio": 0.1458266309,
    "incomeTaxExpense": 133395000,
    "netIncome": 576500000,
    "netIncomeRatio": 0.1184349738,
    "eps": 2.09,
    "epsdiluted": 2.05,
    "weightedAverageShsOut": 275470719,
    "weightedAverageShsOutDil": 280812780,
    "link": "https://www.sec.gov/Archives/edgar/data/89800/000008980019000023/0000089800-19-000023-index.htm",
    "finalLink": "https://www.sec.gov/Archives/edgar/data/89800/000008980019000023/shw-201993010q.htm"
  },
  {
    "date": "2019-06-30",
    "symbol": "SHW",
    "reportedCurrency": "USD",
    "cik": "0000089800",
    "fillingDate": "2019-07-24",
    "acceptedDate": "2019-07-24 12:08:53",
    "calendarYear": "2019",
    "period": "Q2",
    "revenue": 4877860000,
    "costOfRevenue": 2696400000,
    "grossProfit": 2181400000,
    "grossProfitRatio": 0.4472043068,
    "researchAndDevelopmentExpenses": 0,
    "generalAndAdministrativeExpenses": 1331300000,
    "sellingAndMarketingExpenses": 0,
    "sellingGeneralAndAdministrativeExpenses": 1331300000,
    "otherExpenses": 84800000,
    "operatingExpenses": 1416100000,
    "costAndExpenses": 4112500000,
    "interestIncome": 541000,
    "interestExpense": 91881000,
    "depreciationAndAmortization": 143100000,
    "ebitda": 907400000,
    "ebitdaratio": 0.1860241991,
    "operatingIncome": 765300000,
    "operatingIncomeRatio": 0.1568925717,
    "totalOtherIncomeExpensesNet": -89600000,
    "incomeBeforeTax": 675701000,
    "incomeBeforeTaxRatio": 0.1385240659,
    "incomeTaxExpense": 204698000,
    "netIncome": 471000000,
    "netIncomeRatio": 0.0965587368,
    "eps": 1.71,
    "epsdiluted": 1.68,
    "weightedAverageShsOut": 275325885,
    "weightedAverageShsOutDil": 280685175,
    "link": "https://www.sec.gov/Archives/edgar/data/89800/000008980019000014/0000089800-19-000014-index.htm",
    "finalLink": "https://www.sec.gov/Archives/edgar/data/89800/000008980019000014/shw-201963010q.htm"
  },
  {
    "date": "2019-03-31",
    "symbol": "SHW",
    "reportedCurrency": "USD",
    "cik": "0000089800",
    "fillingDate": "2019-04-25",
    "acceptedDate": "2019-04-25 16:11:01",
    "calendarYear": "2019",
    "period": "Q1",
    "revenue": 4040861000,
    "costOfRevenue": 2305800000,
    "grossProfit": 1735100000,
    "grossProfitRatio": 0.4293886872,
    "researchAndDevelopmentExpenses": 0,
    "generalAndAdministrativeExpenses": 1244000000,
    "sellingAndMarketingExpenses": 0,
    "sellingGeneralAndAdministrativeExpenses": 1244000000,
    "otherExpenses": 79400000,
    "operatingExpenses": 1323400000,
    "costAndExpenses": 3629200000,
    "interestIncome": 410000,
    "interestExpense": 93662000,
    "depreciationAndAmortization": 143500000,
    "ebitda": 533400000,
    "ebitdaratio": 0.132001571,
    "operatingIncome": 411700000,
    "operatingIncomeRatio": 0.1018842271,
    "totalOtherIncomeExpensesNet": -112800000,
    "incomeBeforeTax": 298854000,
    "incomeBeforeTaxRatio": 0.0739580005,
    "incomeTaxExpense": 53617000,
    "netIncome": 245200000,
    "netIncomeRatio": 0.0606801372,
    "eps": 0.89,
    "epsdiluted": 0.87,
    "weightedAverageShsOut": 275858484,
    "weightedAverageShsOutDil": 281006184,
    "link": "https://www.sec.gov/Archives/edgar/data/89800/000008980019000008/0000089800-19-000008-index.htm",
    "finalLink": "https://www.sec.gov/Archives/edgar/data/89800/000008980019000008/shw-2019331_10q.htm"
  },
  {
    "date": "2018-12-31",
    "symbol": "SHW",
    "reportedCurrency": "USD",
    "cik": "0000089800",
    "fillingDate": "2019-02-22",
    "acceptedDate": "2019-02-22 14:28:10",
    "calendarYear": "2018",
    "period": "Q4",
    "revenue": 4064221000,
    "costOfRevenue": 2381538000,
    "grossProfit": 1682683000,
    "grossProfitRatio": 0.4140234992,
    "researchAndDevelopmentExpenses": 0,
    "generalAndAdministrativeExpenses": 1238288000,
    "sellingAndMarketingExpenses": 0,
    "sellingGeneralAndAdministrativeExpenses": 1238288000,
    "otherExpenses": 221073000,
    "operatingExpenses": 1459361000,
    "costAndExpenses": 3840899000,
    "interestIncome": 863000,
    "interestExpense": 91677000,
    "depreciationAndAmortization": 145748000,
    "ebitda": 337172000,
    "ebitdaratio": 0.0829610398,
    "operatingIncome": 223322000,
    "operatingIncomeRatio": 0.0549482914,
    "totalOtherIncomeExpensesNet": -121297000,
    "incomeBeforeTax": 102025000,
    "incomeBeforeTaxRatio": 0.0251032117,
    "incomeTaxExpense": 1037000,
    "netIncome": 100988000,
    "netIncomeRatio": 0.0248480582,
    "eps": 0.36,
    "epsdiluted": 0.36,
    "weightedAverageShsOut": 277812384,
    "weightedAverageShsOutDil": 283253679,
    "link": "https://www.sec.gov/Archives/edgar/data/89800/000008980019000004/0000089800-19-000004-index.htm",
    "finalLink": "https://www.sec.gov/Archives/edgar/data/89800/000008980019000004/shw-12312018x10k.htm"
  },
  {
    "date": "2018-09-30",
    "symbol": "SHW",
    "reportedCurrency": "USD",
    "cik": "0000089800",
    "fillingDate": "2018-10-25",
    "acceptedDate": "2018-10-25 15:36:30",
    "calendarYear": "2018",
    "period": "Q3",
    "revenue": 4731470000,
    "costOfRevenue": 2721066000,
    "grossProfit": 2010404000,
    "grossProfitRatio": 0.4249005066,
    "researchAndDevelopmentExpenses": 0,
    "generalAndAdministrativeExpenses": 1273066000,
    "sellingAndMarketingExpenses": 0,
    "sellingGeneralAndAdministrativeExpenses": 1273066000,
    "otherExpenses": 82376000,
    "operatingExpenses": 1355442000,
    "costAndExpenses": 4076508000,
    "interestIncome": 555000,
    "interestExpense": 94975000,
    "depreciationAndAmortization": 147458000,
    "ebitda": 655692000,
    "ebitdaratio": 0.138581033,
    "operatingIncome": 654962000,
    "operatingIncomeRatio": 0.1384267469,
    "totalOtherIncomeExpensesNet": -239009000,
    "incomeBeforeTax": 415953000,
    "incomeBeforeTaxRatio": 0.087912002,
    "incomeTaxExpense": 61926000,
    "netIncome": 354027000,
    "netIncomeRatio": 0.0748238919,
    "eps": 1.27,
    "epsdiluted": 1.24,
    "weightedAverageShsOut": 279299142,
    "weightedAverageShsOutDil": 285405771,
    "link": "https://www.sec.gov/Archives/edgar/data/89800/000008980018000017/0000089800-18-000017-index.htm",
    "finalLink": "https://www.sec.gov/Archives/edgar/data/89800/000008980018000017/shw-2018930_10q.htm"
  },
  {
    "date": "2018-06-30",
    "symbol": "SHW",
    "reportedCurrency": "USD",
    "cik": "0000089800",
    "fillingDate": "2018-07-25",
    "acceptedDate": "2018-07-25 16:46:02",
    "calendarYear": "2018",
    "period": "Q2",
    "revenue": 4773796000,
    "costOfRevenue": 2735168000,
    "grossProfit": 2038628000,
    "grossProfitRatio": 0.4270454791,
    "researchAndDevelopmentExpenses": 0,
    "generalAndAdministrativeExpenses": 1307861000,
    "sellingAndMarketingExpenses": 0,
    "sellingGeneralAndAdministrativeExpenses": 1307861000,
    "otherExpenses": 105146000,
    "operatingExpenses": 1413007000,
    "costAndExpenses": 4148175000,
    "interestIncome": 559000,
    "interestExpense": 95957000,
    "depreciationAndAmortization": 146435000,
    "ebitda": 778028000,
    "ebitdaratio": 0.1629788956,
    "operatingIncome": 625621000,
    "operatingIncomeRatio": 0.1310531493,
    "totalOtherIncomeExpensesNet": -87535000,
    "incomeBeforeTax": 538086000,
    "incomeBeforeTaxRatio": 0.1127165886,
    "incomeTaxExpense": 134482000,
    "netIncome": 403604000,
    "netIncomeRatio": 0.0845457158,
    "eps": 1.45,
    "epsdiluted": 1.42,
    "weightedAverageShsOut": 278779263,
    "weightedAverageShsOutDil": 284652561,
    "link": "https://www.sec.gov/Archives/edgar/data/89800/000008980018000014/0000089800-18-000014-index.htm",
    "finalLink": "https://www.sec.gov/Archives/edgar/data/89800/000008980018000014/shw-2018630_10q.htm"
  },
  {
    "date": "2018-03-31",
    "symbol": "SHW",
    "reportedCurrency": "USD",
    "cik": "0000089800",
    "fillingDate": "2018-04-25",
    "acceptedDate": "2018-04-25 15:49:58",
    "calendarYear": "2018",
    "period": "Q1",
    "revenue": 3965006000,
    "costOfRevenue": 2278159000,
    "grossProfit": 1686847000,
    "grossProfitRatio": 0.4254336563,
    "researchAndDevelopmentExpenses": 0,
    "generalAndAdministrativeExpenses": 1214565000,
    "sellingAndMarketingExpenses": 0,
    "sellingGeneralAndAdministrativeExpenses": 1214565000,
    "otherExpenses": 85814000,
    "operatingExpenses": 1300379000,
    "costAndExpenses": 3578538000,
    "interestIncome": 1618000,
    "interestExpense": 93783000,
    "depreciationAndAmortization": 156640000,
    "ebitda": 551773000,
    "ebitdaratio": 0.1391606974,
    "operatingIncome": 386468000,
    "operatingIncomeRatio": 0.0974697138,
    "totalOtherIncomeExpensesNet": -82882000,
    "incomeBeforeTax": 303586000,
    "incomeBeforeTaxRatio": 0.0765663406,
    "incomeTaxExpense": 53459000,
    "netIncome": 250127000,
    "netIncomeRatio": 0.0630836372,
    "eps": 0.89,
    "epsdiluted": 0.87,
    "weightedAverageShsOut": 280018692,
    "weightedAverageShsOutDil": 286638456,
    "link": "https://www.sec.gov/Archives/edgar/data/89800/000008980018000008/0000089800-18-000008-index.htm",
    "finalLink": "https://www.sec.gov/Archives/edgar/data/89800/000008980018000008/shw-2018331_10q.htm"
  },
  {
    "date": "2017-12-31",
    "symbol": "SHW",
    "reportedCurrency": "USD",
    "cik": "0000089800",
    "fillingDate": "2018-02-23",
    "acceptedDate": "2018-02-23 14:11:44",
    "calendarYear": "2017",
    "period": "Q4",
    "revenue": 3979564000,
    "costOfRevenue": 2180825000,
    "grossProfit": 1798739000,
    "grossProfitRatio": 0.4519939873,
    "researchAndDevelopmentExpenses": 0,
    "generalAndAdministrativeExpenses": 1323627000,
    "sellingAndMarketingExpenses": 0,
    "sellingGeneralAndAdministrativeExpenses": 1323627000,
    "otherExpenses": 97596000,
    "operatingExpenses": 1421223000,
    "costAndExpenses": 3602048000,
    "interestIncome": 3294000,
    "interestExpense": 92116000,
    "depreciationAndAmortization": 210748000,
    "ebitda": 585091000,
    "ebitdaratio": 0.1470238951,
    "operatingIncome": 377516000,
    "operatingIncomeRatio": 0.0948636584,
    "totalOtherIncomeExpensesNet": -92627000,
    "incomeBeforeTax": 284889000,
    "incomeBeforeTaxRatio": 0.0715879931,
    "incomeTaxExpense": -612504000,
    "netIncome": 897393000,
    "netIncomeRatio": 0.2255003312,
    "eps": 3.21,
    "epsdiluted": 3.13,
    "weightedAverageShsOut": 279764178,
    "weightedAverageShsOutDil": 286673076,
    "link": "https://www.sec.gov/Archives/edgar/data/89800/000008980018000004/0000089800-18-000004-index.htm",
    "finalLink": "https://www.sec.gov/Archives/edgar/data/89800/000008980018000004/shw-12312017x10k.htm"
  },
  {
    "date": "2017-09-30",
    "symbol": "SHW",
    "reportedCurrency": "USD",
    "cik": "0000089800",
    "fillingDate": "2017-10-25",
    "acceptedDate": "2017-10-25 15:09:58",
    "calendarYear": "2017",
    "period": "Q3",
    "revenue": 4507020000,
    "costOfRevenue": 2605193000,
    "grossProfit": 1901827000,
    "grossProfitRatio": 0.4219699491,
    "researchAndDevelopmentExpenses": 0,
    "generalAndAdministrativeExpenses": 1307402000,
    "sellingAndMarketingExpenses": 0,
    "sellingGeneralAndAdministrativeExpenses": 1307402000,
    "otherExpenses": 87894000,
    "operatingExpenses": 1395296000,
    "costAndExpenses": 4000489000,
    "interestIncome": 2448000,
    "interestExpense": 93789000,
    "depreciationAndAmortization": 150960000,
    "ebitda": 670275000,
    "ebitdaratio": 0.1487179999,
    "operatingIncome": 506531000,
    "operatingIncomeRatio": 0.1123871205,
    "totalOtherIncomeExpensesNet": -78809000,
    "incomeBeforeTax": 427722000,
    "incomeBeforeTaxRatio": 0.0949012873,
    "incomeTaxExpense": 111116000,
    "netIncome": 316606000,
    "netIncomeRatio": 0.0702473031,
    "eps": 1.13,
    "epsdiluted": 1.11,
    "weightedAverageShsOut": 278964354,
    "weightedAverageShsOutDil": 285623652,
    "link": "https://www.sec.gov/Archives/edgar/data/89800/000008980017000023/0000089800-17-000023-index.htm",
    "finalLink": "https://www.sec.gov/Archives/edgar/data/89800/000008980017000023/shw-2017930_10q.htm"
  },
  {
    "date": "2017-06-30",
    "symbol": "SHW",
    "reportedCurrency": "USD",
    "cik": "0000089800",
    "fillingDate": "2017-07-26",
    "acceptedDate": "2017-07-26 16:04:06",
    "calendarYear": "2017",
    "period": "Q2",
    "revenue": 3735817000,
    "costOfRevenue": 2001200000,
    "grossProfit": 1734617000,
    "grossProfitRatio": 0.464320656,
    "researchAndDevelopmentExpenses": 0,
    "generalAndAdministrativeExpenses": 1153779000,
    "sellingAndMarketingExpenses": 0,
    "sellingGeneralAndAdministrativeExpenses": 1153779000,
    "otherExpenses": 30028000,
    "operatingExpenses": 1183807000,
    "costAndExpenses": 3185007000,
    "interestIncome": 3091000,
    "interestExpense": 59242000,
    "depreciationAndAmortization": 79288000,
    "ebitda": 645020000,
    "ebitdaratio": 0.1726583502,
    "operatingIncome": 550810000,
    "operatingIncomeRatio": 0.1474403056,
    "totalOtherIncomeExpensesNet": -41807000,
    "incomeBeforeTax": 509003000,
    "incomeBeforeTaxRatio": 0.1362494469,
    "incomeTaxExpense": 148352000,
    "netIncome": 319111000,
    "netIncomeRatio": 0.085419334,
    "eps": 1.15,
    "epsdiluted": 1.12,
    "weightedAverageShsOut": 278523444,
    "weightedAverageShsOutDil": 284905908,
    "link": "https://www.sec.gov/Archives/edgar/data/89800/000008980017000019/0000089800-17-000019-index.htm",
    "finalLink": "https://www.sec.gov/Archives/edgar/data/89800/000008980017000019/shw-2017630_10q.htm"
  },
  {
    "date": "2017-03-31",
    "symbol": "SHW",
    "reportedCurrency": "USD",
    "cik": "0000089800",
    "fillingDate": "2017-04-21",
    "acceptedDate": "2017-04-21 10:57:42",
    "calendarYear": "2017",
    "period": "Q1",
    "revenue": 2761387000,
    "costOfRevenue": 1418334000,
    "grossProfit": 1343053000,
    "grossProfitRatio": 0.4863689878,
    "researchAndDevelopmentExpenses": 0,
    "generalAndAdministrativeExpenses": 1011021000,
    "sellingAndMarketingExpenses": 0,
    "sellingGeneralAndAdministrativeExpenses": 1011021000,
    "otherExpenses": 6689000,
    "operatingExpenses": 1017710000,
    "costAndExpenses": 2436044000,
    "interestIncome": 1280000,
    "interestExpense": 23167000,
    "depreciationAndAmortization": 50765000,
    "ebitda": 383065000,
    "ebitdaratio": 0.1387219539,
    "operatingIncome": 325343000,
    "operatingIncomeRatio": 0.1178186904,
    "totalOtherIncomeExpensesNet": -18738000,
    "incomeBeforeTax": 306605000,
    "incomeBeforeTaxRatio": 0.11103297,
    "incomeTaxExpense": 67453000,
    "netIncome": 239152000,
    "netIncomeRatio": 0.0866057528,
    "eps": 0.86,
    "epsdiluted": 0.84,
    "weightedAverageShsOut": 277651677,
    "weightedAverageShsOutDil": 283625577,
    "link": "https://www.sec.gov/Archives/edgar/data/89800/000008980017000009/0000089800-17-000009-index.htm",
    "finalLink": "https://www.sec.gov/Archives/edgar/data/89800/000008980017000009/shw-2017331_10q.htm"
  },
  {
    "date": "2016-12-31",
    "symbol": "SHW",
    "reportedCurrency": "USD",
    "cik": "0000089800",
    "fillingDate": "2017-02-22",
    "acceptedDate": "2017-02-22 14:13:20",
    "calendarYear": "2016",
    "period": "Q4",
    "revenue": 2782591000,
    "costOfRevenue": 1394153000,
    "grossProfit": 1388438000,
    "grossProfitRatio": 0.4989730794,
    "researchAndDevelopmentExpenses": 0,
    "generalAndAdministrativeExpenses": 1044980000,
    "sellingAndMarketingExpenses": 0,
    "sellingGeneralAndAdministrativeExpenses": 1044980000,
    "otherExpenses": 21713000,
    "operatingExpenses": 1066693000,
    "costAndExpenses": 2460846000,
    "interestIncome": 1874000,
    "interestExpense": 43378000,
    "depreciationAndAmortization": 49226000,
    "ebitda": 396638000,
    "ebitdaratio": 0.1425426877,
    "operatingIncome": 321745000,
    "operatingIncomeRatio": 0.1156278447,
    "totalOtherIncomeExpensesNet": -17711000,
    "incomeBeforeTax": 304034000,
    "incomeBeforeTaxRatio": 0.1092629136,
    "incomeTaxExpense": 101004000,
    "netIncome": 203030000,
    "netIncomeRatio": 0.0729643703,
    "eps": 0.73,
    "epsdiluted": 0.72,
    "weightedAverageShsOut": 276290895,
    "weightedAverageShsOutDil": 283603200,
    "link": "https://www.sec.gov/Archives/edgar/data/89800/000008980017000005/0000089800-17-000005-index.htm",
    "finalLink": "https://www.sec.gov/Archives/edgar/data/89800/000008980017000005/shw-12312016x10k.htm"
  },
  {
    "date": "2016-09-30",
    "symbol": "SHW",
    "reportedCurrency": "USD",
    "cik": "0000089800",
    "fillingDate": "2016-10-26",
    "acceptedDate": "2016-10-26 10:09:33",
    "calendarYear": "2016",
    "period": "Q3",
    "revenue": 3279462000,
    "costOfRevenue": 1643037000,
    "grossProfit": 1636425000,
    "grossProfitRatio": 0.4989919078,
    "researchAndDevelopmentExpenses": 0,
    "generalAndAdministrativeExpenses": 1050081000,
    "sellingAndMarketingExpenses": 0,
    "sellingGeneralAndAdministrativeExpenses": 1050081000,
    "otherExpenses": 8866000,
    "operatingExpenses": 1058947000,
    "costAndExpenses": 2701984000,
    "interestIncome": 1647000,
    "interestExpense": 46261000,
    "depreciationAndAmortization": 49772000,
    "ebitda": 629492000,
    "ebitdaratio": 0.1919497771,
    "operatingIncome": 577478000,
    "operatingIncomeRatio": 0.1760892488,
    "totalOtherIncomeExpensesNet": -41858000,
    "incomeBeforeTax": 535620000,
    "incomeBeforeTaxRatio": 0.1633255699,
    "incomeTaxExpense": 148887000,
    "netIncome": 386733000,
    "netIncomeRatio": 0.1179257451,
    "eps": 1.4,
    "epsdiluted": 1.36,
    "weightedAverageShsOut": 275978562,
    "weightedAverageShsOutDil": 284315421,
    "link": "https://www.sec.gov/Archives/edgar/data/89800/000008980016000039/0000089800-16-000039-index.htm",
    "finalLink": "https://www.sec.gov/Archives/edgar/data/89800/000008980016000039/shw-2016930_10q.htm"
  },
  {
    "date": "2016-06-30",
    "symbol": "SHW",
    "reportedCurrency": "USD",
    "cik": "0000089800",
    "fillingDate": "2016-07-27",
    "acceptedDate": "2016-07-27 12:04:03",
    "calendarYear": "2016",
    "period": "Q2",
    "revenue": 3219525000,
    "costOfRevenue": 1583624000,
    "grossProfit": 1635901000,
    "grossProfitRatio": 0.5081187442,
    "researchAndDevelopmentExpenses": 0,
    "generalAndAdministrativeExpenses": 1048496000,
    "sellingAndMarketingExpenses": 0,
    "sellingGeneralAndAdministrativeExpenses": 1048496000,
    "otherExpenses": 8091000,
    "operatingExpenses": 1056587000,
    "costAndExpenses": 2640211000,
    "interestIncome": 952000,
    "interestExpense": 40878000,
    "depreciationAndAmortization": 49413000,
    "ebitda": 629505000,
    "ebitdaratio": 0.1955272905,
    "operatingIncome": 579314000,
    "operatingIncomeRatio": 0.1799377237,
    "totalOtherIncomeExpensesNet": -40100000,
    "incomeBeforeTax": 539214000,
    "incomeBeforeTaxRatio": 0.1674824702,
    "incomeTaxExpense": 161150000,
    "netIncome": 378064000,
    "netIncomeRatio": 0.1174285027,
    "eps": 1.37,
    "epsdiluted": 1.33,
    "weightedAverageShsOut": 275366202,
    "weightedAverageShsOutDil": 284009253,
    "link": "https://www.sec.gov/Archives/edgar/data/89800/000008980016000036/0000089800-16-000036-index.htm",
    "finalLink": "https://www.sec.gov/Archives/edgar/data/89800/000008980016000036/shw-2016630_10q.htm"
  },
  {
    "date": "2016-03-31",
    "symbol": "SHW",
    "reportedCurrency": "USD",
    "cik": "0000089800",
    "fillingDate": "2016-04-27",
    "acceptedDate": "2016-04-27 15:17:59",
    "calendarYear": "2016",
    "period": "Q1",
    "revenue": 2574024000,
    "costOfRevenue": 1312279000,
    "grossProfit": 1261745000,
    "grossProfitRatio": 0.4901838522,
    "researchAndDevelopmentExpenses": 0,
    "generalAndAdministrativeExpenses": 1002355000,
    "sellingAndMarketingExpenses": 0,
    "sellingGeneralAndAdministrativeExpenses": 1002355000,
    "otherExpenses": 18029000,
    "operatingExpenses": 1020384000,
    "costAndExpenses": 2332663000,
    "interestIncome": 487000,
    "interestExpense": 25732000,
    "depreciationAndAmortization": 48677000,
    "ebitda": 290774000,
    "ebitdaratio": 0.1129647587,
    "operatingIncome": 241361000,
    "operatingIncomeRatio": 0.093767968,
    "totalOtherIncomeExpensesNet": -24996000,
    "incomeBeforeTax": 216365000,
    "incomeBeforeTaxRatio": 0.0840571028,
    "incomeTaxExpense": 69237000,
    "netIncome": 164876000,
    "netIncomeRatio": 0.0640537928,
    "eps": 0.54,
    "epsdiluted": 0.52,
    "weightedAverageShsOut": 274427580,
    "weightedAverageShsOutDil": 280644702,
    "link": "https://www.sec.gov/Archives/edgar/data/89800/000008980016000030/0000089800-16-000030-index.htm",
    "finalLink": "https://www.sec.gov/Archives/edgar/data/89800/000008980016000030/shw-2016331_10q.htm"
  },
  {
    "date": "2015-12-31",
    "symbol": "SHW",
    "reportedCurrency": "USD",
    "cik": "0000089800",
    "fillingDate": "2016-02-24",
    "acceptedDate": "2016-02-24 14:23:45",
    "calendarYear": "2015",
    "period": "Q4",
    "revenue": 2604596000,
    "costOfRevenue": 1282357000,
    "grossProfit": 1322239000,
    "grossProfitRatio": 0.5076560818,
    "researchAndDevelopmentExpenses": 0,
    "generalAndAdministrativeExpenses": 991472000,
    "sellingAndMarketingExpenses": 0,
    "sellingGeneralAndAdministrativeExpenses": 991472000,
    "otherExpenses": 12383000,
    "operatingExpenses": 1003855000,
    "costAndExpenses": 2286212000,
    "interestIncome": 456000,
    "interestExpense": 19560000,
    "depreciationAndAmortization": 51621000,
    "ebitda": 368402000,
    "ebitdaratio": 0.1414430491,
    "operatingIncome": 318384000,
    "operatingIncomeRatio": 0.1222393031,
    "totalOtherIncomeExpensesNet": -21163000,
    "incomeBeforeTax": 297221000,
    "incomeBeforeTaxRatio": 0.1141140507,
    "incomeTaxExpense": 99204000,
    "netIncome": 197238000,
    "netIncomeRatio": 0.0757269074,
    "eps": 0.72,
    "epsdiluted": 0.71,
    "weightedAverageShsOut": 274775832,
    "weightedAverageShsOutDil": 279566982,
    "link": "https://www.sec.gov/Archives/edgar/data/89800/000008980016000026/0000089800-16-000026-index.htm",
    "finalLink": "https://www.sec.gov/Archives/edgar/data/89800/000008980016000026/shw-12312015x10k.htm"
  },
  {
    "date": "2015-09-30",
    "symbol": "SHW",
    "reportedCurrency": "USD",
    "cik": "0000089800",
    "fillingDate": "2015-10-29",
    "acceptedDate": "2015-10-29 13:26:58",
    "calendarYear": "2015",
    "period": "Q3",
    "revenue": 3152285000,
    "costOfRevenue": 1577733000,
    "grossProfit": 1574552000,
    "grossProfitRatio": 0.4994954454,
    "researchAndDevelopmentExpenses": 0,
    "generalAndAdministrativeExpenses": 993625000,
    "sellingAndMarketingExpenses": 0,
    "sellingGeneralAndAdministrativeExpenses": 993625000,
    "otherExpenses": 7128000,
    "operatingExpenses": 1000753000,
    "costAndExpenses": 2578486000,
    "interestIncome": 0,
    "interestExpense": 16682000,
    "depreciationAndAmortization": 48640000,
    "ebitda": 616389000,
    "ebitdaratio": 0.1955372056,
    "operatingIncome": 573799000,
    "operatingIncomeRatio": 0.1820263713,
    "totalOtherIncomeExpensesNet": -23077000,
    "incomeBeforeTax": 550722000,
    "incomeBeforeTaxRatio": 0.17470565,
    "incomeTaxExpense": 176231000,
    "netIncome": 372822000,
    "netIncomeRatio": 0.1182703975,
    "eps": 1.35,
    "epsdiluted": 1.32,
    "weightedAverageShsOut": 276589374,
    "weightedAverageShsOutDil": 283299225,
    "link": "https://www.sec.gov/Archives/edgar/data/89800/000008980015000020/0000089800-15-000020-index.htm",
    "finalLink": "https://www.sec.gov/Archives/edgar/data/89800/000008980015000020/shw-2015930x10q.htm"
  },
  {
    "date": "2015-06-30",
    "symbol": "SHW",
    "reportedCurrency": "USD",
    "cik": "0000089800",
    "fillingDate": "2015-07-22",
    "acceptedDate": "2015-07-22 12:02:03",
    "calendarYear": "2015",
    "period": "Q2",
    "revenue": 3132139000,
    "costOfRevenue": 1602153000,
    "grossProfit": 1529986000,
    "grossProfitRatio": 0.4884795981,
    "researchAndDevelopmentExpenses": 0,
    "generalAndAdministrativeExpenses": 999224000,
    "sellingAndMarketingExpenses": 0,
    "sellingGeneralAndAdministrativeExpenses": 999224000,
    "otherExpenses": 10510000,
    "operatingExpenses": 1009734000,
    "costAndExpenses": 2611887000,
    "interestIncome": 553000,
    "interestExpense": 12885000,
    "depreciationAndAmortization": 48896000,
    "ebitda": 569563000,
    "ebitdaratio": 0.1818447393,
    "operatingIncome": 520252000,
    "operatingIncomeRatio": 0.1661011852,
    "totalOtherIncomeExpensesNet": -12470000,
    "incomeBeforeTax": 507782000,
    "incomeBeforeTaxRatio": 0.1621198804,
    "incomeTaxExpense": 157845000,
    "netIncome": 348398000,
    "netIncomeRatio": 0.1112332499,
    "eps": 1.26,
    "epsdiluted": 1.23,
    "weightedAverageShsOut": 276781101,
    "weightedAverageShsOutDil": 282374085,
    "link": "https://www.sec.gov/Archives/edgar/data/89800/000008980015000015/0000089800-15-000015-index.htm",
    "finalLink": "https://www.sec.gov/Archives/edgar/data/89800/000008980015000015/shw-2015630x10q.htm"
  },
  {
    "date": "2015-03-31",
    "symbol": "SHW",
    "reportedCurrency": "USD",
    "cik": "0000089800",
    "fillingDate": "2015-04-22",
    "acceptedDate": "2015-04-22 12:58:48",
    "calendarYear": "2015",
    "period": "Q1",
    "revenue": 2450284000,
    "costOfRevenue": 1317835000,
    "grossProfit": 1132449000,
    "grossProfitRatio": 0.4621705076,
    "researchAndDevelopmentExpenses": 0,
    "generalAndAdministrativeExpenses": 929197000,
    "sellingAndMarketingExpenses": 0,
    "sellingGeneralAndAdministrativeExpenses": 929197000,
    "otherExpenses": 1050000,
    "operatingExpenses": 930247000,
    "costAndExpenses": 2248082000,
    "interestIncome": 422000,
    "interestExpense": 12351000,
    "depreciationAndAmortization": 49405000,
    "ebitda": 254997000,
    "ebitdaratio": 0.1040683447,
    "operatingIncome": 202202000,
    "operatingIncomeRatio": 0.0825218628,
    "totalOtherIncomeExpensesNet": -8961000,
    "incomeBeforeTax": 193241000,
    "incomeBeforeTaxRatio": 0.0788647357,
    "incomeTaxExpense": 61837000,
    "netIncome": 130929000,
    "netIncomeRatio": 0.0534342142,
    "eps": 0.47,
    "epsdiluted": 0.46,
    "weightedAverageShsOut": 278220177,
    "weightedAverageShsOutDil": 284235387,
    "link": "https://www.sec.gov/Archives/edgar/data/89800/000008980015000008/0000089800-15-000008-index.htm",
    "finalLink": "https://www.sec.gov/Archives/edgar/data/89800/000008980015000008/shw-2015331x10q.htm"
  },
  {
    "date": "2014-12-31",
    "symbol": "SHW",
    "reportedCurrency": "USD",
    "cik": "0000089800",
    "fillingDate": "2015-02-25",
    "acceptedDate": "2015-02-25 14:18:55",
    "calendarYear": "2014",
    "period": "Q4",
    "revenue": 2569412000,
    "costOfRevenue": 1351437000,
    "grossProfit": 1217975000,
    "grossProfitRatio": 0.4740286883,
    "researchAndDevelopmentExpenses": 0,
    "generalAndAdministrativeExpenses": 985329000,
    "sellingAndMarketingExpenses": 0,
    "sellingGeneralAndAdministrativeExpenses": 985329000,
    "otherExpenses": 25012000,
    "operatingExpenses": 1010341000,
    "costAndExpenses": 2361778000,
    "interestIncome": 885000,
    "interestExpense": 15412000,
    "depreciationAndAmortization": 50573000,
    "ebitda": 254856000,
    "ebitdaratio": 0.0991884525,
    "operatingIncome": 207634000,
    "operatingIncomeRatio": 0.0808099285,
    "totalOtherIncomeExpensesNet": -18763000,
    "incomeBeforeTax": 188871000,
    "incomeBeforeTaxRatio": 0.0735074795,
    "incomeTaxExpense": 56128000,
    "netIncome": 132088000,
    "netIncomeRatio": 0.0514078708,
    "eps": 0.47,
    "epsdiluted": 0.46,
    "weightedAverageShsOut": 283581402,
    "weightedAverageShsOutDil": 289323147,
    "link": "https://www.sec.gov/Archives/edgar/data/89800/000008980015000004/0000089800-15-000004-index.htm",
    "finalLink": "https://www.sec.gov/Archives/edgar/data/89800/000008980015000004/shw-12312014x10k.htm"
  },
  {
    "date": "2014-09-30",
    "symbol": "SHW",
    "reportedCurrency": "USD",
    "cik": "0000089800",
    "fillingDate": "2014-10-29",
    "acceptedDate": "2014-10-29 15:58:18",
    "calendarYear": "2014",
    "period": "Q3",
    "revenue": 3150570000,
    "costOfRevenue": 1679615000,
    "grossProfit": 1470955000,
    "grossProfitRatio": 0.4668853573,
    "researchAndDevelopmentExpenses": 0,
    "generalAndAdministrativeExpenses": 984366000,
    "sellingAndMarketingExpenses": 0,
    "sellingGeneralAndAdministrativeExpenses": 984366000,
    "otherExpenses": 11209000,
    "operatingExpenses": 995575000,
    "costAndExpenses": 2675190000,
    "interestIncome": 764000,
    "interestExpense": 16025000,
    "depreciationAndAmortization": 49713000,
    "ebitda": 539786000,
    "ebitdaratio": 0.1713296324,
    "operatingIncome": 475380000,
    "operatingIncomeRatio": 0.1508869824,
    "totalOtherIncomeExpensesNet": -1332000,
    "incomeBeforeTax": 474048000,
    "incomeBeforeTaxRatio": 0.1504642017,
    "incomeTaxExpense": 147808000,
    "netIncome": 324248000,
    "netIncomeRatio": 0.1029172499,
    "eps": 1.14,
    "epsdiluted": 1.12,
    "weightedAverageShsOut": 284400573,
    "weightedAverageShsOutDil": 290142129,
    "link": "https://www.sec.gov/Archives/edgar/data/89800/000008980014000072/0000089800-14-000072-index.htm",
    "finalLink": "https://www.sec.gov/Archives/edgar/data/89800/000008980014000072/shw-2014930x10q.htm"
  },
  {
    "date": "2014-06-30",
    "symbol": "SHW",
    "reportedCurrency": "USD",
    "cik": "0000089800",
    "fillingDate": "2014-07-24",
    "acceptedDate": "2014-07-24 09:58:47",
    "calendarYear": "2014",
    "period": "Q2",
    "revenue": 3042995000,
    "costOfRevenue": 1633342000,
    "grossProfit": 1409653000,
    "grossProfitRatio": 0.4632452567,
    "researchAndDevelopmentExpenses": 0,
    "generalAndAdministrativeExpenses": 969183000,
    "sellingAndMarketingExpenses": 0,
    "sellingGeneralAndAdministrativeExpenses": 969183000,
    "otherExpenses": 259000,
    "operatingExpenses": 969442000,
    "costAndExpenses": 2602784000,
    "interestIncome": 757000,
    "interestExpense": 16374000,
    "depreciationAndAmortization": 49699000,
    "ebitda": 495303000,
    "ebitdaratio": 0.1627682596,
    "operatingIncome": 440211000,
    "operatingIncomeRatio": 0.1446637277,
    "totalOtherIncomeExpensesNet": -10981000,
    "incomeBeforeTax": 429230000,
    "incomeBeforeTaxRatio": 0.1410551118,
    "incomeTaxExpense": 137783000,
    "netIncome": 289725000,
    "netIncomeRatio": 0.0952104752,
    "eps": 1,
    "epsdiluted": 0.98,
    "weightedAverageShsOut": 289799607,
    "weightedAverageShsOutDil": 295625727,
    "link": "https://www.sec.gov/Archives/edgar/data/89800/000008980014000068/0000089800-14-000068-index.htm",
    "finalLink": "https://www.sec.gov/Archives/edgar/data/89800/000008980014000068/shw-2014630x10q.htm"
  },
  {
    "date": "2014-03-31",
    "symbol": "SHW",
    "reportedCurrency": "USD",
    "cik": "0000089800",
    "fillingDate": "2014-04-23",
    "acceptedDate": "2014-04-23 11:54:17",
    "calendarYear": "2014",
    "period": "Q1",
    "revenue": 2366556000,
    "costOfRevenue": 1300655000,
    "grossProfit": 1065901000,
    "grossProfitRatio": 0.4504017653,
    "researchAndDevelopmentExpenses": 0,
    "generalAndAdministrativeExpenses": 884088000,
    "sellingAndMarketingExpenses": 0,
    "sellingGeneralAndAdministrativeExpenses": 884088000,
    "otherExpenses": -434000,
    "operatingExpenses": 883654000,
    "costAndExpenses": 2184309000,
    "interestIncome": 589000,
    "interestExpense": 16394000,
    "depreciationAndAmortization": 48960000,
    "ebitda": 231431000,
    "ebitdaratio": 0.0977923193,
    "operatingIncome": 182247000,
    "operatingIncomeRatio": 0.0770093756,
    "totalOtherIncomeExpensesNet": -16170000,
    "incomeBeforeTax": 166077000,
    "incomeBeforeTaxRatio": 0.0701766618,
    "incomeTaxExpense": 50620000,
    "netIncome": 114934000,
    "netIncomeRatio": 0.0485659329,
    "eps": 0.39,
    "epsdiluted": 0.38,
    "weightedAverageShsOut": 296499630,
    "weightedAverageShsOutDil": 302576643,
    "link": "https://www.sec.gov/Archives/edgar/data/89800/000008980014000059/0000089800-14-000059-index.htm",
    "finalLink": "https://www.sec.gov/Archives/edgar/data/89800/000008980014000059/shw-2014331x10q.htm"
  },
  {
    "date": "2013-12-31",
    "symbol": "SHW",
    "reportedCurrency": "USD",
    "cik": "0000089800",
    "fillingDate": "2014-02-27",
    "acceptedDate": "2014-02-27 14:26:31",
    "calendarYear": "2013",
    "period": "Q4",
    "revenue": 2457058000,
    "costOfRevenue": 1332880000,
    "grossProfit": 1124178000,
    "grossProfitRatio": 0.4575301031,
    "researchAndDevelopmentExpenses": 0,
    "generalAndAdministrativeExpenses": 962188000,
    "sellingAndMarketingExpenses": 0,
    "sellingGeneralAndAdministrativeExpenses": 962188000,
    "otherExpenses": -5104000,
    "operatingExpenses": 957084000,
    "costAndExpenses": 2289964000,
    "interestIncome": 879000,
    "interestExpense": 16940000,
    "depreciationAndAmortization": 48628000,
    "ebitda": 214796000,
    "ebitdaratio": 0.0874199958,
    "operatingIncome": 167094000,
    "operatingIncomeRatio": 0.0680057207,
    "totalOtherIncomeExpensesNet": -17866000,
    "incomeBeforeTax": 149228000,
    "incomeBeforeTaxRatio": 0.060734423,
    "incomeTaxExpense": 33105000,
    "netIncome": 115505000,
    "netIncomeRatio": 0.0470094723,
    "eps": 0.39,
    "epsdiluted": 0.38,
    "weightedAverageShsOut": 298509204,
    "weightedAverageShsOutDil": 305114865,
    "link": "https://www.sec.gov/Archives/edgar/data/89800/000008980014000045/0000089800-14-000045-index.htm",
    "finalLink": "https://www.sec.gov/Archives/edgar/data/89800/000008980014000045/shw-12312013x10k.htm"
  },
  {
    "date": "2013-09-30",
    "symbol": "SHW",
    "reportedCurrency": "USD",
    "cik": "0000089800",
    "fillingDate": "2013-10-30",
    "acceptedDate": "2013-10-30 14:39:26",
    "calendarYear": "2013",
    "period": "Q3",
    "revenue": 2847417000,
    "costOfRevenue": 1551459000,
    "grossProfit": 1295958000,
    "grossProfitRatio": 0.4551346009,
    "researchAndDevelopmentExpenses": 0,
    "generalAndAdministrativeExpenses": 889690000,
    "sellingAndMarketingExpenses": 0,
    "sellingGeneralAndAdministrativeExpenses": 889690000,
    "otherExpenses": 584000,
    "operatingExpenses": 890274000,
    "costAndExpenses": 2441733000,
    "interestIncome": 916000,
    "interestExpense": 15394000,
    "depreciationAndAmortization": 46738000,
    "ebitda": 449594000,
    "ebitdaratio": 0.1578953838,
    "operatingIncome": 405684000,
    "operatingIncomeRatio": 0.1424743899,
    "totalOtherIncomeExpensesNet": -18222000,
    "incomeBeforeTax": 387462000,
    "incomeBeforeTaxRatio": 0.1360749058,
    "incomeTaxExpense": 124496000,
    "netIncome": 261266000,
    "netIncomeRatio": 0.0917554401,
    "eps": 0.87,
    "epsdiluted": 0.85,
    "weightedAverageShsOut": 301380555,
    "weightedAverageShsOutDil": 307867542,
    "link": "https://www.sec.gov/Archives/edgar/data/89800/000008980013000094/0000089800-13-000094-index.htm",
    "finalLink": "https://www.sec.gov/Archives/edgar/data/89800/000008980013000094/shw-2013930x10q.htm"
  },
  {
    "date": "2013-06-30",
    "symbol": "SHW",
    "reportedCurrency": "USD",
    "cik": "0000089800",
    "fillingDate": "2013-07-24",
    "acceptedDate": "2013-07-24 16:32:48",
    "calendarYear": "2013",
    "period": "Q2",
    "revenue": 2713889000,
    "costOfRevenue": 1480310000,
    "grossProfit": 1233579000,
    "grossProfitRatio": 0.4545429087,
    "researchAndDevelopmentExpenses": 0,
    "generalAndAdministrativeExpenses": 837124000,
    "sellingAndMarketingExpenses": 0,
    "sellingGeneralAndAdministrativeExpenses": 837124000,
    "otherExpenses": 1446000,
    "operatingExpenses": 838570000,
    "costAndExpenses": 2318880000,
    "interestIncome": 698000,
    "interestExpense": 15069000,
    "depreciationAndAmortization": 45872000,
    "ebitda": 441825000,
    "ebitdaratio": 0.1628014263,
    "operatingIncome": 395009000,
    "operatingIncomeRatio": 0.145550905,
    "totalOtherIncomeExpensesNet": -14125000,
    "incomeBeforeTax": 380884000,
    "incomeBeforeTaxRatio": 0.1403461969,
    "incomeTaxExpense": 123597000,
    "netIncome": 255648000,
    "netIncomeRatio": 0.0941998733,
    "eps": 0.84,
    "epsdiluted": 0.82,
    "weightedAverageShsOut": 304997211,
    "weightedAverageShsOutDil": 311690340,
    "link": "https://www.sec.gov/Archives/edgar/data/89800/000008980013000074/0000089800-13-000074-index.htm",
    "finalLink": "https://www.sec.gov/Archives/edgar/data/89800/000008980013000074/shw-2013630x10q.htm"
  },
  {
    "date": "2013-03-31",
    "symbol": "SHW",
    "reportedCurrency": "USD",
    "cik": "0000089800",
    "fillingDate": "2013-04-24",
    "acceptedDate": "2013-04-24 12:05:37",
    "calendarYear": "2013",
    "period": "Q1",
    "revenue": 2167168000,
    "costOfRevenue": 1204317000,
    "grossProfit": 962851000,
    "grossProfitRatio": 0.4442899674,
    "researchAndDevelopmentExpenses": 0,
    "generalAndAdministrativeExpenses": 778679000,
    "sellingAndMarketingExpenses": 0,
    "sellingGeneralAndAdministrativeExpenses": 778679000,
    "otherExpenses": 323000,
    "operatingExpenses": 779002000,
    "costAndExpenses": 1983319000,
    "interestIncome": 749000,
    "interestExpense": 15311000,
    "depreciationAndAmortization": 46556000,
    "ebitda": 230251000,
    "ebitdaratio": 0.1062451088,
    "operatingIncome": 183849000,
    "operatingIncomeRatio": 0.0848337554,
    "totalOtherIncomeExpensesNet": -15465000,
    "incomeBeforeTax": 168384000,
    "incomeBeforeTaxRatio": 0.0776977143,
    "incomeTaxExpense": 52199000,
    "netIncome": 115546000,
    "netIncomeRatio": 0.0533165864,
    "eps": 0.38,
    "epsdiluted": 0.37,
    "weightedAverageShsOut": 305883177,
    "weightedAverageShsOutDil": 312768789,
    "link": "https://www.sec.gov/Archives/edgar/data/89800/000008980013000058/0000089800-13-000058-index.htm",
    "finalLink": "https://www.sec.gov/Archives/edgar/data/89800/000008980013000058/shw-2013331x10q.htm"
  },
  {
    "date": "2012-12-31",
    "symbol": "SHW",
    "reportedCurrency": "USD",
    "cik": "0000089800",
    "fillingDate": "2013-02-28",
    "acceptedDate": "2013-02-28 11:06:52",
    "calendarYear": "2012",
    "period": "Q4",
    "revenue": 2221870000,
    "costOfRevenue": 1226362000,
    "grossProfit": 995508000,
    "grossProfitRatio": 0.4480496159,
    "researchAndDevelopmentExpenses": 0,
    "generalAndAdministrativeExpenses": 0,
    "sellingAndMarketingExpenses": -54473000,
    "sellingGeneralAndAdministrativeExpenses": 882449000,
    "otherExpenses": 6736000,
    "operatingExpenses": 889185000,
    "costAndExpenses": 2115547000,
    "interestIncome": 953000,
    "interestExpense": 11863000,
    "depreciationAndAmortization": 45767000,
    "ebitda": 151823000,
    "ebitdaratio": 0.0683311805,
    "operatingIncome": 106323000,
    "operatingIncomeRatio": 0.0478529347,
    "totalOtherIncomeExpensesNet": -12130000,
    "incomeBeforeTax": 174193000,
    "incomeBeforeTaxRatio": 0.0783992763,
    "incomeTaxExpense": 56978000,
    "netIncome": 117215000,
    "netIncomeRatio": 0.0527551117,
    "eps": 0.38,
    "epsdiluted": 0.38,
    "weightedAverageShsOut": 305450862,
    "weightedAverageShsOutDil": 312401316,
    "link": "https://www.sec.gov/Archives/edgar/data/89800/000008980013000046/0000089800-13-000046-index.htm",
    "finalLink": "https://www.sec.gov/Archives/edgar/data/89800/000008980013000046/shw-12312012x10k.htm"
  },
  {
    "date": "2012-09-30",
    "symbol": "SHW",
    "reportedCurrency": "USD",
    "cik": "0000089800",
    "fillingDate": "2012-10-26",
    "acceptedDate": "2012-10-26 09:13:52",
    "calendarYear": "2012",
    "period": "Q3",
    "revenue": 2603226000,
    "costOfRevenue": 1452944000,
    "grossProfit": 1150282000,
    "grossProfitRatio": 0.4418678978,
    "researchAndDevelopmentExpenses": 0,
    "generalAndAdministrativeExpenses": 799786000,
    "sellingAndMarketingExpenses": -469000,
    "sellingGeneralAndAdministrativeExpenses": 799786000,
    "otherExpenses": 528000,
    "operatingExpenses": 800314000,
    "costAndExpenses": 2253258000,
    "interestIncome": 793000,
    "interestExpense": 10358000,
    "depreciationAndAmortization": 44965000,
    "ebitda": 398321000,
    "ebitdaratio": 0.1530105339,
    "operatingIncome": 349968000,
    "operatingIncomeRatio": 0.1344362725,
    "totalOtherIncomeExpensesNet": -6970000,
    "incomeBeforeTax": 342998000,
    "incomeBeforeTaxRatio": 0.1317588254,
    "incomeTaxExpense": 108045000,
    "netIncome": 232988000,
    "netIncomeRatio": 0.0894997207,
    "eps": 0.76,
    "epsdiluted": 0.75,
    "weightedAverageShsOut": 304576974,
    "weightedAverageShsOutDil": 312057960,
    "link": "https://www.sec.gov/Archives/edgar/data/89800/000008980012000123/0000089800-12-000123-index.htm",
    "finalLink": "https://www.sec.gov/Archives/edgar/data/89800/000008980012000123/shw-2012930x10q.htm"
  },
  {
    "date": "2012-06-30",
    "symbol": "SHW",
    "reportedCurrency": "USD",
    "cik": "0000089800",
    "fillingDate": "2012-07-25",
    "acceptedDate": "2012-07-25 14:47:14",
    "calendarYear": "2012",
    "period": "Q2",
    "revenue": 2573022000,
    "costOfRevenue": 1422425000,
    "grossProfit": 1150597000,
    "grossProfitRatio": 0.447177288,
    "researchAndDevelopmentExpenses": 0,
    "generalAndAdministrativeExpenses": 810207000,
    "sellingAndMarketingExpenses": 0,
    "sellingGeneralAndAdministrativeExpenses": 810207000,
    "otherExpenses": 3988000,
    "operatingExpenses": 814195000,
    "costAndExpenses": 2236620000,
    "interestIncome": 625000,
    "interestExpense": 10230000,
    "depreciationAndAmortization": 43987000,
    "ebitda": 382020000,
    "ebitdaratio": 0.1484713306,
    "operatingIncome": 336402000,
    "operatingIncomeRatio": 0.1307419836,
    "totalOtherIncomeExpensesNet": -8599000,
    "incomeBeforeTax": 327803000,
    "incomeBeforeTaxRatio": 0.1273999989,
    "incomeTaxExpense": 99990000,
    "netIncome": 225905000,
    "netIncomeRatio": 0.0877975392,
    "eps": 0.74,
    "epsdiluted": 0.72,
    "weightedAverageShsOut": 304339929,
    "weightedAverageShsOutDil": 312009384,
    "link": "https://www.sec.gov/Archives/edgar/data/89800/000119312512314228/0001193125-12-314228-index.htm",
    "finalLink": "https://www.sec.gov/Archives/edgar/data/89800/000119312512314228/d355226d10q.htm"
  },
  {
    "date": "2012-03-31",
    "symbol": "SHW",
    "reportedCurrency": "USD",
    "cik": "0000089800",
    "fillingDate": "2012-04-25",
    "acceptedDate": "2012-04-25 15:01:03",
    "calendarYear": "2012",
    "period": "Q1",
    "revenue": 2136344000,
    "costOfRevenue": 1226505000,
    "grossProfit": 909839000,
    "grossProfitRatio": 0.4258859996,
    "researchAndDevelopmentExpenses": 0,
    "generalAndAdministrativeExpenses": 757679000,
    "sellingAndMarketingExpenses": -5158000,
    "sellingGeneralAndAdministrativeExpenses": 757679000,
    "otherExpenses": 5105000,
    "operatingExpenses": 762784000,
    "costAndExpenses": 1989289000,
    "interestIncome": 542000,
    "interestExpense": 10337000,
    "depreciationAndAmortization": 44483000,
    "ebitda": 197135000,
    "ebitdaratio": 0.0922768056,
    "operatingIncome": 147055000,
    "operatingIncomeRatio": 0.068834888,
    "totalOtherIncomeExpensesNet": -4740000,
    "incomeBeforeTax": 142315000,
    "incomeBeforeTaxRatio": 0.0666161442,
    "incomeTaxExpense": 42099000,
    "netIncome": 99434000,
    "netIncomeRatio": 0.0465440023,
    "eps": 0.32,
    "epsdiluted": 0.32,
    "weightedAverageShsOut": 306211047,
    "weightedAverageShsOutDil": 313374264,
    "link": "https://www.sec.gov/Archives/edgar/data/89800/000119312512181759/0001193125-12-181759-index.htm",
    "finalLink": "https://www.sec.gov/Archives/edgar/data/89800/000119312512181759/d325936d10q.htm"
  },
  {
    "date": "2011-12-31",
    "symbol": "SHW",
    "reportedCurrency": "USD",
    "cik": "0000089800",
    "fillingDate": "2012-02-23",
    "acceptedDate": "2012-02-23 15:07:32",
    "calendarYear": "2011",
    "period": "Q4",
    "revenue": 2070442000,
    "costOfRevenue": 1184342000,
    "grossProfit": 886100000,
    "grossProfitRatio": 0.4279762485,
    "researchAndDevelopmentExpenses": 0,
    "generalAndAdministrativeExpenses": 0,
    "sellingAndMarketingExpenses": -2731000,
    "sellingGeneralAndAdministrativeExpenses": 756688000,
    "otherExpenses": 0,
    "operatingExpenses": 756688000,
    "costAndExpenses": 1941030000,
    "interestIncome": 1740000,
    "interestExpense": 9623000,
    "depreciationAndAmortization": 44834000,
    "ebitda": 184000000,
    "ebitdaratio": 0.0888699128,
    "operatingIncome": 129412000,
    "operatingIncomeRatio": 0.062504528,
    "totalOtherIncomeExpensesNet": 131000,
    "incomeBeforeTax": 129543000,
    "incomeBeforeTaxRatio": 0.0625677995,
    "incomeTaxExpense": 114991000,
    "netIncome": 14552000,
    "netIncomeRatio": 0.0070284509,
    "eps": 0.0467,
    "epsdiluted": 0.0467,
    "weightedAverageShsOut": 306199902,
    "weightedAverageShsOutDil": 312691116,
    "link": "https://www.sec.gov/Archives/edgar/data/89800/000119312512075061/0001193125-12-075061-index.htm",
    "finalLink": "https://www.sec.gov/Archives/edgar/data/89800/000119312512075061/d259918d10k.htm"
  },
  {
    "date": "2011-09-30",
    "symbol": "SHW",
    "reportedCurrency": "USD",
    "cik": "0000089800",
    "fillingDate": "2011-10-27",
    "acceptedDate": "2011-10-27 12:06:02",
    "calendarYear": "2011",
    "period": "Q3",
    "revenue": 2484920000,
    "costOfRevenue": 1446621000,
    "grossProfit": 1038299000,
    "grossProfitRatio": 0.4178400109,
    "researchAndDevelopmentExpenses": 0,
    "generalAndAdministrativeExpenses": 0,
    "sellingAndMarketingExpenses": 0,
    "sellingGeneralAndAdministrativeExpenses": 762873000,
    "otherExpenses": 0,
    "operatingExpenses": 762873000,
    "costAndExpenses": 2209494000,
    "interestIncome": 840000,
    "interestExpense": 10452000,
    "depreciationAndAmortization": 48136000,
    "ebitda": 318864000,
    "ebitdaratio": 0.128319624,
    "operatingIncome": 275426000,
    "operatingIncomeRatio": 0.1108389807,
    "totalOtherIncomeExpensesNet": -15150000,
    "incomeBeforeTax": 260276000,
    "incomeBeforeTaxRatio": 0.104742205,
    "incomeTaxExpense": 80399000,
    "netIncome": 179877000,
    "netIncomeRatio": 0.072387441,
    "eps": 0.58,
    "epsdiluted": 0.57,
    "weightedAverageShsOut": 306453492,
    "weightedAverageShsOutDil": 312369816,
    "link": "https://www.sec.gov/Archives/edgar/data/89800/000095012311092333/0000950123-11-092333-index.htm",
    "finalLink": "https://www.sec.gov/Archives/edgar/data/89800/000095012311092333/l43147e10vq.htm"
  },
  {
    "date": "2011-06-30",
    "symbol": "SHW",
    "reportedCurrency": "USD",
    "cik": "0000089800",
    "fillingDate": "2011-07-27",
    "acceptedDate": "2011-07-27 15:28:01",
    "calendarYear": "2011",
    "period": "Q2",
    "revenue": 2354751000,
    "costOfRevenue": 1331996000,
    "grossProfit": 1022755000,
    "grossProfitRatio": 0.434336794,
    "researchAndDevelopmentExpenses": 0,
    "generalAndAdministrativeExpenses": 0,
    "sellingAndMarketingExpenses": 0,
    "sellingGeneralAndAdministrativeExpenses": 755555000,
    "otherExpenses": -708000,
    "operatingExpenses": 754847000,
    "costAndExpenses": 2086843000,
    "interestIncome": 808000,
    "interestExpense": 11747000,
    "depreciationAndAmortization": 44208000,
    "ebitda": 312971000,
    "ebitdaratio": 0.1329104436,
    "operatingIncome": 267908000,
    "operatingIncomeRatio": 0.1137733884,
    "totalOtherIncomeExpensesNet": -10892000,
    "incomeBeforeTax": 257016000,
    "incomeBeforeTaxRatio": 0.1091478462,
    "incomeTaxExpense": 77901000,
    "netIncome": 179115000,
    "netIncomeRatio": 0.0760653674,
    "eps": 0.56,
    "epsdiluted": 0.55,
    "weightedAverageShsOut": 314029431,
    "weightedAverageShsOutDil": 320629383,
    "link": "https://www.sec.gov/Archives/edgar/data/89800/000095012311068880/0000950123-11-068880-index.htm",
    "finalLink": "https://www.sec.gov/Archives/edgar/data/89800/000095012311068880/l42711e10vq.htm"
  },
  {
    "date": "2011-03-31",
    "symbol": "SHW",
    "reportedCurrency": "USD",
    "cik": "0000089800",
    "fillingDate": "2011-04-26",
    "acceptedDate": "2011-04-26 12:15:46",
    "calendarYear": "2011",
    "period": "Q1",
    "revenue": 1855586000,
    "costOfRevenue": 1058178000,
    "grossProfit": 797408000,
    "grossProfitRatio": 0.4297337876,
    "researchAndDevelopmentExpenses": 0,
    "generalAndAdministrativeExpenses": 0,
    "sellingAndMarketingExpenses": 1172000,
    "sellingGeneralAndAdministrativeExpenses": 696704000,
    "otherExpenses": 0,
    "operatingExpenses": 696704000,
    "costAndExpenses": 1754882000,
    "interestIncome": 323000,
    "interestExpense": 10675000,
    "depreciationAndAmortization": 43726000,
    "ebitda": 149114000,
    "ebitdaratio": 0.0803595198,
    "operatingIncome": 100704000,
    "operatingIncomeRatio": 0.0542707263,
    "totalOtherIncomeExpensesNet": -5991000,
    "incomeBeforeTax": 94713000,
    "incomeBeforeTaxRatio": 0.0510420967,
    "incomeTaxExpense": 26397000,
    "netIncome": 68316000,
    "netIncomeRatio": 0.0368164019,
    "eps": 0.21,
    "epsdiluted": 0.21,
    "weightedAverageShsOut": 314973042,
    "weightedAverageShsOutDil": 322088007,
    "link": "https://www.sec.gov/Archives/edgar/data/89800/000095012311039103/0000950123-11-039103-index.htm",
    "finalLink": "https://www.sec.gov/Archives/edgar/data/89800/000095012311039103/l42336e10vq.htm"
  },
  {
    "date": "2010-12-31",
    "symbol": "SHW",
    "reportedCurrency": "USD",
    "cik": "0000089800",
    "fillingDate": "2011-02-23",
    "acceptedDate": "2011-02-23 15:33:52",
    "calendarYear": "2010",
    "period": "Q4",
    "revenue": 1895619000,
    "costOfRevenue": 1049987000,
    "grossProfit": 845632000,
    "grossProfitRatio": 0.4460980819,
    "researchAndDevelopmentExpenses": 0,
    "generalAndAdministrativeExpenses": 0,
    "sellingAndMarketingExpenses": 0,
    "sellingGeneralAndAdministrativeExpenses": 720360000,
    "otherExpenses": -2411000,
    "operatingExpenses": 717949000,
    "costAndExpenses": 1767936000,
    "interestIncome": 802000,
    "interestExpense": 21376000,
    "depreciationAndAmortization": 52864000,
    "ebitda": 177938000,
    "ebitdaratio": 0.0938680188,
    "operatingIncome": 127683000,
    "operatingIncomeRatio": 0.0673568898,
    "totalOtherIncomeExpensesNet": -23985000,
    "incomeBeforeTax": 103698000,
    "incomeBeforeTaxRatio": 0.0547040307,
    "incomeTaxExpense": 30780000,
    "netIncome": 72918000,
    "netIncomeRatio": 0.0384665906,
    "eps": 0.23,
    "epsdiluted": 0.23,
    "weightedAverageShsOut": 317959566,
    "weightedAverageShsOutDil": 319362126,
    "link": "https://www.sec.gov/Archives/edgar/data/89800/000095012311017092/0000950123-11-017092-index.htm",
    "finalLink": "https://www.sec.gov/Archives/edgar/data/89800/000095012311017092/l40789e10vk.htm"
  },
  {
    "date": "2010-09-30",
    "symbol": "SHW",
    "reportedCurrency": "USD",
    "cik": "0000089800",
    "fillingDate": "2010-10-28",
    "acceptedDate": "2010-10-28 11:47:33",
    "calendarYear": "2010",
    "period": "Q3",
    "revenue": 2172259000,
    "costOfRevenue": 1200674000,
    "grossProfit": 971585000,
    "grossProfitRatio": 0.4472694094,
    "researchAndDevelopmentExpenses": 0,
    "generalAndAdministrativeExpenses": 0,
    "sellingAndMarketingExpenses": 0,
    "sellingGeneralAndAdministrativeExpenses": 703672000,
    "otherExpenses": 0,
    "operatingExpenses": 703672000,
    "costAndExpenses": 1904346000,
    "interestIncome": 1008000,
    "interestExpense": 11310000,
    "depreciationAndAmortization": 43035000,
    "ebitda": 309724000,
    "ebitdaratio": 0.1425815246,
    "operatingIncome": 267913000,
    "operatingIncomeRatio": 0.1233338198,
    "totalOtherIncomeExpensesNet": -12534000,
    "incomeBeforeTax": 255379000,
    "incomeBeforeTaxRatio": 0.1175637896,
    "incomeTaxExpense": 80121000,
    "netIncome": 175258000,
    "netIncomeRatio": 0.0806800662,
    "eps": 0.54,
    "epsdiluted": 0.53,
    "weightedAverageShsOut": 319362126,
    "weightedAverageShsOutDil": 325193211,
    "link": "https://www.sec.gov/Archives/edgar/data/89800/000095012310097227/0000950123-10-097227-index.htm",
    "finalLink": "https://www.sec.gov/Archives/edgar/data/89800/000095012310097227/l40727e10vq.htm"
  },
  {
    "date": "2010-06-30",
    "symbol": "SHW",
    "reportedCurrency": "USD",
    "cik": "0000089800",
    "fillingDate": "2010-07-27",
    "acceptedDate": "2010-07-27 15:31:45",
    "calendarYear": "2010",
    "period": "Q2",
    "revenue": 2143064000,
    "costOfRevenue": 1171171000,
    "grossProfit": 971893000,
    "grossProfitRatio": 0.4535062882,
    "researchAndDevelopmentExpenses": 0,
    "generalAndAdministrativeExpenses": 0,
    "sellingAndMarketingExpenses": 0,
    "sellingGeneralAndAdministrativeExpenses": 691215000,
    "otherExpenses": 2444000,
    "operatingExpenses": 693659000,
    "costAndExpenses": 1864830000,
    "interestIncome": 480000,
    "interestExpense": 26340000,
    "depreciationAndAmortization": 39562000,
    "ebitda": 325150000,
    "ebitdaratio": 0.1517220204,
    "operatingIncome": 278234000,
    "operatingIncomeRatio": 0.1298300004,
    "totalOtherIncomeExpensesNet": -18986000,
    "incomeBeforeTax": 259248000,
    "incomeBeforeTaxRatio": 0.1209707223,
    "incomeTaxExpense": 77542000,
    "netIncome": 181706000,
    "netIncomeRatio": 0.0847879485,
    "eps": 0.56,
    "epsdiluted": 0.55,
    "weightedAverageShsOut": 323059005,
    "weightedAverageShsOutDil": 329497956,
    "link": "https://www.sec.gov/Archives/edgar/data/89800/000095012310068492/0000950123-10-068492-index.htm",
    "finalLink": "https://www.sec.gov/Archives/edgar/data/89800/000095012310068492/l40273e10vq.htm"
  },
  {
    "date": "2010-03-31",
    "symbol": "SHW",
    "reportedCurrency": "USD",
    "cik": "0000089800",
    "fillingDate": "2010-04-28",
    "acceptedDate": "2010-04-28 14:51:00",
    "calendarYear": "2010",
    "period": "Q1",
    "revenue": 1565482000,
    "costOfRevenue": 873514000,
    "grossProfit": 691968000,
    "grossProfitRatio": 0.4420159414,
    "researchAndDevelopmentExpenses": 0,
    "generalAndAdministrativeExpenses": 0,
    "sellingAndMarketingExpenses": 0,
    "sellingGeneralAndAdministrativeExpenses": 612875000,
    "otherExpenses": 0,
    "operatingExpenses": 612875000,
    "costAndExpenses": 1486389000,
    "interestIncome": 639000,
    "interestExpense": 11570000,
    "depreciationAndAmortization": 39850000,
    "ebitda": 110878000,
    "ebitdaratio": 0.0708267486,
    "operatingIncome": 79093000,
    "operatingIncomeRatio": 0.0505230977,
    "totalOtherIncomeExpensesNet": -19635000,
    "incomeBeforeTax": 59458000,
    "incomeBeforeTaxRatio": 0.0379806347,
    "incomeTaxExpense": 26855000,
    "netIncome": 32603000,
    "netIncomeRatio": 0.0208261737,
    "eps": 0.1,
    "epsdiluted": 0.1,
    "weightedAverageShsOut": 323878794,
    "weightedAverageShsOutDil": 328482033,
    "link": "https://www.sec.gov/Archives/edgar/data/89800/000095012310039508/0000950123-10-039508-index.htm",
    "finalLink": "https://www.sec.gov/Archives/edgar/data/89800/000095012310039508/l39490e10vq.htm"
  },
  {
    "date": "2009-12-31",
    "symbol": "SHW",
    "reportedCurrency": "USD",
    "cik": "0000089800",
    "fillingDate": "2010-02-24",
    "acceptedDate": "2010-02-24 12:53:56",
    "calendarYear": "2009",
    "period": "Q4",
    "revenue": 1598836000,
    "costOfRevenue": 840598000,
    "grossProfit": 758238000,
    "grossProfitRatio": 0.4742437623,
    "researchAndDevelopmentExpenses": 0,
    "generalAndAdministrativeExpenses": 0,
    "sellingAndMarketingExpenses": 0,
    "sellingGeneralAndAdministrativeExpenses": 631975000,
    "otherExpenses": 0,
    "operatingExpenses": 631975000,
    "costAndExpenses": 1472573000,
    "interestIncome": 580000,
    "interestExpense": 8997000,
    "depreciationAndAmortization": 42474000,
    "ebitda": 132624000,
    "ebitdaratio": 0.0829503464,
    "operatingIncome": 126263000,
    "operatingIncomeRatio": 0.078971827,
    "totalOtherIncomeExpensesNet": -45110000,
    "incomeBeforeTax": 81153000,
    "incomeBeforeTaxRatio": 0.0507575511,
    "incomeTaxExpense": 15815000,
    "netIncome": 65338000,
    "netIncomeRatio": 0.04086598,
    "eps": 0.19,
    "epsdiluted": 0.19,
    "weightedAverageShsOut": 328399515,
    "weightedAverageShsOutDil": 340342710,
    "link": "https://www.sec.gov/Archives/edgar/data/89800/000095012310016198/0000950123-10-016198-index.htm",
    "finalLink": "https://www.sec.gov/Archives/edgar/data/89800/000095012310016198/l38063e10vk.htm"
  },
  {
    "date": "2009-09-30",
    "symbol": "SHW",
    "reportedCurrency": "USD",
    "cik": "0000089800",
    "fillingDate": "2009-10-27",
    "acceptedDate": "2009-10-27 17:00:34",
    "calendarYear": "2009",
    "period": "Q3",
    "revenue": 1996909000,
    "costOfRevenue": 1067926000,
    "grossProfit": 928983000,
    "grossProfitRatio": 0.4652104828,
    "researchAndDevelopmentExpenses": 0,
    "generalAndAdministrativeExpenses": 0,
    "sellingAndMarketingExpenses": -6869000,
    "sellingGeneralAndAdministrativeExpenses": 654246000,
    "otherExpenses": 6869000,
    "operatingExpenses": 661115000,
    "costAndExpenses": 1729041000,
    "interestIncome": 518000,
    "interestExpense": 8471000,
    "depreciationAndAmortization": 43034000,
    "ebitda": 310153000,
    "ebitdaratio": 0.1553165417,
    "operatingIncome": 267868000,
    "operatingIncomeRatio": 0.1341413154,
    "totalOtherIncomeExpensesNet": -9220000,
    "incomeBeforeTax": 258648000,
    "incomeBeforeTaxRatio": 0.1295241796,
    "incomeTaxExpense": 83440000,
    "netIncome": 175208000,
    "netIncomeRatio": 0.0877396016,
    "eps": 0.51,
    "epsdiluted": 0.5,
    "weightedAverageShsOut": 340342710,
    "weightedAverageShsOutDil": 347092584,
    "link": "https://www.sec.gov/Archives/edgar/data/89800/000095012309053699/0000950123-09-053699-index.htm",
    "finalLink": "https://www.sec.gov/Archives/edgar/data/89800/000095012309053699/l37678e10vq.htm"
  },
  {
    "date": "2009-06-30",
    "symbol": "SHW",
    "reportedCurrency": "USD",
    "cik": "0000089800",
    "fillingDate": "2009-07-31",
    "acceptedDate": "2009-07-31 10:08:14",
    "calendarYear": "2009",
    "period": "Q2",
    "revenue": 1947827000,
    "costOfRevenue": 1052485000,
    "grossProfit": 895342000,
    "grossProfitRatio": 0.459661972,
    "researchAndDevelopmentExpenses": 0,
    "generalAndAdministrativeExpenses": 0,
    "sellingAndMarketingExpenses": -3051000,
    "sellingGeneralAndAdministrativeExpenses": 656052000,
    "otherExpenses": 0,
    "operatingExpenses": 656052000,
    "costAndExpenses": 1708537000,
    "interestIncome": 659000,
    "interestExpense": 10356000,
    "depreciationAndAmortization": 43285000,
    "ebitda": 285764000,
    "ebitdaratio": 0.1467091277,
    "operatingIncome": 239290000,
    "operatingIncomeRatio": 0.1228497192,
    "totalOtherIncomeExpensesNet": -7167000,
    "incomeBeforeTax": 232123000,
    "incomeBeforeTaxRatio": 0.1191702343,
    "incomeTaxExpense": 74100000,
    "netIncome": 158023000,
    "netIncomeRatio": 0.0811278414,
    "eps": 0.46,
    "epsdiluted": 0.45,
    "weightedAverageShsOut": 345590673,
    "weightedAverageShsOutDil": 351162222,
    "link": "https://www.sec.gov/Archives/edgar/data/89800/000095012309028093/0000950123-09-028093-index.htm",
    "finalLink": "https://www.sec.gov/Archives/edgar/data/89800/000095012309028093/l37087e10vq.htm"
  },
  {
    "date": "2009-03-31",
    "symbol": "SHW",
    "reportedCurrency": "USD",
    "cik": "0000089800",
    "fillingDate": "2009-04-24",
    "acceptedDate": "2009-04-24 11:13:25",
    "calendarYear": "2009",
    "period": "Q1",
    "revenue": 1550677000,
    "costOfRevenue": 870071000,
    "grossProfit": 680606000,
    "grossProfitRatio": 0.4389089411,
    "researchAndDevelopmentExpenses": 0,
    "generalAndAdministrativeExpenses": 0,
    "sellingAndMarketingExpenses": 0,
    "sellingGeneralAndAdministrativeExpenses": 619253000,
    "otherExpenses": 0,
    "operatingExpenses": 619253000,
    "costAndExpenses": 1489324000,
    "interestIncome": 636000,
    "interestExpense": 12202000,
    "depreciationAndAmortization": 42111000,
    "ebitda": 105206000,
    "ebitdaratio": 0.0678452057,
    "operatingIncome": 61353000,
    "operatingIncomeRatio": 0.0395652995,
    "totalOtherIncomeExpensesNet": -10460000,
    "incomeBeforeTax": 50893000,
    "incomeBeforeTaxRatio": 0.0328198587,
    "incomeTaxExpense": 13614000,
    "netIncome": 37279000,
    "netIncomeRatio": 0.0240404675,
    "eps": 0.11,
    "epsdiluted": 0.11,
    "weightedAverageShsOut": 347839887,
    "weightedAverageShsOutDil": 354089316,
    "link": "https://www.sec.gov/Archives/edgar/data/89800/000095015209004120/0000950152-09-004120-index.htm",
    "finalLink": "https://www.sec.gov/Archives/edgar/data/89800/000095015209004120/l36213ae10vq.htm"
  },
  {
    "date": "2008-12-31",
    "symbol": "SHW",
    "reportedCurrency": "USD",
    "cik": "0000089800",
    "fillingDate": "2009-02-24",
    "acceptedDate": "2009-02-24 15:05:51",
    "calendarYear": "2008",
    "period": "Q4",
    "revenue": 1699842000,
    "costOfRevenue": 914942000,
    "grossProfit": 784900000,
    "grossProfitRatio": 0.4617487978,
    "researchAndDevelopmentExpenses": 0,
    "generalAndAdministrativeExpenses": 0,
    "sellingAndMarketingExpenses": 0,
    "sellingGeneralAndAdministrativeExpenses": 633537000,
    "otherExpenses": 19319000,
    "operatingExpenses": 652856000,
    "costAndExpenses": 1567798000,
    "interestIncome": 0,
    "interestExpense": 0,
    "depreciationAndAmortization": 41294000,
    "ebitda": 117596000,
    "ebitdaratio": 0.0691805474,
    "operatingIncome": 132044000,
    "operatingIncomeRatio": 0.0776801609,
    "totalOtherIncomeExpensesNet": -52912000,
    "incomeBeforeTax": 79132000,
    "incomeBeforeTaxRatio": 0.0465525619,
    "incomeTaxExpense": 28966000,
    "netIncome": 50166000,
    "netIncomeRatio": 0.0295121547,
    "eps": 0.14,
    "epsdiluted": 0.14,
    "weightedAverageShsOut": 347383533,
    "weightedAverageShsOutDil": 347485398,
    "link": "https://www.sec.gov/Archives/edgar/data/89800/000095015209001707/0000950152-09-001707-index.htm",
    "finalLink": "https://www.sec.gov/Archives/edgar/data/89800/000095015209001707/l34437ae10vk.htm"
  },
  {
    "date": "2008-09-30",
    "symbol": "SHW",
    "reportedCurrency": "USD",
    "cik": "0000089800",
    "fillingDate": "2008-10-22",
    "acceptedDate": "2008-10-22 10:03:20",
    "calendarYear": "2008",
    "period": "Q3",
    "revenue": 2268658000,
    "costOfRevenue": 1308169000,
    "grossProfit": 960489000,
    "grossProfitRatio": 0.4233732012,
    "researchAndDevelopmentExpenses": 0,
    "generalAndAdministrativeExpenses": 0,
    "sellingAndMarketingExpenses": 0,
    "sellingGeneralAndAdministrativeExpenses": 681352000,
    "otherExpenses": 0,
    "operatingExpenses": 681352000,
    "costAndExpenses": 1989521000,
    "interestIncome": 0,
    "interestExpense": 0,
    "depreciationAndAmortization": 42395000,
    "ebitda": 321532000,
    "ebitdaratio": 0.1417278409,
    "operatingIncome": 279137000,
    "operatingIncomeRatio": 0.1230405817,
    "totalOtherIncomeExpensesNet": -12995000,
    "incomeBeforeTax": 266142000,
    "incomeBeforeTaxRatio": 0.1173125257,
    "incomeTaxExpense": 89061000,
    "netIncome": 177081000,
    "netIncomeRatio": 0.0780553966,
    "eps": 0.51,
    "epsdiluted": 0.5,
    "weightedAverageShsOut": 347485398,
    "weightedAverageShsOutDil": 354550059,
    "link": "https://www.sec.gov/Archives/edgar/data/89800/000095015208008109/0000950152-08-008109-index.htm",
    "finalLink": "https://www.sec.gov/Archives/edgar/data/89800/000095015208008109/l34150ae10vq.htm"
  },
  {
    "date": "2008-06-30",
    "symbol": "SHW",
    "reportedCurrency": "USD",
    "cik": "0000089800",
    "fillingDate": "2008-07-22",
    "acceptedDate": "2008-07-22 10:20:04",
    "calendarYear": "2008",
    "period": "Q2",
    "revenue": 2229545000,
    "costOfRevenue": 1256642000,
    "grossProfit": 972903000,
    "grossProfitRatio": 0.436368407,
    "researchAndDevelopmentExpenses": 0,
    "generalAndAdministrativeExpenses": 0,
    "sellingAndMarketingExpenses": 0,
    "sellingGeneralAndAdministrativeExpenses": 676984000,
    "otherExpenses": 0,
    "operatingExpenses": 676984000,
    "costAndExpenses": 1933626000,
    "interestIncome": 0,
    "interestExpense": 0,
    "depreciationAndAmortization": 40689000,
    "ebitda": 336608000,
    "ebitdaratio": 0.150976096,
    "operatingIncome": 295919000,
    "operatingIncomeRatio": 0.132726184,
    "totalOtherIncomeExpensesNet": -39747000,
    "incomeBeforeTax": 256172000,
    "incomeBeforeTaxRatio": 0.1148987798,
    "incomeTaxExpense": 84489000,
    "netIncome": 171683000,
    "netIncomeRatio": 0.0770036039,
    "eps": 0.49,
    "epsdiluted": 0.48,
    "weightedAverageShsOut": 348661383,
    "weightedAverageShsOutDil": 356054160,
    "link": "https://www.sec.gov/Archives/edgar/data/89800/000095015208005534/0000950152-08-005534-index.htm",
    "finalLink": "https://www.sec.gov/Archives/edgar/data/89800/000095015208005534/l32509ae10vq.htm"
  },
  {
    "date": "2008-03-31",
    "symbol": "SHW",
    "reportedCurrency": "USD",
    "cik": "0000089800",
    "fillingDate": "2008-04-24",
    "acceptedDate": "2008-04-24 16:47:30",
    "calendarYear": "2008",
    "period": "Q1",
    "revenue": 1781682000,
    "costOfRevenue": 1001174000,
    "grossProfit": 780508000,
    "grossProfitRatio": 0.4380736854,
    "researchAndDevelopmentExpenses": 0,
    "generalAndAdministrativeExpenses": 0,
    "sellingAndMarketingExpenses": 0,
    "sellingGeneralAndAdministrativeExpenses": 651707000,
    "otherExpenses": 0,
    "operatingExpenses": 651707000,
    "costAndExpenses": 1652881000,
    "interestIncome": 0,
    "interestExpense": 0,
    "depreciationAndAmortization": 41133000,
    "ebitda": 169934000,
    "ebitdaratio": 0.0953784121,
    "operatingIncome": 128801000,
    "operatingIncomeRatio": 0.0722918007,
    "totalOtherIncomeExpensesNet": -15772000,
    "incomeBeforeTax": 113029000,
    "incomeBeforeTaxRatio": 0.0634394914,
    "incomeTaxExpense": 35083000,
    "netIncome": 77946000,
    "netIncomeRatio": 0.0437485477,
    "eps": 0.22,
    "epsdiluted": 0.21,
    "weightedAverageShsOut": 358494882,
    "weightedAverageShsOutDil": 366290598,
    "link": "https://www.sec.gov/Archives/edgar/data/89800/000095015208003000/0000950152-08-003000-index.htm",
    "finalLink": "https://www.sec.gov/Archives/edgar/data/89800/000095015208003000/l31166ae10vq.htm"
  },
  {
    "date": "2007-12-31",
    "symbol": "SHW",
    "reportedCurrency": "USD",
    "cik": "0000089800",
    "fillingDate": "2008-02-28",
    "acceptedDate": "2008-02-28 09:55:24",
    "calendarYear": "2007",
    "period": "Q4",
    "revenue": 1853884000,
    "costOfRevenue": 1021882000,
    "grossProfit": 832002000,
    "grossProfitRatio": 0.4487885973,
    "researchAndDevelopmentExpenses": 0,
    "generalAndAdministrativeExpenses": 0,
    "sellingAndMarketingExpenses": 0,
    "sellingGeneralAndAdministrativeExpenses": 642395000,
    "otherExpenses": 0,
    "operatingExpenses": 642395000,
    "costAndExpenses": 1664277000,
    "interestIncome": 0,
    "interestExpense": 0,
    "depreciationAndAmortization": 45204000,
    "ebitda": 234811000,
    "ebitdaratio": 0.1266589495,
    "operatingIncome": 189607000,
    "operatingIncomeRatio": 0.1022755469,
    "totalOtherIncomeExpensesNet": -37644000,
    "incomeBeforeTax": 151963000,
    "incomeBeforeTaxRatio": 0.0819700693,
    "incomeTaxExpense": 51143000,
    "netIncome": 100820000,
    "netIncomeRatio": 0.0543831221,
    "eps": 0.27,
    "epsdiluted": 0.27,
    "weightedAverageShsOut": 366680121,
    "weightedAverageShsOutDil": 377876634,
    "link": "https://www.sec.gov/Archives/edgar/data/89800/000095015208001496/0000950152-08-001496-index.htm",
    "finalLink": "https://www.sec.gov/Archives/edgar/data/89800/000095015208001496/l29360ae10vk.htm"
  },
  {
    "date": "2007-09-30",
    "symbol": "SHW",
    "reportedCurrency": "USD",
    "cik": "0000089800",
    "fillingDate": "2007-10-25",
    "acceptedDate": "2007-10-25 10:26:20",
    "calendarYear": "2007",
    "period": "Q3",
    "revenue": 2197042000,
    "costOfRevenue": 1208654000,
    "grossProfit": 988388000,
    "grossProfitRatio": 0.4498721463,
    "researchAndDevelopmentExpenses": 0,
    "generalAndAdministrativeExpenses": 0,
    "sellingAndMarketingExpenses": 0,
    "sellingGeneralAndAdministrativeExpenses": 670433000,
    "otherExpenses": 0,
    "operatingExpenses": 670433000,
    "costAndExpenses": 1879087000,
    "interestIncome": 0,
    "interestExpense": 0,
    "depreciationAndAmortization": 41416000,
    "ebitda": 359371000,
    "ebitdaratio": 0.1635703824,
    "operatingIncome": 317955000,
    "operatingIncomeRatio": 0.1447195821,
    "totalOtherIncomeExpensesNet": -23638000,
    "incomeBeforeTax": 294317000,
    "incomeBeforeTaxRatio": 0.1339605706,
    "incomeTaxExpense": 93968000,
    "netIncome": 200349000,
    "netIncomeRatio": 0.0911903368,
    "eps": 0.53,
    "epsdiluted": 0.52,
    "weightedAverageShsOut": 377876634,
    "weightedAverageShsOutDil": 388778046,
    "link": "https://www.sec.gov/Archives/edgar/data/89800/000095015207008213/0000950152-07-008213-index.htm",
    "finalLink": "https://www.sec.gov/Archives/edgar/data/89800/000095015207008213/l28366ae10vq.htm"
  },
  {
    "date": "2007-06-30",
    "symbol": "SHW",
    "reportedCurrency": "USD",
    "cik": "0000089800",
    "fillingDate": "2007-07-23",
    "acceptedDate": "2007-07-23 15:43:28",
    "calendarYear": "2007",
    "period": "Q2",
    "revenue": 2198188000,
    "costOfRevenue": 1211618000,
    "grossProfit": 986570000,
    "grossProfitRatio": 0.4488105658,
    "researchAndDevelopmentExpenses": 0,
    "generalAndAdministrativeExpenses": 0,
    "sellingAndMarketingExpenses": 0,
    "sellingGeneralAndAdministrativeExpenses": 666899000,
    "otherExpenses": 0,
    "operatingExpenses": 666899000,
    "costAndExpenses": 1878517000,
    "interestIncome": 0,
    "interestExpense": 0,
    "depreciationAndAmortization": 39169000,
    "ebitda": 358840000,
    "ebitdaratio": 0.1632435442,
    "operatingIncome": 319671000,
    "operatingIncomeRatio": 0.1454247771,
    "totalOtherIncomeExpensesNet": -16526000,
    "incomeBeforeTax": 303145000,
    "incomeBeforeTaxRatio": 0.1379067668,
    "incomeTaxExpense": 100538000,
    "netIncome": 202607000,
    "netIncomeRatio": 0.0921700055,
    "eps": 0.52,
    "epsdiluted": 0.51,
    "weightedAverageShsOut": 388943622,
    "weightedAverageShsOutDil": 399860184,
    "link": "https://www.sec.gov/Archives/edgar/data/89800/000095015207005974/0000950152-07-005974-index.htm",
    "finalLink": "https://www.sec.gov/Archives/edgar/data/89800/000095015207005974/l27106ae10vq.htm"
  },
  {
    "date": "2007-03-31",
    "symbol": "SHW",
    "reportedCurrency": "USD",
    "cik": "0000089800",
    "fillingDate": "2007-04-23",
    "acceptedDate": "2007-04-23 15:38:31",
    "calendarYear": "2007",
    "period": "Q1",
    "revenue": 1756178000,
    "costOfRevenue": 964812000,
    "grossProfit": 791366000,
    "grossProfitRatio": 0.4506183314,
    "researchAndDevelopmentExpenses": 0,
    "generalAndAdministrativeExpenses": 0,
    "sellingAndMarketingExpenses": 0,
    "sellingGeneralAndAdministrativeExpenses": 617740000,
    "otherExpenses": 0,
    "operatingExpenses": 617740000,
    "costAndExpenses": 1582552000,
    "interestIncome": 0,
    "interestExpense": 0,
    "depreciationAndAmortization": 37690000,
    "ebitda": 211316000,
    "ebitdaratio": 0.1203272106,
    "operatingIncome": 173626000,
    "operatingIncomeRatio": 0.0988658325,
    "totalOtherIncomeExpensesNet": -10108000,
    "incomeBeforeTax": 163518000,
    "incomeBeforeTaxRatio": 0.0931101517,
    "incomeTaxExpense": 51716000,
    "netIncome": 111802000,
    "netIncomeRatio": 0.0636621117,
    "eps": 0.28,
    "epsdiluted": 0.28,
    "weightedAverageShsOut": 393163719,
    "weightedAverageShsOutDil": 404956698,
    "link": "https://www.sec.gov/Archives/edgar/data/89800/000095015207003413/0000950152-07-003413-index.htm",
    "finalLink": "https://www.sec.gov/Archives/edgar/data/89800/000095015207003413/l25772ae10vq.htm"
  },
  {
    "date": "2006-12-31",
    "symbol": "SHW",
    "reportedCurrency": "USD",
    "cik": "0000089800",
    "fillingDate": "2007-02-28",
    "acceptedDate": "2007-02-28 17:29:38",
    "calendarYear": "2006",
    "period": "Q4",
    "revenue": 1794550000,
    "costOfRevenue": 1023687000,
    "grossProfit": 770863000,
    "grossProfitRatio": 0.4295578279,
    "researchAndDevelopmentExpenses": 0,
    "generalAndAdministrativeExpenses": 0,
    "sellingAndMarketingExpenses": 0,
    "sellingGeneralAndAdministrativeExpenses": 624860000,
    "otherExpenses": 0,
    "operatingExpenses": 624860000,
    "costAndExpenses": 1648547000,
    "interestIncome": 0,
    "interestExpense": 0,
    "depreciationAndAmortization": 38322000,
    "ebitda": 184325000,
    "ebitdaratio": 0.1027137723,
    "operatingIncome": 146003000,
    "operatingIncomeRatio": 0.0813591151,
    "totalOtherIncomeExpensesNet": -19418000,
    "incomeBeforeTax": 126585000,
    "incomeBeforeTaxRatio": 0.0705385751,
    "incomeTaxExpense": 27902000,
    "netIncome": 98683000,
    "netIncomeRatio": 0.0549903876,
    "eps": 0.25,
    "epsdiluted": 0.25,
    "weightedAverageShsOut": 396101952,
    "weightedAverageShsOutDil": 400866498,
    "link": "https://www.sec.gov/Archives/edgar/data/89800/000095015207001637/0000950152-07-001637-index.htm",
    "finalLink": "https://www.sec.gov/Archives/edgar/data/89800/000095015207001637/l22329ae10vk.htm"
  },
  {
    "date": "2006-09-30",
    "symbol": "SHW",
    "reportedCurrency": "USD",
    "cik": "0000089800",
    "fillingDate": "2006-10-25",
    "acceptedDate": "2006-10-25 17:15:03",
    "calendarYear": "2006",
    "period": "Q3",
    "revenue": 2116711000,
    "costOfRevenue": 1180933000,
    "grossProfit": 935778000,
    "grossProfitRatio": 0.442090583,
    "researchAndDevelopmentExpenses": 0,
    "generalAndAdministrativeExpenses": 0,
    "sellingAndMarketingExpenses": 0,
    "sellingGeneralAndAdministrativeExpenses": 648920000,
    "otherExpenses": 0,
    "operatingExpenses": 648920000,
    "costAndExpenses": 1829853000,
    "interestIncome": 0,
    "interestExpense": 0,
    "depreciationAndAmortization": 36497000,
    "ebitda": 323355000,
    "ebitdaratio": 0.1527629421,
    "operatingIncome": 286858000,
    "operatingIncomeRatio": 0.1355206261,
    "totalOtherIncomeExpensesNet": -10167000,
    "incomeBeforeTax": 276691000,
    "incomeBeforeTaxRatio": 0.1307174196,
    "incomeTaxExpense": 97579000,
    "netIncome": 179112000,
    "netIncomeRatio": 0.0846180702,
    "eps": 0.45,
    "epsdiluted": 0.43,
    "weightedAverageShsOut": 400866498,
    "weightedAverageShsOutDil": 412125333,
    "link": "https://www.sec.gov/Archives/edgar/data/89800/000095015206008429/0000950152-06-008429-index.htm",
    "finalLink": "https://www.sec.gov/Archives/edgar/data/89800/000095015206008429/l22708ae10vq.htm"
  },
  {
    "date": "2006-06-30",
    "symbol": "SHW",
    "reportedCurrency": "USD",
    "cik": "0000089800",
    "fillingDate": "2006-07-27",
    "acceptedDate": "2006-07-27 15:39:49",
    "calendarYear": "2006",
    "period": "Q2",
    "revenue": 2129970000,
    "costOfRevenue": 1193382000,
    "grossProfit": 936588000,
    "grossProfitRatio": 0.4397188693,
    "researchAndDevelopmentExpenses": 0,
    "generalAndAdministrativeExpenses": 0,
    "sellingAndMarketingExpenses": 0,
    "sellingGeneralAndAdministrativeExpenses": 641562000,
    "otherExpenses": 0,
    "operatingExpenses": 641562000,
    "costAndExpenses": 1834944000,
    "interestIncome": 0,
    "interestExpense": 0,
    "depreciationAndAmortization": 35782000,
    "ebitda": 330808000,
    "ebitdaratio": 0.1553111077,
    "operatingIncome": 295026000,
    "operatingIncomeRatio": 0.13851181,
    "totalOtherIncomeExpensesNet": -25901000,
    "incomeBeforeTax": 269125000,
    "incomeBeforeTaxRatio": 0.1263515449,
    "incomeTaxExpense": 84533000,
    "netIncome": 184592000,
    "netIncomeRatio": 0.0866641314,
    "eps": 0.46,
    "epsdiluted": 0.44,
    "weightedAverageShsOut": 403310862,
    "weightedAverageShsOutDil": 415324677,
    "link": "https://www.sec.gov/Archives/edgar/data/89800/000095015206006184/0000950152-06-006184-index.htm",
    "finalLink": "https://www.sec.gov/Archives/edgar/data/89800/000095015206006184/l21394ae10vq.htm"
  },
  {
    "date": "2006-03-31",
    "symbol": "SHW",
    "reportedCurrency": "USD",
    "cik": "0000089800",
    "fillingDate": "2006-04-25",
    "acceptedDate": "2006-04-25 15:40:35",
    "calendarYear": "2006",
    "period": "Q1",
    "revenue": 1768528000,
    "costOfRevenue": 997117000,
    "grossProfit": 771411000,
    "grossProfitRatio": 0.4361881746,
    "researchAndDevelopmentExpenses": 0,
    "generalAndAdministrativeExpenses": 0,
    "sellingAndMarketingExpenses": 0,
    "sellingGeneralAndAdministrativeExpenses": 597585000,
    "otherExpenses": 0,
    "operatingExpenses": 597585000,
    "costAndExpenses": 1594702000,
    "interestIncome": 0,
    "interestExpense": 0,
    "depreciationAndAmortization": 35316000,
    "ebitda": 209142000,
    "ebitdaratio": 0.1182576697,
    "operatingIncome": 173826000,
    "operatingIncomeRatio": 0.0982885202,
    "totalOtherIncomeExpensesNet": -11915000,
    "incomeBeforeTax": 161911000,
    "incomeBeforeTaxRatio": 0.0915512788,
    "incomeTaxExpense": 48240000,
    "netIncome": 113671000,
    "netIncomeRatio": 0.064274357,
    "eps": 0.28,
    "epsdiluted": 0.27,
    "weightedAverageShsOut": 403594479,
    "weightedAverageShsOutDil": 415193991,
    "link": "https://www.sec.gov/Archives/edgar/data/89800/000095015206003464/0000950152-06-003464-index.htm",
    "finalLink": "https://www.sec.gov/Archives/edgar/data/89800/000095015206003464/l19769ae10vq.htm"
  },
  {
    "date": "2005-12-31",
    "symbol": "SHW",
    "reportedCurrency": "USD",
    "cik": "0000089800",
    "fillingDate": "2006-03-07",
    "acceptedDate": "2006-03-07 15:10:29",
    "calendarYear": "2005",
    "period": "Q4",
    "revenue": 1710030000,
    "costOfRevenue": 968350000,
    "grossProfit": 741680000,
    "grossProfitRatio": 0.433723385,
    "researchAndDevelopmentExpenses": 0,
    "generalAndAdministrativeExpenses": 0,
    "sellingAndMarketingExpenses": 0,
    "sellingGeneralAndAdministrativeExpenses": 589043000,
    "otherExpenses": 0,
    "operatingExpenses": 589043000,
    "costAndExpenses": 1557393000,
    "interestIncome": 0,
    "interestExpense": 0,
    "depreciationAndAmortization": 45287000,
    "ebitda": 197924000,
    "ebitdaratio": 0.1157429987,
    "operatingIncome": 152637000,
    "operatingIncomeRatio": 0.0892598375,
    "totalOtherIncomeExpensesNet": -42627000,
    "incomeBeforeTax": 110010000,
    "incomeBeforeTaxRatio": 0.0643322047,
    "incomeTaxExpense": 34875000,
    "netIncome": 75135000,
    "netIncomeRatio": 0.0439378257,
    "eps": 0.18,
    "epsdiluted": 0.18,
    "weightedAverageShsOut": 401160902,
    "weightedAverageShsOutDil": 409751351,
    "link": "https://www.sec.gov/Archives/edgar/data/89800/000095015206001786/0000950152-06-001786-index.htm",
    "finalLink": "https://www.sec.gov/Archives/edgar/data/89800/000095015206001786/l17545ae10vk.htm"
  },
  {
    "date": "2005-09-30",
    "symbol": "SHW",
    "reportedCurrency": "USD",
    "cik": "0000089800",
    "fillingDate": "2005-11-09",
    "acceptedDate": "2005-11-09 11:59:52",
    "calendarYear": "2005",
    "period": "Q3",
    "revenue": 1976728000,
    "costOfRevenue": 1136983000,
    "grossProfit": 839745000,
    "grossProfitRatio": 0.424815655,
    "researchAndDevelopmentExpenses": 0,
    "generalAndAdministrativeExpenses": 0,
    "sellingAndMarketingExpenses": 0,
    "sellingGeneralAndAdministrativeExpenses": 602517000,
    "otherExpenses": 0,
    "operatingExpenses": 602517000,
    "costAndExpenses": 1739500000,
    "interestIncome": 0,
    "interestExpense": 0,
    "depreciationAndAmortization": 35893000,
    "ebitda": 273121000,
    "ebitdaratio": 0.1381682255,
    "operatingIncome": 237228000,
    "operatingIncomeRatio": 0.1200104415,
    "totalOtherIncomeExpensesNet": -18234000,
    "incomeBeforeTax": 218994000,
    "incomeBeforeTaxRatio": 0.1107861071,
    "incomeTaxExpense": 66970000,
    "netIncome": 151608000,
    "netIncomeRatio": 0.0766964398,
    "eps": 0.37,
    "epsdiluted": 0.36,
    "weightedAverageShsOut": 409751351,
    "weightedAverageShsOutDil": 425069159,
    "link": "https://www.sec.gov/Archives/edgar/data/89800/000095015205008988/0000950152-05-008988-index.htm",
    "finalLink": "https://www.sec.gov/Archives/edgar/data/89800/000095015205008988/l16673ae10vq.htm"
  },
  {
    "date": "2005-06-30",
    "symbol": "SHW",
    "reportedCurrency": "USD",
    "cik": "0000089800",
    "fillingDate": "2005-08-08",
    "acceptedDate": "2005-08-08 11:36:25",
    "calendarYear": "2005",
    "period": "Q2",
    "revenue": 1965358000,
    "costOfRevenue": 1127192000,
    "grossProfit": 838166000,
    "grossProfitRatio": 0.4264698849,
    "researchAndDevelopmentExpenses": 0,
    "generalAndAdministrativeExpenses": 0,
    "sellingAndMarketingExpenses": 0,
    "sellingGeneralAndAdministrativeExpenses": 593063000,
    "otherExpenses": 0,
    "operatingExpenses": 593063000,
    "costAndExpenses": 1720255000,
    "interestIncome": 0,
    "interestExpense": 0,
    "depreciationAndAmortization": 35430000,
    "ebitda": 280533000,
    "ebitdaratio": 0.1427388801,
    "operatingIncome": 245103000,
    "operatingIncomeRatio": 0.1247116301,
    "totalOtherIncomeExpensesNet": -25535000,
    "incomeBeforeTax": 219568000,
    "incomeBeforeTaxRatio": 0.1117190863,
    "incomeTaxExpense": 65647000,
    "netIncome": 153221000,
    "netIncomeRatio": 0.0779608601,
    "eps": 0.37,
    "epsdiluted": 0.36,
    "weightedAverageShsOut": 410413393,
    "weightedAverageShsOutDil": 425613889,
    "link": "https://www.sec.gov/Archives/edgar/data/89800/000095015205006679/0000950152-05-006679-index.htm",
    "finalLink": "https://www.sec.gov/Archives/edgar/data/89800/000095015205006679/l15031ae10vq.htm"
  },
  {
    "date": "2005-03-31",
    "symbol": "SHW",
    "reportedCurrency": "USD",
    "cik": "0000089800",
    "fillingDate": "2005-05-06",
    "acceptedDate": "2005-05-06 10:19:07",
    "calendarYear": "2005",
    "period": "Q1",
    "revenue": 1538545000,
    "costOfRevenue": 877771000,
    "grossProfit": 660774000,
    "grossProfitRatio": 0.4294798007,
    "researchAndDevelopmentExpenses": 0,
    "generalAndAdministrativeExpenses": 0,
    "sellingAndMarketingExpenses": 0,
    "sellingGeneralAndAdministrativeExpenses": 541597000,
    "otherExpenses": 0,
    "operatingExpenses": 541597000,
    "costAndExpenses": 1419368000,
    "interestIncome": 0,
    "interestExpense": 0,
    "depreciationAndAmortization": 35630000,
    "ebitda": 154807000,
    "ebitdaratio": 0.1006190914,
    "operatingIncome": 119177000,
    "operatingIncomeRatio": 0.0774608477,
    "totalOtherIncomeExpensesNet": -11534000,
    "incomeBeforeTax": 107643000,
    "incomeBeforeTaxRatio": 0.0699641544,
    "incomeTaxExpense": 24109000,
    "netIncome": 83294000,
    "netIncomeRatio": 0.054138163,
    "eps": 0.2,
    "epsdiluted": 0.19,
    "weightedAverageShsOut": 416470000,
    "weightedAverageShsOutDil": 430831034,
    "link": "https://www.sec.gov/Archives/edgar/data/89800/000095015205004038/0000950152-05-004038-index.htm",
    "finalLink": "https://www.sec.gov/Archives/edgar/data/89800/000095015205004038/l13353ae10vq.htm"
  },
  {
    "date": "2004-12-31",
    "symbol": "SHW",
    "reportedCurrency": "USD",
    "cik": "0000089800",
    "fillingDate": "2005-03-10",
    "acceptedDate": "2005-03-10 10:44:06",
    "calendarYear": "2004",
    "period": "Q4",
    "revenue": 1499183000,
    "costOfRevenue": 834361000,
    "grossProfit": 664822000,
    "grossProfitRatio": 0.4434562025,
    "researchAndDevelopmentExpenses": 0,
    "generalAndAdministrativeExpenses": 0,
    "sellingAndMarketingExpenses": 0,
    "sellingGeneralAndAdministrativeExpenses": 542863000,
    "otherExpenses": 0,
    "operatingExpenses": 542863000,
    "costAndExpenses": 1377224000,
    "interestIncome": 0,
    "interestExpense": 0,
    "depreciationAndAmortization": 48072000,
    "ebitda": 170031000,
    "ebitdaratio": 0.1134157738,
    "operatingIncome": 121959000,
    "operatingIncomeRatio": 0.0813503088,
    "totalOtherIncomeExpensesNet": -20924000,
    "incomeBeforeTax": 101035000,
    "incomeBeforeTaxRatio": 0.0673933736,
    "incomeTaxExpense": 17956000,
    "netIncome": 82485000,
    "netIncomeRatio": 0.0550199675,
    "eps": 0.2,
    "epsdiluted": 0.2,
    "weightedAverageShsOut": 419567368,
    "weightedAverageShsOutDil": 419567368,
    "link": "https://www.sec.gov/Archives/edgar/data/89800/000095015205001943/0000950152-05-001943-index.htm",
    "finalLink": "https://www.sec.gov/Archives/edgar/data/89800/000095015205001943/l11720ae10vk.htm"
  },
  {
    "date": "2004-09-30",
    "symbol": "SHW",
    "reportedCurrency": "USD",
    "cik": "0000089800",
    "fillingDate": "2004-11-08",
    "acceptedDate": "2004-11-08 14:15:58",
    "calendarYear": "2004",
    "period": "Q3",
    "revenue": 1677130000,
    "costOfRevenue": 933585000,
    "grossProfit": 743545000,
    "grossProfitRatio": 0.4433436883,
    "researchAndDevelopmentExpenses": 0,
    "generalAndAdministrativeExpenses": 0,
    "sellingAndMarketingExpenses": 0,
    "sellingGeneralAndAdministrativeExpenses": 527124000,
    "otherExpenses": 0,
    "operatingExpenses": 527124000,
    "costAndExpenses": 1460709000,
    "interestIncome": 0,
    "interestExpense": 0,
    "depreciationAndAmortization": 31807000,
    "ebitda": 248228000,
    "ebitdaratio": 0.1480076082,
    "operatingIncome": 216421000,
    "operatingIncomeRatio": 0.1290424714,
    "totalOtherIncomeExpensesNet": -11617000,
    "incomeBeforeTax": 204804000,
    "incomeBeforeTaxRatio": 0.1221157573,
    "incomeTaxExpense": 71681000,
    "netIncome": 132863000,
    "netIncomeRatio": 0.079220454,
    "eps": 0.32,
    "epsdiluted": 0.31,
    "weightedAverageShsOut": 419567368,
    "weightedAverageShsOutDil": 433248913,
    "link": "https://www.sec.gov/Archives/edgar/data/89800/000095015204008038/0000950152-04-008038-index.htm",
    "finalLink": "https://www.sec.gov/Archives/edgar/data/89800/000095015204008038/l10018ae10vq.htm"
  },
  {
    "date": "2004-06-30",
    "symbol": "SHW",
    "reportedCurrency": "USD",
    "cik": "0000089800",
    "fillingDate": "2004-08-05",
    "acceptedDate": "2004-08-05 09:56:07",
    "calendarYear": "2004",
    "period": "Q2",
    "revenue": 1617955000,
    "costOfRevenue": 896538000,
    "grossProfit": 721417000,
    "grossProfitRatio": 0.445881993,
    "researchAndDevelopmentExpenses": 0,
    "generalAndAdministrativeExpenses": 0,
    "sellingAndMarketingExpenses": 0,
    "sellingGeneralAndAdministrativeExpenses": 514403000,
    "otherExpenses": 0,
    "operatingExpenses": 514403000,
    "costAndExpenses": 1410941000,
    "interestIncome": 0,
    "interestExpense": 0,
    "depreciationAndAmortization": 28873000,
    "ebitda": 235887000,
    "ebitdaratio": 0.1457933008,
    "operatingIncome": 207014000,
    "operatingIncomeRatio": 0.1279479343,
    "totalOtherIncomeExpensesNet": -11840000,
    "incomeBeforeTax": 195174000,
    "incomeBeforeTaxRatio": 0.1206300546,
    "incomeTaxExpense": 68311000,
    "netIncome": 126438000,
    "netIncomeRatio": 0.0781467964,
    "eps": 0.3,
    "epsdiluted": 0.29,
    "weightedAverageShsOut": 426195506,
    "weightedAverageShsOutDil": 435993103,
    "link": "https://www.sec.gov/Archives/edgar/data/89800/000095015204005904/0000950152-04-005904-index.htm",
    "finalLink": "https://www.sec.gov/Archives/edgar/data/89800/000095015204005904/l08677ae10vq.htm"
  },
  {
    "date": "2004-03-31",
    "symbol": "SHW",
    "reportedCurrency": "USD",
    "cik": "0000089800",
    "fillingDate": "2004-05-07",
    "acceptedDate": "2004-05-07 10:34:56",
    "calendarYear": "2004",
    "period": "Q1",
    "revenue": 1319522000,
    "costOfRevenue": 747895000,
    "grossProfit": 571627000,
    "grossProfitRatio": 0.4332076312,
    "researchAndDevelopmentExpenses": 0,
    "generalAndAdministrativeExpenses": 0,
    "sellingAndMarketingExpenses": 0,
    "sellingGeneralAndAdministrativeExpenses": 484546000,
    "otherExpenses": 0,
    "operatingExpenses": 484546000,
    "costAndExpenses": 1232441000,
    "interestIncome": 0,
    "interestExpense": 0,
    "depreciationAndAmortization": 28532000,
    "ebitda": 115613000,
    "ebitdaratio": 0.0876173342,
    "operatingIncome": 87081000,
    "operatingIncomeRatio": 0.0659943525,
    "totalOtherIncomeExpensesNet": -7899000,
    "incomeBeforeTax": 79182000,
    "incomeBeforeTaxRatio": 0.0600080938,
    "incomeTaxExpense": 27714000,
    "netIncome": 51468000,
    "netIncomeRatio": 0.0390050336,
    "eps": 0.12,
    "epsdiluted": 0.12,
    "weightedAverageShsOut": 428900000,
    "weightedAverageShsOutDil": 441154286,
    "link": "https://www.sec.gov/Archives/edgar/data/89800/000095015204003707/0000950152-04-003707-index.htm",
    "finalLink": "https://www.sec.gov/Archives/edgar/data/89800/000095015204003707/l06920ae10vq.txt"
  },
  {
    "date": "2003-12-31",
    "symbol": "SHW",
    "reportedCurrency": "USD",
    "cik": "0000089800",
    "fillingDate": "2004-03-11",
    "acceptedDate": "2004-03-11 12:24:18",
    "calendarYear": "2003",
    "period": "Q4",
    "revenue": 1284539000,
    "costOfRevenue": 675406000,
    "grossProfit": 609133000,
    "grossProfitRatio": 0.4742035859,
    "researchAndDevelopmentExpenses": 0,
    "generalAndAdministrativeExpenses": 0,
    "sellingAndMarketingExpenses": 0,
    "sellingGeneralAndAdministrativeExpenses": 477056000,
    "otherExpenses": 0,
    "operatingExpenses": 477056000,
    "costAndExpenses": 1152462000,
    "interestIncome": 0,
    "interestExpense": 0,
    "depreciationAndAmortization": 30279000,
    "ebitda": 162356000,
    "ebitdaratio": 0.1263924256,
    "operatingIncome": 132077000,
    "operatingIncomeRatio": 0.102820545,
    "totalOtherIncomeExpensesNet": -20532000,
    "incomeBeforeTax": 111545000,
    "incomeBeforeTaxRatio": 0.0868366005,
    "incomeTaxExpense": 40714000,
    "netIncome": 70831000,
    "netIncomeRatio": 0.0551411829,
    "eps": 0.16,
    "epsdiluted": 0.16,
    "weightedAverageShsOut": 433906921,
    "weightedAverageShsOutDil": 434808434,
    "link": "https://www.sec.gov/Archives/edgar/data/89800/000095015204001806/0000950152-04-001806-index.htm",
    "finalLink": "https://www.sec.gov/Archives/edgar/data/89800/000095015204001806/l05235ae10vk.htm"
  },
  {
    "date": "2003-09-30",
    "symbol": "SHW",
    "reportedCurrency": "USD",
    "cik": "0000089800",
    "fillingDate": "2003-11-12",
    "acceptedDate": "2003-11-12 15:00:42",
    "calendarYear": "2003",
    "period": "Q3",
    "revenue": 1503086000,
    "costOfRevenue": 824440000,
    "grossProfit": 678646000,
    "grossProfitRatio": 0.451501777,
    "researchAndDevelopmentExpenses": 0,
    "generalAndAdministrativeExpenses": 0,
    "sellingAndMarketingExpenses": 0,
    "sellingGeneralAndAdministrativeExpenses": 480076000,
    "otherExpenses": 0,
    "operatingExpenses": 480076000,
    "costAndExpenses": 1304516000,
    "interestIncome": 0,
    "interestExpense": 0,
    "depreciationAndAmortization": 29348000,
    "ebitda": 227918000,
    "ebitdaratio": 0.1516333729,
    "operatingIncome": 198570000,
    "operatingIncomeRatio": 0.1321082094,
    "totalOtherIncomeExpensesNet": -9126000,
    "incomeBeforeTax": 189444000,
    "incomeBeforeTaxRatio": 0.1260367005,
    "incomeTaxExpense": 69147000,
    "netIncome": 120297000,
    "netIncomeRatio": 0.0800333447,
    "eps": 0.28,
    "epsdiluted": 0.27,
    "weightedAverageShsOut": 434808434,
    "weightedAverageShsOutDil": 440110976,
    "link": "https://www.sec.gov/Archives/edgar/data/89800/000095015203009596/0000950152-03-009596-index.htm",
    "finalLink": "https://www.sec.gov/Archives/edgar/data/89800/000095015203009596/l03509ae10vq.txt"
  },
  {
    "date": "2003-06-30",
    "symbol": "SHW",
    "reportedCurrency": "USD",
    "cik": "0000089800",
    "fillingDate": "2003-08-14",
    "acceptedDate": "2003-08-14 08:15:01",
    "calendarYear": "2003",
    "period": "Q2",
    "revenue": 1471678000,
    "costOfRevenue": 805926000,
    "grossProfit": 665752000,
    "grossProfitRatio": 0.4523761312,
    "researchAndDevelopmentExpenses": 0,
    "generalAndAdministrativeExpenses": 0,
    "sellingAndMarketingExpenses": 0,
    "sellingGeneralAndAdministrativeExpenses": 484082000,
    "otherExpenses": 0,
    "operatingExpenses": 484082000,
    "costAndExpenses": 1290008000,
    "interestIncome": 0,
    "interestExpense": 0,
    "depreciationAndAmortization": 28720000,
    "ebitda": 210390000,
    "ebitdaratio": 0.1429592615,
    "operatingIncome": 181670000,
    "operatingIncomeRatio": 0.123444123,
    "totalOtherIncomeExpensesNet": -8238000,
    "incomeBeforeTax": 173432000,
    "incomeBeforeTaxRatio": 0.1178464311,
    "incomeTaxExpense": 63302000,
    "netIncome": 110130000,
    "netIncomeRatio": 0.0748329458,
    "eps": 0.25,
    "epsdiluted": 0.25,
    "weightedAverageShsOut": 434723684,
    "weightedAverageShsOutDil": 440520000,
    "link": "https://www.sec.gov/Archives/edgar/data/89800/000095015203007674/0000950152-03-007674-index.htm",
    "finalLink": "https://www.sec.gov/Archives/edgar/data/89800/000095015203007674/l02037ae10vq.txt"
  },
  {
    "date": "2003-03-31",
    "symbol": "SHW",
    "reportedCurrency": "USD",
    "cik": "0000089800",
    "fillingDate": "2003-05-13",
    "acceptedDate": "2003-05-13 09:47:45",
    "calendarYear": "2003",
    "period": "Q1",
    "revenue": 1148461000,
    "costOfRevenue": 646697000,
    "grossProfit": 501764000,
    "grossProfitRatio": 0.4369012095,
    "researchAndDevelopmentExpenses": 0,
    "generalAndAdministrativeExpenses": 0,
    "sellingAndMarketingExpenses": 0,
    "sellingGeneralAndAdministrativeExpenses": 440450000,
    "otherExpenses": 0,
    "operatingExpenses": 440450000,
    "costAndExpenses": 1087147000,
    "interestIncome": 0,
    "interestExpense": 0,
    "depreciationAndAmortization": 28217000,
    "ebitda": 89531000,
    "ebitdaratio": 0.0779573708,
    "operatingIncome": 61314000,
    "operatingIncomeRatio": 0.0533879688,
    "totalOtherIncomeExpensesNet": -12807000,
    "incomeBeforeTax": 48507000,
    "incomeBeforeTaxRatio": 0.0422365235,
    "incomeTaxExpense": 17705000,
    "netIncome": 30802000,
    "netIncomeRatio": 0.0268202403,
    "eps": 0.07,
    "epsdiluted": 0.07,
    "weightedAverageShsOut": 440028571,
    "weightedAverageShsOutDil": 440028571,
    "link": "https://www.sec.gov/Archives/edgar/data/89800/000095015203005349/0000950152-03-005349-index.htm",
    "finalLink": "https://www.sec.gov/Archives/edgar/data/89800/000095015203005349/l00432ae10vq.txt"
  },
  {
    "date": "2002-12-31",
    "symbol": "SHW",
    "reportedCurrency": "USD",
    "cik": "0000089800",
    "fillingDate": "2003-03-13",
    "acceptedDate": "2003-03-13 11:10:00",
    "calendarYear": "2002",
    "period": "Q4",
    "revenue": 1156146000,
    "costOfRevenue": 606766000,
    "grossProfit": 549380000,
    "grossProfitRatio": 0.4751822002,
    "researchAndDevelopmentExpenses": 0,
    "generalAndAdministrativeExpenses": 0,
    "sellingAndMarketingExpenses": 0,
    "sellingGeneralAndAdministrativeExpenses": 440723000,
    "otherExpenses": 0,
    "operatingExpenses": 440723000,
    "costAndExpenses": 1047489000,
    "interestIncome": 0,
    "interestExpense": 0,
    "depreciationAndAmortization": 30044000,
    "ebitda": 138701000,
    "ebitdaratio": 0.1199684123,
    "operatingIncome": 108657000,
    "operatingIncomeRatio": 0.0939820749,
    "totalOtherIncomeExpensesNet": -20595000,
    "incomeBeforeTax": 88062000,
    "incomeBeforeTaxRatio": 0.0761685808,
    "incomeTaxExpense": 31004000,
    "netIncome": 57058000,
    "netIncomeRatio": 0.0493518985,
    "eps": 0.13,
    "epsdiluted": 0.13,
    "weightedAverageShsOut": 445128992,
    "weightedAverageShsOutDil": 447808929,
    "link": "https://www.sec.gov/Archives/edgar/data/89800/000095015203002867/0000950152-03-002867-index.htm",
    "finalLink": "https://www.sec.gov/Archives/edgar/data/89800/000095015203002867/l97882ae10vk.txt"
  },
  {
    "date": "2002-09-30",
    "symbol": "SHW",
    "reportedCurrency": "USD",
    "cik": "0000089800",
    "fillingDate": "2002-11-12",
    "acceptedDate": "2002-11-12 12:05:10",
    "calendarYear": "2002",
    "period": "Q3",
    "revenue": 1426266000,
    "costOfRevenue": 780974000,
    "grossProfit": 645292000,
    "grossProfitRatio": 0.4524345389,
    "researchAndDevelopmentExpenses": 0,
    "generalAndAdministrativeExpenses": 0,
    "sellingAndMarketingExpenses": 0,
    "sellingGeneralAndAdministrativeExpenses": 456101000,
    "otherExpenses": 0,
    "operatingExpenses": 456101000,
    "costAndExpenses": 1237075000,
    "interestIncome": 0,
    "interestExpense": 0,
    "depreciationAndAmortization": 29251000,
    "ebitda": 218442000,
    "ebitdaratio": 0.1531565641,
    "operatingIncome": 189191000,
    "operatingIncomeRatio": 0.132647767,
    "totalOtherIncomeExpensesNet": -9622000,
    "incomeBeforeTax": 179569000,
    "incomeBeforeTaxRatio": 0.1259014798,
    "incomeTaxExpense": 68236000,
    "netIncome": 111333000,
    "netIncomeRatio": 0.0780590717,
    "eps": 0.25,
    "epsdiluted": 0.24,
    "weightedAverageShsOut": 451350000,
    "weightedAverageShsOutDil": 457532877,
    "link": "https://www.sec.gov/Archives/edgar/data/89800/000095015202008270/0000950152-02-008270-index.htm",
    "finalLink": "https://www.sec.gov/Archives/edgar/data/89800/000095015202008270/l96785ae10vq.txt"
  },
  {
    "date": "2002-06-30",
    "symbol": "SHW",
    "reportedCurrency": "USD",
    "cik": "0000089800",
    "fillingDate": "2002-08-09",
    "acceptedDate": "2002-08-09 09:02:15",
    "calendarYear": "2002",
    "period": "Q2",
    "revenue": 1453198000,
    "costOfRevenue": 801388000,
    "grossProfit": 651810000,
    "grossProfitRatio": 0.4485348865,
    "researchAndDevelopmentExpenses": 0,
    "generalAndAdministrativeExpenses": 0,
    "sellingAndMarketingExpenses": 0,
    "sellingGeneralAndAdministrativeExpenses": 465517000,
    "otherExpenses": 0,
    "operatingExpenses": 465517000,
    "costAndExpenses": 1266905000,
    "interestIncome": 0,
    "interestExpense": 0,
    "depreciationAndAmortization": 28334000,
    "ebitda": 214627000,
    "ebitdaratio": 0.1476928815,
    "operatingIncome": 186293000,
    "operatingIncomeRatio": 0.1281951943,
    "totalOtherIncomeExpensesNet": -12864000,
    "incomeBeforeTax": 173429000,
    "incomeBeforeTaxRatio": 0.1193429939,
    "incomeTaxExpense": 65903000,
    "netIncome": 107526000,
    "netIncomeRatio": 0.07399267,
    "eps": 0.24,
    "epsdiluted": 0.23,
    "weightedAverageShsOut": 454335211,
    "weightedAverageShsOutDil": 460825714,
    "link": "https://www.sec.gov/Archives/edgar/data/89800/000095015202006000/0000950152-02-006000-index.htm",
    "finalLink": "https://www.sec.gov/Archives/edgar/data/89800/000095015202006000/l95428ae10vq.txt"
  },
  {
    "date": "2002-03-31",
    "symbol": "SHW",
    "reportedCurrency": "USD",
    "cik": "0000089800",
    "fillingDate": "2002-05-15",
    "acceptedDate": "2002-05-15 10:28:29",
    "calendarYear": "2002",
    "period": "Q1",
    "revenue": 1149178000,
    "costOfRevenue": 657074000,
    "grossProfit": 492104000,
    "grossProfitRatio": 0.4282226078,
    "researchAndDevelopmentExpenses": 0,
    "generalAndAdministrativeExpenses": 0,
    "sellingAndMarketingExpenses": 0,
    "sellingGeneralAndAdministrativeExpenses": 422186000,
    "otherExpenses": 0,
    "operatingExpenses": 422186000,
    "costAndExpenses": 1079260000,
    "interestIncome": 0,
    "interestExpense": 0,
    "depreciationAndAmortization": 28019000,
    "ebitda": 97937000,
    "ebitdaratio": 0.085223525,
    "operatingIncome": 69918000,
    "operatingIncomeRatio": 0.0608417495,
    "totalOtherIncomeExpensesNet": -13813000,
    "incomeBeforeTax": 56105000,
    "incomeBeforeTaxRatio": 0.0488218535,
    "incomeTaxExpense": 21320000,
    "netIncome": -148351000,
    "netIncomeRatio": -0.1290931431,
    "eps": -0.33,
    "epsdiluted": -0.33,
    "weightedAverageShsOut": 454135714,
    "weightedAverageShsOutDil": 454135714,
    "link": "https://www.sec.gov/Archives/edgar/data/89800/000095015202004256/0000950152-02-004256-index.htm",
    "finalLink": "https://www.sec.gov/Archives/edgar/data/89800/000095015202004256/l93942ae10-q.txt"
  },
  {
    "date": "2001-12-31",
    "symbol": "SHW",
    "reportedCurrency": "USD",
    "cik": "0000089800",
    "fillingDate": "2002-03-14",
    "acceptedDate": "2002-03-14 00:00:00",
    "calendarYear": "2001",
    "period": "Q4",
    "revenue": 1133353000,
    "costOfRevenue": 612323000,
    "grossProfit": 521030000,
    "grossProfitRatio": 0.4597243754,
    "researchAndDevelopmentExpenses": 0,
    "generalAndAdministrativeExpenses": 0,
    "sellingAndMarketingExpenses": 0,
    "sellingGeneralAndAdministrativeExpenses": 420646000,
    "otherExpenses": 0,
    "operatingExpenses": 420646000,
    "costAndExpenses": 1032969000,
    "interestIncome": 0,
    "interestExpense": 108300000,
    "depreciationAndAmortization": 37891000,
    "ebitda": 138275000,
    "ebitdaratio": 0.1220052358,
    "operatingIncome": 100384000,
    "operatingIncomeRatio": 0.0885725807,
    "totalOtherIncomeExpensesNet": -21530000,
    "incomeBeforeTax": 78854000,
    "incomeBeforeTaxRatio": 0.0695758515,
    "incomeTaxExpense": 33421000,
    "netIncome": 45433000,
    "netIncomeRatio": 0.0400872455,
    "eps": 0.0986,
    "epsdiluted": 0.0983,
    "weightedAverageShsOut": 460640047,
    "weightedAverageShsOutDil": 462030357,
    "link": "https://www.sec.gov/Archives/edgar/data/89800/000095015202001777/0000950152-02-001777-index.htm",
    "finalLink": "https://www.sec.gov/Archives/edgar/data/89800/000095015202001777/l92671ae10-k.txt"
  },
  {
    "date": "2001-09-30",
    "symbol": "SHW",
    "reportedCurrency": "USD",
    "cik": "0000089800",
    "fillingDate": "2001-11-13",
    "acceptedDate": "2001-11-13 00:00:00",
    "calendarYear": "2001",
    "period": "Q3",
    "revenue": 1366768000,
    "costOfRevenue": 765729000,
    "grossProfit": 601039000,
    "grossProfitRatio": 0.4397520281,
    "researchAndDevelopmentExpenses": 0,
    "generalAndAdministrativeExpenses": 0,
    "sellingAndMarketingExpenses": 0,
    "sellingGeneralAndAdministrativeExpenses": 443173000,
    "otherExpenses": 0,
    "operatingExpenses": 443173000,
    "costAndExpenses": 1208902000,
    "interestIncome": 0,
    "interestExpense": 101200000,
    "depreciationAndAmortization": 36693000,
    "ebitda": 194559000,
    "ebitdaratio": 0.1423496892,
    "operatingIncome": 157866000,
    "operatingIncomeRatio": 0.1155031432,
    "totalOtherIncomeExpensesNet": -14499000,
    "incomeBeforeTax": 143367000,
    "incomeBeforeTaxRatio": 0.1048949054,
    "incomeTaxExpense": 53046000,
    "netIncome": 90321000,
    "netIncomeRatio": 0.0660836367,
    "eps": 0.19,
    "epsdiluted": 0.19,
    "weightedAverageShsOut": 467177586,
    "weightedAverageShsOutDil": 467177586,
    "link": "https://www.sec.gov/Archives/edgar/data/89800/000095015201505684/0000950152-01-505684-index.htm",
    "finalLink": "https://www.sec.gov/Archives/edgar/data/89800/000095015201505684/l90960ae10-q.txt"
  },
  {
    "date": "2001-06-30",
    "symbol": "SHW",
    "reportedCurrency": "USD",
    "cik": "0000089800",
    "fillingDate": "2001-08-14",
    "acceptedDate": "2001-08-14 00:00:00",
    "calendarYear": "2001",
    "period": "Q2",
    "revenue": 1407514000,
    "costOfRevenue": 798977000,
    "grossProfit": 608537000,
    "grossProfitRatio": 0.4323488079,
    "researchAndDevelopmentExpenses": 0,
    "generalAndAdministrativeExpenses": 0,
    "sellingAndMarketingExpenses": 0,
    "sellingGeneralAndAdministrativeExpenses": 444377000,
    "otherExpenses": 0,
    "operatingExpenses": 444377000,
    "costAndExpenses": 1243354000,
    "interestIncome": 0,
    "interestExpense": 92900000,
    "depreciationAndAmortization": 37186000,
    "ebitda": 201346000,
    "ebitdaratio": 0.1430507974,
    "operatingIncome": 164160000,
    "operatingIncomeRatio": 0.1166311667,
    "totalOtherIncomeExpensesNet": -20541000,
    "incomeBeforeTax": 143619000,
    "incomeBeforeTaxRatio": 0.102037351,
    "incomeTaxExpense": 53139000,
    "netIncome": 90480000,
    "netIncomeRatio": 0.0642835524,
    "eps": 0.19,
    "epsdiluted": 0.19,
    "weightedAverageShsOut": 468000000,
    "weightedAverageShsOutDil": 468000000,
    "link": "https://www.sec.gov/Archives/edgar/data/89800/000095015201503877/0000950152-01-503877-index.htm",
    "finalLink": "https://www.sec.gov/Archives/edgar/data/89800/000095015201503877/l89641ae10-q.txt"
  },
  {
    "date": "2001-03-31",
    "symbol": "SHW",
    "reportedCurrency": "USD",
    "cik": "0000089800",
    "fillingDate": "2001-05-15",
    "acceptedDate": "2001-05-15 00:00:00",
    "calendarYear": "2001",
    "period": "Q1",
    "revenue": 1158370000,
    "costOfRevenue": 669347000,
    "grossProfit": 489023000,
    "grossProfitRatio": 0.422164766,
    "researchAndDevelopmentExpenses": 0,
    "generalAndAdministrativeExpenses": 0,
    "sellingAndMarketingExpenses": 0,
    "sellingGeneralAndAdministrativeExpenses": 421659000,
    "otherExpenses": 0,
    "operatingExpenses": 421659000,
    "costAndExpenses": 1091006000,
    "interestIncome": 0,
    "interestExpense": 0,
    "depreciationAndAmortization": 36328000,
    "ebitda": 103692000,
    "ebitdaratio": 0.0895154398,
    "operatingIncome": 67364000,
    "operatingIncomeRatio": 0.0581541304,
    "totalOtherIncomeExpensesNet": -8755000,
    "incomeBeforeTax": 58609000,
    "incomeBeforeTaxRatio": 0.0505960962,
    "incomeTaxExpense": 21685000,
    "netIncome": 36924000,
    "netIncomeRatio": 0.0318758255,
    "eps": 0.0767,
    "epsdiluted": 0.0767,
    "weightedAverageShsOut": 481617391,
    "weightedAverageShsOutDil": 481617391,
    "link": "https://www.sec.gov/Archives/edgar/data/89800/000095015201501944/0000950152-01-501944-index.htm",
    "finalLink": "https://www.sec.gov/Archives/edgar/data/89800/000095015201501944/l88021ae10-q.txt"
  },
  {
    "date": "2000-12-31",
    "symbol": "SHW",
    "reportedCurrency": "USD",
    "cik": "0000089800",
    "fillingDate": "2001-03-13",
    "acceptedDate": "2001-03-13 00:00:00",
    "calendarYear": "2000",
    "period": "Q4",
    "revenue": 1148538000,
    "costOfRevenue": 584062000,
    "grossProfit": 564476000,
    "grossProfitRatio": 0.4914735081,
    "researchAndDevelopmentExpenses": 0,
    "generalAndAdministrativeExpenses": 0,
    "sellingAndMarketingExpenses": 0,
    "sellingGeneralAndAdministrativeExpenses": 431646000,
    "otherExpenses": 40678000,
    "operatingExpenses": 472324000,
    "costAndExpenses": 1056386000,
    "interestIncome": 0,
    "interestExpense": 0,
    "depreciationAndAmortization": 40678000,
    "ebitda": 132830000,
    "ebitdaratio": 0.1156513759,
    "operatingIncome": 92152000,
    "operatingIncomeRatio": 0.080234176,
    "totalOtherIncomeExpensesNet": -373722000,
    "incomeBeforeTax": -281570000,
    "incomeBeforeTaxRatio": -0.2451551451,
    "incomeTaxExpense": -34111000,
    "netIncome": -247459000,
    "netIncomeRatio": -0.2154556488,
    "eps": -0.51,
    "epsdiluted": -0.51,
    "weightedAverageShsOut": 481198696,
    "weightedAverageShsOutDil": 481198696,
    "link": "https://www.sec.gov/Archives/edgar/data/89800/000095015201500336/0000950152-01-500336-index.htm",
    "finalLink": "https://www.sec.gov/Archives/edgar/data/89800/000095015201500336/l85264be10-k.txt"
  },
  {
    "date": "2000-09-30",
    "symbol": "SHW",
    "reportedCurrency": "USD",
    "cik": "0000089800",
    "fillingDate": "2000-11-13",
    "acceptedDate": "2000-11-13 00:00:00",
    "calendarYear": "2000",
    "period": "Q3",
    "revenue": 1411903000,
    "costOfRevenue": 745825000,
    "grossProfit": 666078000,
    "grossProfitRatio": 0.4717590373,
    "researchAndDevelopmentExpenses": 0,
    "generalAndAdministrativeExpenses": 0,
    "sellingAndMarketingExpenses": 0,
    "sellingGeneralAndAdministrativeExpenses": 437954000,
    "otherExpenses": 39983000,
    "operatingExpenses": 477937000,
    "costAndExpenses": 1223762000,
    "interestIncome": 0,
    "interestExpense": 0,
    "depreciationAndAmortization": 39983000,
    "ebitda": 228124000,
    "ebitdaratio": 0.161572006,
    "operatingIncome": 188141000,
    "operatingIncomeRatio": 0.1332534884,
    "totalOtherIncomeExpensesNet": -16015000,
    "incomeBeforeTax": 172126000,
    "incomeBeforeTaxRatio": 0.1219106412,
    "incomeTaxExpense": 65407000,
    "netIncome": 106719000,
    "netIncomeRatio": 0.0755852208,
    "eps": 0.22,
    "epsdiluted": 0.22,
    "weightedAverageShsOut": 485086364,
    "weightedAverageShsOutDil": 485086364,
    "link": "https://www.sec.gov/Archives/edgar/data/89800/000095015200007794/0000950152-00-007794-index.htm",
    "finalLink": "https://www.sec.gov/Archives/edgar/data/89800/000095015200007794/l84502ae10-q.txt"
  },
  {
    "date": "2000-06-30",
    "symbol": "SHW",
    "reportedCurrency": "USD",
    "cik": "0000089800",
    "fillingDate": "2000-08-14",
    "acceptedDate": "2000-08-14 00:00:00",
    "calendarYear": "2000",
    "period": "Q2",
    "revenue": 1429267000,
    "costOfRevenue": 747204000,
    "grossProfit": 682063000,
    "grossProfitRatio": 0.4772117456,
    "researchAndDevelopmentExpenses": 0,
    "generalAndAdministrativeExpenses": 0,
    "sellingAndMarketingExpenses": 0,
    "sellingGeneralAndAdministrativeExpenses": 434846000,
    "otherExpenses": 40589000,
    "operatingExpenses": 475435000,
    "costAndExpenses": 1222639000,
    "interestIncome": 0,
    "interestExpense": 0,
    "depreciationAndAmortization": 40589000,
    "ebitda": 247217000,
    "ebitdaratio": 0.172967682,
    "operatingIncome": 206628000,
    "operatingIncomeRatio": 0.1445692093,
    "totalOtherIncomeExpensesNet": -19783000,
    "incomeBeforeTax": 186845000,
    "incomeBeforeTaxRatio": 0.1307278486,
    "incomeTaxExpense": 71002000,
    "netIncome": 115843000,
    "netIncomeRatio": 0.0810506364,
    "eps": 0.24,
    "epsdiluted": 0.24,
    "weightedAverageShsOut": 489477465,
    "weightedAverageShsOutDil": 489477465,
    "link": "https://www.sec.gov/Archives/edgar/data/89800/000095015200006007/0000950152-00-006007-index.htm",
    "finalLink": "https://www.sec.gov/Archives/edgar/data/89800/000095015200006007/e10-q.txt"
  },
  {
    "date": "2000-03-31",
    "symbol": "SHW",
    "reportedCurrency": "USD",
    "cik": "0000089800",
    "fillingDate": "2000-05-15",
    "acceptedDate": "2000-05-15 00:00:00",
    "calendarYear": "2000",
    "period": "Q1",
    "revenue": 1221916000,
    "costOfRevenue": 666892000,
    "grossProfit": 555024000,
    "grossProfitRatio": 0.4542243493,
    "researchAndDevelopmentExpenses": 0,
    "generalAndAdministrativeExpenses": 0,
    "sellingAndMarketingExpenses": 0,
    "sellingGeneralAndAdministrativeExpenses": 435921000,
    "otherExpenses": 38780000,
    "operatingExpenses": 474701000,
    "costAndExpenses": 1141593000,
    "interestIncome": 0,
    "interestExpense": 0,
    "depreciationAndAmortization": 38780000,
    "ebitda": 119103000,
    "ebitdaratio": 0.0974723303,
    "operatingIncome": 80323000,
    "operatingIncomeRatio": 0.0657352879,
    "totalOtherIncomeExpensesNet": -14318000,
    "incomeBeforeTax": 66005000,
    "incomeBeforeTaxRatio": 0.0540176248,
    "incomeTaxExpense": 25082000,
    "netIncome": 40923000,
    "netIncomeRatio": 0.0334908455,
    "eps": 0.0833,
    "epsdiluted": 0.0833,
    "weightedAverageShsOut": 491076000,
    "weightedAverageShsOutDil": 491076000,
    "link": "https://www.sec.gov/Archives/edgar/data/89800/000095015200004082/0000950152-00-004082-index.html",
    "finalLink": "https://www.sec.gov/Archives/edgar/data/89800/000095015200004082/"
  },
  {
    "date": "1999-12-31",
    "symbol": "SHW",
    "reportedCurrency": "USD",
    "cik": "0000089800",
    "fillingDate": "2000-03-15",
    "acceptedDate": "2000-03-15 00:00:00",
    "calendarYear": "1999",
    "period": "Q4",
    "revenue": 1146400000,
    "costOfRevenue": 557300000,
    "grossProfit": 589100000,
    "grossProfitRatio": 0.5138695045,
    "researchAndDevelopmentExpenses": 0,
    "generalAndAdministrativeExpenses": 0,
    "sellingAndMarketingExpenses": 0,
    "sellingGeneralAndAdministrativeExpenses": 420200000,
    "otherExpenses": 37900000,
    "operatingExpenses": 458100000,
    "costAndExpenses": 1015400000,
    "interestIncome": 0,
    "interestExpense": 0,
    "depreciationAndAmortization": 37900000,
    "ebitda": 168900000,
    "ebitdaratio": 0.1473307746,
    "operatingIncome": 131000000,
    "operatingIncomeRatio": 0.1142707606,
    "totalOtherIncomeExpensesNet": -40600000,
    "incomeBeforeTax": 90400000,
    "incomeBeforeTaxRatio": 0.0788555478,
    "incomeTaxExpense": 34400000,
    "netIncome": 56000000,
    "netIncomeRatio": 0.0488485694,
    "eps": 0.11,
    "epsdiluted": 0.11,
    "weightedAverageShsOut": 497388829,
    "weightedAverageShsOutDil": 498788000,
    "link": "https://www.sec.gov/Archives/edgar/data/89800/000095015200001692/0000950152-00-001692-index.html",
    "finalLink": "https://www.sec.gov/Archives/edgar/data/89800/000095015200001692/"
  },
  {
    "date": "1999-09-30",
    "symbol": "SHW",
    "reportedCurrency": "USD",
    "cik": "0000089800",
    "fillingDate": "1999-11-15",
    "acceptedDate": "1999-11-15 00:00:00",
    "calendarYear": "1999",
    "period": "Q3",
    "revenue": 1345500000,
    "costOfRevenue": 693600000,
    "grossProfit": 651900000,
    "grossProfitRatio": 0.4845039019,
    "researchAndDevelopmentExpenses": 0,
    "generalAndAdministrativeExpenses": 0,
    "sellingAndMarketingExpenses": 0,
    "sellingGeneralAndAdministrativeExpenses": 417500000,
    "otherExpenses": 42000000,
    "operatingExpenses": 459500000,
    "costAndExpenses": 1153100000,
    "interestIncome": 0,
    "interestExpense": 0,
    "depreciationAndAmortization": 42000000,
    "ebitda": 234400000,
    "ebitdaratio": 0.1742103307,
    "operatingIncome": 192400000,
    "operatingIncomeRatio": 0.1429951691,
    "totalOtherIncomeExpensesNet": -12600000,
    "incomeBeforeTax": 179800000,
    "incomeBeforeTaxRatio": 0.1336306206,
    "incomeTaxExpense": 68300000,
    "netIncome": 111500000,
    "netIncomeRatio": 0.082868822,
    "eps": 0.22,
    "epsdiluted": 0.22,
    "weightedAverageShsOut": 499253731,
    "weightedAverageShsOutDil": 506818182,
    "link": "https://www.sec.gov/Archives/edgar/data/89800/000095015299009082/0000950152-99-009082-index.html",
    "finalLink": "https://www.sec.gov/Archives/edgar/data/89800/000095015299009082/"
  },
  {
    "date": "1999-06-30",
    "symbol": "SHW",
    "reportedCurrency": "USD",
    "cik": "0000089800",
    "fillingDate": "1999-08-16",
    "acceptedDate": "1999-08-16 00:00:00",
    "calendarYear": "1999",
    "period": "Q2",
    "revenue": 1384100000,
    "costOfRevenue": 735200000,
    "grossProfit": 648871000,
    "grossProfitRatio": 0.4688035547,
    "researchAndDevelopmentExpenses": 0,
    "generalAndAdministrativeExpenses": 0,
    "sellingAndMarketingExpenses": 0,
    "sellingGeneralAndAdministrativeExpenses": 424100000,
    "otherExpenses": 38500000,
    "operatingExpenses": 462600000,
    "costAndExpenses": 1197800000,
    "interestIncome": 0,
    "interestExpense": 0,
    "depreciationAndAmortization": 38585000,
    "ebitda": 224856000,
    "ebitdaratio": 0.1624564699,
    "operatingIncome": 186271000,
    "operatingIncomeRatio": 0.1345791489,
    "totalOtherIncomeExpensesNet": -12771000,
    "incomeBeforeTax": 173500000,
    "incomeBeforeTaxRatio": 0.1253522144,
    "incomeTaxExpense": 65900000,
    "netIncome": 107600000,
    "netIncomeRatio": 0.0777400477,
    "eps": 0.21,
    "epsdiluted": 0.21,
    "weightedAverageShsOut": 504375000,
    "weightedAverageShsOutDil": 512380952,
    "link": "https://www.sec.gov/Archives/edgar/data/89800/0000950152-99-006965-index.html",
    "finalLink": "https://www.sec.gov/Archives/edgar/data/89800/000095015299006965/0000950152-99-006965.txt"
  },
  {
    "date": "1999-03-31",
    "symbol": "SHW",
    "reportedCurrency": "USD",
    "cik": "0000089800",
    "fillingDate": "1999-05-17",
    "acceptedDate": "1999-05-17 00:00:00",
    "calendarYear": "1999",
    "period": "Q1",
    "revenue": 1127900000,
    "costOfRevenue": 613466000,
    "grossProfit": 514401000,
    "grossProfitRatio": 0.456069687,
    "researchAndDevelopmentExpenses": 0,
    "generalAndAdministrativeExpenses": 0,
    "sellingAndMarketingExpenses": 0,
    "sellingGeneralAndAdministrativeExpenses": 411613000,
    "otherExpenses": 37315000,
    "operatingExpenses": 448928000,
    "costAndExpenses": 1062394000,
    "interestIncome": 0,
    "interestExpense": 0,
    "depreciationAndAmortization": 37315000,
    "ebitda": 102788000,
    "ebitdaratio": 0.0911321926,
    "operatingIncome": 65473000,
    "operatingIncomeRatio": 0.0580485859,
    "totalOtherIncomeExpensesNet": -19027000,
    "incomeBeforeTax": 46400000,
    "incomeBeforeTaxRatio": 0.0411383988,
    "incomeTaxExpense": 17600000,
    "netIncome": 28797000,
    "netIncomeRatio": 0.0255315188,
    "eps": 0.0567,
    "epsdiluted": 0.0567,
    "weightedAverageShsOut": 508941408,
    "weightedAverageShsOutDil": 512260932,
    "link": "https://www.sec.gov/Archives/edgar/data/89800/000095015299004563/0000950152-99-004563-index.html",
    "finalLink": "https://www.sec.gov/Archives/edgar/data/89800/"
  },
  {
    "date": "1998-12-31",
    "symbol": "SHW",
    "reportedCurrency": "USD",
    "cik": "0000089800",
    "fillingDate": "1999-03-10",
    "acceptedDate": "1999-03-10 00:00:00",
    "calendarYear": "1998",
    "period": "Q4",
    "revenue": 1111000000,
    "costOfRevenue": 584500000,
    "grossProfit": 526500000,
    "grossProfitRatio": 0.4738973897,
    "researchAndDevelopmentExpenses": 0,
    "generalAndAdministrativeExpenses": 0,
    "sellingAndMarketingExpenses": 0,
    "sellingGeneralAndAdministrativeExpenses": 380700000,
    "otherExpenses": 39000000,
    "operatingExpenses": 419700000,
    "costAndExpenses": 1004200000,
    "interestIncome": 0,
    "interestExpense": 0,
    "depreciationAndAmortization": 39000000,
    "ebitda": 145800000,
    "ebitdaratio": 0.1312331233,
    "operatingIncome": 106800000,
    "operatingIncomeRatio": 0.096129613,
    "totalOtherIncomeExpensesNet": -30200000,
    "incomeBeforeTax": 76600000,
    "incomeBeforeTaxRatio": 0.0689468947,
    "incomeTaxExpense": 29100000,
    "netIncome": 47500000,
    "netIncomeRatio": 0.0427542754,
    "eps": 0.0925,
    "epsdiluted": 0.0919,
    "weightedAverageShsOut": 513552983,
    "weightedAverageShsOutDil": 516862950,
    "link": "https://www.sec.gov/Archives/edgar/data/89800/000095015299001793/0000950152-99-001793-index.html",
    "finalLink": "https://www.sec.gov/Archives/edgar/data/89800/"
  },
  {
    "date": "1998-09-30",
    "symbol": "SHW",
    "reportedCurrency": "USD",
    "cik": "0000089800",
    "fillingDate": "1998-11-16",
    "acceptedDate": "1998-11-16 00:00:00",
    "calendarYear": "1998",
    "period": "Q3",
    "revenue": 1341400000,
    "costOfRevenue": 716600000,
    "grossProfit": 624800000,
    "grossProfitRatio": 0.4657820188,
    "researchAndDevelopmentExpenses": 0,
    "generalAndAdministrativeExpenses": 0,
    "sellingAndMarketingExpenses": 0,
    "sellingGeneralAndAdministrativeExpenses": 404800000,
    "otherExpenses": 36900000,
    "operatingExpenses": 441700000,
    "costAndExpenses": 1158300000,
    "interestIncome": 0,
    "interestExpense": 0,
    "depreciationAndAmortization": 36900000,
    "ebitda": 220000000,
    "ebitdaratio": 0.1640077531,
    "operatingIncome": 183100000,
    "operatingIncomeRatio": 0.13649918,
    "totalOtherIncomeExpensesNet": -20600000,
    "incomeBeforeTax": 162500000,
    "incomeBeforeTaxRatio": 0.1211420904,
    "incomeTaxExpense": 61800000,
    "netIncome": 100700000,
    "netIncomeRatio": 0.0750708215,
    "eps": 0.2,
    "epsdiluted": 0.19,
    "weightedAverageShsOut": 512033898,
    "weightedAverageShsOutDil": 520862069,
    "link": "https://www.sec.gov/Archives/edgar/data/89800/000095015298009007/0000950152-98-009007-index.html",
    "finalLink": "https://www.sec.gov/Archives/edgar/data/89800/"
  },
  {
    "date": "1998-06-30",
    "symbol": "SHW",
    "reportedCurrency": "USD",
    "cik": "0000089800",
    "fillingDate": "1998-08-14",
    "acceptedDate": "1998-08-14 00:00:00",
    "calendarYear": "1998",
    "period": "Q2",
    "revenue": 1377800000,
    "costOfRevenue": 741900000,
    "grossProfit": 635900000,
    "grossProfitRatio": 0.4615328785,
    "researchAndDevelopmentExpenses": 0,
    "generalAndAdministrativeExpenses": 0,
    "sellingAndMarketingExpenses": 0,
    "sellingGeneralAndAdministrativeExpenses": 418600000,
    "otherExpenses": 36400000,
    "operatingExpenses": 455000000,
    "costAndExpenses": 1196900000,
    "interestIncome": 0,
    "interestExpense": 0,
    "depreciationAndAmortization": 36400000,
    "ebitda": 217300000,
    "ebitdaratio": 0.1577151981,
    "operatingIncome": 180900000,
    "operatingIncomeRatio": 0.1312962694,
    "totalOtherIncomeExpensesNet": -20400000,
    "incomeBeforeTax": 160500000,
    "incomeBeforeTaxRatio": 0.1164900566,
    "incomeTaxExpense": 61000000,
    "netIncome": 99500000,
    "netIncomeRatio": 0.0722165772,
    "eps": 0.19,
    "epsdiluted": 0.19,
    "weightedAverageShsOut": 514655172,
    "weightedAverageShsOutDil": 523684211,
    "link": "https://www.sec.gov/Archives/edgar/data/89800/000095015298006778/0000950152-98-006778-index.html",
    "finalLink": "https://www.sec.gov/Archives/edgar/data/89800/"
  },
  {
    "date": "1998-03-31",
    "symbol": "SHW",
    "reportedCurrency": "USD",
    "cik": "0000089800",
    "fillingDate": "1998-05-14",
    "acceptedDate": "1998-05-14 00:00:00",
    "calendarYear": "1998",
    "period": "Q1",
    "revenue": 1104100000,
    "costOfRevenue": 613600000,
    "grossProfit": 490500000,
    "grossProfitRatio": 0.4442532379,
    "researchAndDevelopmentExpenses": 0,
    "generalAndAdministrativeExpenses": 0,
    "sellingAndMarketingExpenses": 0,
    "sellingGeneralAndAdministrativeExpenses": 394200000,
    "otherExpenses": 35600000,
    "operatingExpenses": 429800000,
    "costAndExpenses": 1043400000,
    "interestIncome": 0,
    "interestExpense": 0,
    "depreciationAndAmortization": 35600000,
    "ebitda": 96300000,
    "ebitdaratio": 0.0872203605,
    "operatingIncome": 60700000,
    "operatingIncomeRatio": 0.0549769043,
    "totalOtherIncomeExpensesNet": -20100000,
    "incomeBeforeTax": 40600000,
    "incomeBeforeTaxRatio": 0.0367720315,
    "incomeTaxExpense": 15400000,
    "netIncome": 25200000,
    "netIncomeRatio": 0.0228240196,
    "eps": 0.05,
    "epsdiluted": 0.0467,
    "weightedAverageShsOut": 504000000,
    "weightedAverageShsOutDil": 540000000,
    "link": "https://www.sec.gov/Archives/edgar/data/89800/000095015298004470/0000950152-98-004470-index.html",
    "finalLink": "https://www.sec.gov/Archives/edgar/data/89800/"
  },
  {
    "date": "1997-12-31",
    "symbol": "SHW",
    "reportedCurrency": "USD",
    "cik": "0000089800",
    "fillingDate": "1998-03-11",
    "acceptedDate": "1998-03-11 00:00:00",
    "calendarYear": "1997",
    "period": "Q4",
    "revenue": 1091400000,
    "costOfRevenue": 583300000,
    "grossProfit": 508100000,
    "grossProfitRatio": 0.4655488364,
    "researchAndDevelopmentExpenses": 0,
    "generalAndAdministrativeExpenses": 0,
    "sellingAndMarketingExpenses": 0,
    "sellingGeneralAndAdministrativeExpenses": 368500000,
    "otherExpenses": 36000000,
    "operatingExpenses": 404500000,
    "costAndExpenses": 987800000,
    "interestIncome": 0,
    "interestExpense": 0,
    "depreciationAndAmortization": 36000000,
    "ebitda": 139600000,
    "ebitdaratio": 0.1279091076,
    "operatingIncome": 103600000,
    "operatingIncomeRatio": 0.0949239509,
    "totalOtherIncomeExpensesNet": -29600000,
    "incomeBeforeTax": 74000000,
    "incomeBeforeTaxRatio": 0.0678028221,
    "incomeTaxExpense": 28900000,
    "netIncome": 45100000,
    "netIncomeRatio": 0.0413230713,
    "eps": 0.0883,
    "epsdiluted": 0.085,
    "weightedAverageShsOut": 510874172,
    "weightedAverageShsOutDil": 530600000,
    "link": "https://www.sec.gov/Archives/edgar/data/89800/000095015298001897/0000950152-98-001897-index.html",
    "finalLink": "https://www.sec.gov/Archives/edgar/data/89800/"
  },
  {
    "date": "1997-09-30",
    "symbol": "SHW",
    "reportedCurrency": "USD",
    "cik": "0000089800",
    "fillingDate": "1997-11-14",
    "acceptedDate": "1997-11-14 00:00:00",
    "calendarYear": "1997",
    "period": "Q3",
    "revenue": 1346500000,
    "costOfRevenue": 726300000,
    "grossProfit": 620200000,
    "grossProfitRatio": 0.4606015596,
    "researchAndDevelopmentExpenses": 0,
    "generalAndAdministrativeExpenses": 0,
    "sellingAndMarketingExpenses": 0,
    "sellingGeneralAndAdministrativeExpenses": 398100000,
    "otherExpenses": 36800000,
    "operatingExpenses": 434900000,
    "costAndExpenses": 1161200000,
    "interestIncome": 0,
    "interestExpense": 0,
    "depreciationAndAmortization": 36800000,
    "ebitda": 222100000,
    "ebitdaratio": 0.1649461567,
    "operatingIncome": 185300000,
    "operatingIncomeRatio": 0.1376160416,
    "totalOtherIncomeExpensesNet": -22700000,
    "incomeBeforeTax": 162600000,
    "incomeBeforeTaxRatio": 0.1207575195,
    "incomeTaxExpense": 63400000,
    "netIncome": 99200000,
    "netIncomeRatio": 0.0736724842,
    "eps": 0.19,
    "epsdiluted": 0.19,
    "weightedAverageShsOut": 513103448,
    "weightedAverageShsOutDil": 513103448,
    "link": "https://www.sec.gov/Archives/edgar/data/89800/000095015297008046/0000950152-97-008046-index.html",
    "finalLink": "https://www.sec.gov/Archives/edgar/data/89800/"
  },
  {
    "date": "1997-06-30",
    "symbol": "SHW",
    "reportedCurrency": "USD",
    "cik": "0000089800",
    "fillingDate": "1997-08-13",
    "acceptedDate": "1997-08-13 00:00:00",
    "calendarYear": "1997",
    "period": "Q2",
    "revenue": 1373400000,
    "costOfRevenue": 745700000,
    "grossProfit": 627700000,
    "grossProfitRatio": 0.4570409203,
    "researchAndDevelopmentExpenses": 0,
    "generalAndAdministrativeExpenses": 0,
    "sellingAndMarketingExpenses": 0,
    "sellingGeneralAndAdministrativeExpenses": 419000000,
    "otherExpenses": 30100000,
    "operatingExpenses": 449100000,
    "costAndExpenses": 1194800000,
    "interestIncome": 0,
    "interestExpense": 0,
    "depreciationAndAmortization": 30100000,
    "ebitda": 208700000,
    "ebitdaratio": 0.1519586428,
    "operatingIncome": 178600000,
    "operatingIncomeRatio": 0.130042231,
    "totalOtherIncomeExpensesNet": -25800000,
    "incomeBeforeTax": 152800000,
    "incomeBeforeTaxRatio": 0.1112567351,
    "incomeTaxExpense": 59600000,
    "netIncome": 93200000,
    "netIncomeRatio": 0.0678607835,
    "eps": 0.18,
    "epsdiluted": 0.18,
    "weightedAverageShsOut": 517777778,
    "weightedAverageShsOutDil": 517777778,
    "link": "https://www.sec.gov/Archives/edgar/data/89800/000095015297005915/0000950152-97-005915-index.html",
    "finalLink": "https://www.sec.gov/Archives/edgar/data/89800/"
  },
  {
    "date": "1997-03-31",
    "symbol": "SHW",
    "reportedCurrency": "USD",
    "cik": "0000089800",
    "fillingDate": "1997-05-14",
    "acceptedDate": "1997-05-14 00:00:00",
    "calendarYear": "1997",
    "period": "Q1",
    "revenue": 1069800000,
    "costOfRevenue": 589900000,
    "grossProfit": 479900000,
    "grossProfitRatio": 0.4485885212,
    "researchAndDevelopmentExpenses": 0,
    "generalAndAdministrativeExpenses": 0,
    "sellingAndMarketingExpenses": 0,
    "sellingGeneralAndAdministrativeExpenses": 387900000,
    "otherExpenses": 36300000,
    "operatingExpenses": 424200000,
    "costAndExpenses": 1014100000,
    "interestIncome": 0,
    "interestExpense": 0,
    "depreciationAndAmortization": 36300000,
    "ebitda": 92000000,
    "ebitdaratio": 0.0859973827,
    "operatingIncome": 55700000,
    "operatingIncomeRatio": 0.0520658067,
    "totalOtherIncomeExpensesNet": -17800000,
    "incomeBeforeTax": 37900000,
    "incomeBeforeTaxRatio": 0.0354271827,
    "incomeTaxExpense": 14800000,
    "netIncome": 23100000,
    "netIncomeRatio": 0.0215928211,
    "eps": 0.0433,
    "epsdiluted": 0.0433,
    "weightedAverageShsOut": 533076923,
    "weightedAverageShsOutDil": 533076923,
    "link": "https://www.sec.gov/Archives/edgar/data/89800/000095015297003858/0000950152-97-003858-index.html",
    "finalLink": "https://www.sec.gov/Archives/edgar/data/89800/"
  },
  {
    "date": "1996-12-31",
    "symbol": "SHW",
    "reportedCurrency": "USD",
    "cik": "0000089800",
    "fillingDate": "1997-03-12",
    "acceptedDate": "1997-03-12 00:00:00",
    "calendarYear": "1996",
    "period": "Q4",
    "revenue": 958900000,
    "costOfRevenue": 503100000,
    "grossProfit": 455800000,
    "grossProfitRatio": 0.4753363229,
    "researchAndDevelopmentExpenses": 0,
    "generalAndAdministrativeExpenses": 0,
    "sellingAndMarketingExpenses": 0,
    "sellingGeneralAndAdministrativeExpenses": 340700000,
    "otherExpenses": 27800000,
    "operatingExpenses": 368500000,
    "costAndExpenses": 871600000,
    "interestIncome": 0,
    "interestExpense": 0,
    "depreciationAndAmortization": 27800000,
    "ebitda": 115100000,
    "ebitdaratio": 0.1200333716,
    "operatingIncome": 87300000,
    "operatingIncomeRatio": 0.0910418188,
    "totalOtherIncomeExpensesNet": -23400000,
    "incomeBeforeTax": 63900000,
    "incomeBeforeTaxRatio": 0.066638857,
    "incomeTaxExpense": 24700000,
    "netIncome": 39200000,
    "netIncomeRatio": 0.0408801752,
    "eps": 0.0749,
    "epsdiluted": 0.0747,
    "weightedAverageShsOut": 523105626,
    "weightedAverageShsOutDil": 525034702,
    "link": "https://www.sec.gov/Archives/edgar/data/89800/000095015297001793/0000950152-97-001793-index.html",
    "finalLink": "https://www.sec.gov/Archives/edgar/data/89800/"
  },
  {
    "date": "1996-09-30",
    "symbol": "SHW",
    "reportedCurrency": "USD",
    "cik": "0000089800",
    "fillingDate": "1996-11-13",
    "acceptedDate": "1996-11-13 00:00:00",
    "calendarYear": "1996",
    "period": "Q3",
    "revenue": 1171000000,
    "costOfRevenue": 653000000,
    "grossProfit": 518000000,
    "grossProfitRatio": 0.4423569599,
    "researchAndDevelopmentExpenses": 0,
    "generalAndAdministrativeExpenses": 0,
    "sellingAndMarketingExpenses": 0,
    "sellingGeneralAndAdministrativeExpenses": 338200000,
    "otherExpenses": 25800000,
    "operatingExpenses": 364000000,
    "costAndExpenses": 1017000000,
    "interestIncome": 0,
    "interestExpense": 0,
    "depreciationAndAmortization": 25800000,
    "ebitda": 179800000,
    "ebitdaratio": 0.1535439795,
    "operatingIncome": 154000000,
    "operatingIncomeRatio": 0.1315115286,
    "totalOtherIncomeExpensesNet": -6100000,
    "incomeBeforeTax": 147900000,
    "incomeBeforeTaxRatio": 0.1263023057,
    "incomeTaxExpense": 59300000,
    "netIncome": 88600000,
    "netIncomeRatio": 0.0756618275,
    "eps": 0.17,
    "epsdiluted": 0.17,
    "weightedAverageShsOut": 511153846,
    "weightedAverageShsOutDil": 511153846,
    "link": "https://www.sec.gov/Archives/edgar/data/89800/000095015296006012/0000950152-96-006012-index.html",
    "finalLink": "https://www.sec.gov/Archives/edgar/data/89800/"
  },
  {
    "date": "1996-06-30",
    "symbol": "SHW",
    "reportedCurrency": "USD",
    "cik": "0000089800",
    "fillingDate": "1996-08-13",
    "acceptedDate": "1996-08-13 00:00:00",
    "calendarYear": "1996",
    "period": "Q2",
    "revenue": 1145300000,
    "costOfRevenue": 649600000,
    "grossProfit": 495700000,
    "grossProfitRatio": 0.4328123636,
    "researchAndDevelopmentExpenses": 0,
    "generalAndAdministrativeExpenses": 0,
    "sellingAndMarketingExpenses": 0,
    "sellingGeneralAndAdministrativeExpenses": 330500000,
    "otherExpenses": 25700000,
    "operatingExpenses": 356200000,
    "costAndExpenses": 1005800000,
    "interestIncome": 0,
    "interestExpense": 0,
    "depreciationAndAmortization": 25700000,
    "ebitda": 165200000,
    "ebitdaratio": 0.1442416834,
    "operatingIncome": 139500000,
    "operatingIncomeRatio": 0.1218021479,
    "totalOtherIncomeExpensesNet": -7400000,
    "incomeBeforeTax": 132100000,
    "incomeBeforeTaxRatio": 0.1153409587,
    "incomeTaxExpense": 50200000,
    "netIncome": 81900000,
    "netIncomeRatio": 0.0715096481,
    "eps": 0.16,
    "epsdiluted": 0.16,
    "weightedAverageShsOut": 511875000,
    "weightedAverageShsOutDil": 511875000,
    "link": "https://www.sec.gov/Archives/edgar/data/89800/000095015296004078/0000950152-96-004078-index.html",
    "finalLink": "https://www.sec.gov/Archives/edgar/data/89800/"
  },
  {
    "date": "1996-03-31",
    "symbol": "SHW",
    "reportedCurrency": "USD",
    "cik": "0000089800",
    "fillingDate": "1996-05-14",
    "acceptedDate": "1996-05-14 00:00:00",
    "calendarYear": "1996",
    "period": "Q1",
    "revenue": 857800000,
    "costOfRevenue": 496000000,
    "grossProfit": 361800000,
    "grossProfitRatio": 0.4217766379,
    "researchAndDevelopmentExpenses": 0,
    "generalAndAdministrativeExpenses": 0,
    "sellingAndMarketingExpenses": 0,
    "sellingGeneralAndAdministrativeExpenses": 299700000,
    "otherExpenses": 24300000,
    "operatingExpenses": 324000000,
    "costAndExpenses": 820000000,
    "interestIncome": 0,
    "interestExpense": 0,
    "depreciationAndAmortization": 24300000,
    "ebitda": 62100000,
    "ebitdaratio": 0.0723944976,
    "operatingIncome": 37800000,
    "operatingIncomeRatio": 0.0440662159,
    "totalOtherIncomeExpensesNet": -6200000,
    "incomeBeforeTax": 31600000,
    "incomeBeforeTaxRatio": 0.0368384239,
    "incomeTaxExpense": 12000000,
    "netIncome": 19600000,
    "netIncomeRatio": 0.022849149,
    "eps": 0.0367,
    "epsdiluted": 0.0367,
    "weightedAverageShsOut": 534545455,
    "weightedAverageShsOutDil": 534545455,
    "link": "https://www.sec.gov/Archives/edgar/data/89800/0000950152-96-002410-index.html",
    "finalLink": "https://www.sec.gov/Archives/edgar/data/89800/0000950152-96-002410.txt"
  },
  {
    "date": "1995-12-31",
    "symbol": "SHW",
    "reportedCurrency": "USD",
    "cik": "0000089800",
    "fillingDate": "1996-03-13",
    "acceptedDate": "1996-03-13 00:00:00",
    "calendarYear": "1995",
    "period": "Q4",
    "revenue": 740900000,
    "costOfRevenue": 393500000,
    "grossProfit": 347400000,
    "grossProfitRatio": 0.4688891888,
    "researchAndDevelopmentExpenses": 0,
    "generalAndAdministrativeExpenses": 0,
    "sellingAndMarketingExpenses": 0,
    "sellingGeneralAndAdministrativeExpenses": 265800000,
    "otherExpenses": 21700000,
    "operatingExpenses": 287500000,
    "costAndExpenses": 681000000,
    "interestIncome": 0,
    "interestExpense": 0,
    "depreciationAndAmortization": 21700000,
    "ebitda": 81600000,
    "ebitdaratio": 0.1101363207,
    "operatingIncome": 59900000,
    "operatingIncomeRatio": 0.0808476178,
    "totalOtherIncomeExpensesNet": -6300000,
    "incomeBeforeTax": 53600000,
    "incomeBeforeTaxRatio": 0.0723444459,
    "incomeTaxExpense": 19800000,
    "netIncome": 33800000,
    "netIncomeRatio": 0.0456201917,
    "eps": 0.0644,
    "epsdiluted": 0.0644,
    "weightedAverageShsOut": 524580420,
    "weightedAverageShsOutDil": 524580420,
    "link": "https://www.sec.gov/Archives/edgar/data/89800/000095015296000949/0000950152-96-000949-index.html",
    "finalLink": "https://www.sec.gov/Archives/edgar/data/89800/"
  },
  {
    "date": "1995-09-30",
    "symbol": "SHW",
    "reportedCurrency": "USD",
    "cik": "0000089800",
    "fillingDate": "1995-11-13",
    "acceptedDate": "1995-11-13 00:00:00",
    "calendarYear": "1995",
    "period": "Q3",
    "revenue": 911300000,
    "costOfRevenue": 502200000,
    "grossProfit": 409100000,
    "grossProfitRatio": 0.4489191265,
    "researchAndDevelopmentExpenses": 0,
    "generalAndAdministrativeExpenses": 0,
    "sellingAndMarketingExpenses": 0,
    "sellingGeneralAndAdministrativeExpenses": 274000000,
    "otherExpenses": 18700000,
    "operatingExpenses": 292700000,
    "costAndExpenses": 794900000,
    "interestIncome": 0,
    "interestExpense": 0,
    "depreciationAndAmortization": 19300000,
    "ebitda": 135700000,
    "ebitdaratio": 0.1489081532,
    "operatingIncome": 116400000,
    "operatingIncomeRatio": 0.127729617,
    "totalOtherIncomeExpensesNet": 2500000,
    "incomeBeforeTax": 118900000,
    "incomeBeforeTaxRatio": 0.1304729507,
    "incomeTaxExpense": 44000000,
    "netIncome": 74900000,
    "netIncomeRatio": 0.0821902776,
    "eps": 0.15,
    "epsdiluted": 0.15,
    "weightedAverageShsOut": 510681818,
    "weightedAverageShsOutDil": 510681818,
    "link": "https://www.sec.gov/Archives/edgar/data/89800/000095015295002597/0000950152-95-002597-index.html",
    "finalLink": "https://www.sec.gov/Archives/edgar/data/89800/"
  }
]