[
  {
    "date": "2024-12-31",
    "symbol": "SHW",
    "reportedCurrency": "USD",
    "cik": "0000089800",
    "fillingDate": "2025-02-20",
    "acceptedDate": "2025-02-20 17:24:24",
    "calendarYear": "2024",
    "period": "FY",
    "revenue": 23098500000,
    "costOfRevenue": 11903400000,
    "grossProfit": 11195100000,
    "grossProfitRatio": 0.4846678356,
    "researchAndDevelopmentExpenses": 0,
    "generalAndAdministrativeExpenses": 7434500000,
    "sellingAndMarketingExpenses": 0,
    "sellingGeneralAndAdministrativeExpenses": 7434500000,
    "otherExpenses": -1300000,
    "operatingExpenses": 7433200000,
    "costAndExpenses": 19336600000,
    "interestIncome": 11000000,
    "interestExpense": 431400000,
    "depreciationAndAmortization": 624000000,
    "ebitda": 4491500000,
    "ebitdaratio": 0.1944498561,
    "operatingIncome": 3761900000,
    "operatingIncomeRatio": 0.1628633894,
    "totalOtherIncomeExpensesNet": -310100000,
    "incomeBeforeTax": 3451800000,
    "incomeBeforeTaxRatio": 0.1494382752,
    "incomeTaxExpense": 770400000,
    "netIncome": 2681400000,
    "netIncomeRatio": 0.1160854601,
    "eps": 10.68,
    "epsdiluted": 10.55,
    "weightedAverageShsOut": 254100000,
    "weightedAverageShsOutDil": 254100000,
    "link": "https://www.sec.gov/Archives/edgar/data/89800/000008980025000030/0000089800-25-000030-index.htm",
    "finalLink": "https://www.sec.gov/Archives/edgar/data/89800/000008980025000030/shw-20241231.htm"
  },
  {
    "date": "2023-12-31",
    "symbol": "SHW",
    "reportedCurrency": "USD",
    "cik": "0000089800",
    "fillingDate": "2024-02-20",
    "acceptedDate": "2024-02-20 15:57:54",
    "calendarYear": "2023",
    "period": "FY",
    "revenue": 23051900000,
    "costOfRevenue": 12293800000,
    "grossProfit": 10758100000,
    "grossProfitRatio": 0.4666903813,
    "researchAndDevelopmentExpenses": 0,
    "generalAndAdministrativeExpenses": 7071000000,
    "sellingAndMarketingExpenses": 0,
    "sellingGeneralAndAdministrativeExpenses": 7071000000,
    "otherExpenses": 80700000,
    "operatingExpenses": 7151700000,
    "costAndExpenses": 19445500000,
    "interestIncome": 25200000,
    "interestExpense": 432500000,
    "depreciationAndAmortization": 622500000,
    "ebitda": 4149900000,
    "ebitdaratio": 0.1800242062,
    "operatingIncome": 3606400000,
    "operatingIncomeRatio": 0.156446974,
    "totalOtherIncomeExpensesNet": -496500000,
    "incomeBeforeTax": 3109900000,
    "incomeBeforeTaxRatio": 0.1349086192,
    "incomeTaxExpense": 721100000,
    "netIncome": 2388800000,
    "netIncomeRatio": 0.1036270329,
    "eps": 9.35,
    "epsdiluted": 9.25,
    "weightedAverageShsOut": 255400000,
    "weightedAverageShsOutDil": 258300000,
    "link": "https://www.sec.gov/Archives/edgar/data/89800/000008980024000033/0000089800-24-000033-index.htm",
    "finalLink": "https://www.sec.gov/Archives/edgar/data/89800/000008980024000033/shw-20231231.htm"
  },
  {
    "date": "2022-12-31",
    "symbol": "SHW",
    "reportedCurrency": "USD",
    "cik": "0000089800",
    "fillingDate": "2023-02-22",
    "acceptedDate": "2023-02-22 15:39:08",
    "calendarYear": "2022",
    "period": "FY",
    "revenue": 22148900000,
    "costOfRevenue": 12823800000,
    "grossProfit": 9325100000,
    "grossProfitRatio": 0.421018651,
    "researchAndDevelopmentExpenses": 0,
    "generalAndAdministrativeExpenses": 6331600000,
    "sellingAndMarketingExpenses": 0,
    "sellingGeneralAndAdministrativeExpenses": 6331600000,
    "otherExpenses": -7100000,
    "operatingExpenses": 6324500000,
    "costAndExpenses": 19148300000,
    "interestIncome": 8000000,
    "interestExpense": 403000000,
    "depreciationAndAmortization": 581100000,
    "ebitda": 3545000000,
    "ebitdaratio": 0.1600530952,
    "operatingIncome": 3000600000,
    "operatingIncomeRatio": 0.1354739965,
    "totalOtherIncomeExpensesNet": -427500000,
    "incomeBeforeTax": 2573100000,
    "incomeBeforeTaxRatio": 0.1161728122,
    "incomeTaxExpense": 553000000,
    "netIncome": 2020100000,
    "netIncomeRatio": 0.0912054323,
    "eps": 7.83,
    "epsdiluted": 7.72,
    "weightedAverageShsOut": 258000000,
    "weightedAverageShsOutDil": 261800000,
    "link": "https://www.sec.gov/Archives/edgar/data/89800/000008980023000007/0000089800-23-000007-index.htm",
    "finalLink": "https://www.sec.gov/Archives/edgar/data/89800/000008980023000007/shw-20221231.htm"
  },
  {
    "date": "2021-12-31",
    "symbol": "SHW",
    "reportedCurrency": "USD",
    "cik": "0000089800",
    "fillingDate": "2022-02-17",
    "acceptedDate": "2022-02-17 16:32:56",
    "calendarYear": "2021",
    "period": "FY",
    "revenue": 19944600000,
    "costOfRevenue": 11401900000,
    "grossProfit": 8542700000,
    "grossProfitRatio": 0.4283214504,
    "researchAndDevelopmentExpenses": 0,
    "generalAndAdministrativeExpenses": 5882000000,
    "sellingAndMarketingExpenses": 0,
    "sellingGeneralAndAdministrativeExpenses": 5882000000,
    "otherExpenses": -4000000,
    "operatingExpenses": 5878000000,
    "costAndExpenses": 17279900000,
    "interestIncome": 4900000,
    "interestExpense": 345000000,
    "depreciationAndAmortization": 572600000,
    "ebitda": 3155900000,
    "ebitdaratio": 0.1582333063,
    "operatingIncome": 2664700000,
    "operatingIncomeRatio": 0.1336050861,
    "totalOtherIncomeExpensesNet": -416100000,
    "incomeBeforeTax": 2248600000,
    "incomeBeforeTaxRatio": 0.1127422962,
    "incomeTaxExpense": 384200000,
    "netIncome": 1864400000,
    "netIncomeRatio": 0.0934789367,
    "eps": 7.1,
    "epsdiluted": 6.98,
    "weightedAverageShsOut": 262500000,
    "weightedAverageShsOutDil": 267100000,
    "link": "https://www.sec.gov/Archives/edgar/data/89800/000008980022000007/0000089800-22-000007-index.htm",
    "finalLink": "https://www.sec.gov/Archives/edgar/data/89800/000008980022000007/shw-20211231.htm"
  },
  {
    "date": "2020-12-31",
    "symbol": "SHW",
    "reportedCurrency": "USD",
    "cik": "0000089800",
    "fillingDate": "2021-02-19",
    "acceptedDate": "2021-02-19 11:42:20",
    "calendarYear": "2020",
    "period": "FY",
    "revenue": 18361700000,
    "costOfRevenue": 9679100000,
    "grossProfit": 8682600000,
    "grossProfitRatio": 0.472864713,
    "researchAndDevelopmentExpenses": 0,
    "generalAndAdministrativeExpenses": 5477900000,
    "sellingAndMarketingExpenses": 0,
    "sellingGeneralAndAdministrativeExpenses": 5477900000,
    "otherExpenses": 3204700000,
    "operatingExpenses": 8682600000,
    "costAndExpenses": 18361700000,
    "interestIncome": 3600000,
    "interestExpense": 350800000,
    "depreciationAndAmortization": 581400000,
    "ebitda": 3441000000,
    "ebitdaratio": 0.1874009487,
    "operatingIncome": 0,
    "operatingIncomeRatio": 0,
    "totalOtherIncomeExpensesNet": 2519200000,
    "incomeBeforeTax": 2519200000,
    "incomeBeforeTaxRatio": 0.1371986254,
    "incomeTaxExpense": 488800000,
    "netIncome": 2030400000,
    "netIncomeRatio": 0.1105779966,
    "eps": 7.48,
    "epsdiluted": 7.36,
    "weightedAverageShsOut": 271277577,
    "weightedAverageShsOutDil": 275827863,
    "link": "https://www.sec.gov/Archives/edgar/data/89800/000008980021000010/0000089800-21-000010-index.htm",
    "finalLink": "https://www.sec.gov/Archives/edgar/data/89800/000008980021000010/shw-20201231.htm"
  },
  {
    "date": "2019-12-31",
    "symbol": "SHW",
    "reportedCurrency": "USD",
    "cik": "0000089800",
    "fillingDate": "2020-02-21",
    "acceptedDate": "2020-02-21 15:03:26",
    "calendarYear": "2019",
    "period": "FY",
    "revenue": 17900800000,
    "costOfRevenue": 9864700000,
    "grossProfit": 8036100000,
    "grossProfitRatio": 0.4489240704,
    "researchAndDevelopmentExpenses": 0,
    "generalAndAdministrativeExpenses": 5274900000,
    "sellingAndMarketingExpenses": 0,
    "sellingGeneralAndAdministrativeExpenses": 5274900000,
    "otherExpenses": 335800000,
    "operatingExpenses": 5610700000,
    "costAndExpenses": 15475400000,
    "interestIncome": 25900000,
    "interestExpense": 360000000,
    "depreciationAndAmortization": 574900000,
    "ebitda": 2906000000,
    "ebitdaratio": 0.1623391133,
    "operatingIncome": 2425400000,
    "operatingIncomeRatio": 0.1354911512,
    "totalOtherIncomeExpensesNet": -443600000,
    "incomeBeforeTax": 1981800000,
    "incomeBeforeTaxRatio": 0.1107101359,
    "incomeTaxExpense": 440500000,
    "netIncome": 1541300000,
    "netIncomeRatio": 0.0861022971,
    "eps": 5.6,
    "epsdiluted": 5.5,
    "weightedAverageShsOut": 275410578,
    "weightedAverageShsOutDil": 280340520,
    "link": "https://www.sec.gov/Archives/edgar/data/89800/000008980020000005/0000089800-20-000005-index.htm",
    "finalLink": "https://www.sec.gov/Archives/edgar/data/89800/000008980020000005/shw-12312019x10k.htm"
  },
  {
    "date": "2018-12-31",
    "symbol": "SHW",
    "reportedCurrency": "USD",
    "cik": "0000089800",
    "fillingDate": "2019-02-22",
    "acceptedDate": "2019-02-22 14:28:10",
    "calendarYear": "2018",
    "period": "FY",
    "revenue": 17534493000,
    "costOfRevenue": 10115900000,
    "grossProfit": 7418600000,
    "grossProfitRatio": 0.4230860852,
    "researchAndDevelopmentExpenses": 0,
    "generalAndAdministrativeExpenses": 5033800000,
    "sellingAndMarketingExpenses": 0,
    "sellingGeneralAndAdministrativeExpenses": 5033800000,
    "otherExpenses": 494400000,
    "operatingExpenses": 5528200000,
    "costAndExpenses": 15644100000,
    "interestIncome": 9562000,
    "interestExpense": 376392000,
    "depreciationAndAmortization": 596300000,
    "ebitda": 2322700000,
    "ebitdaratio": 0.1324646227,
    "operatingIncome": 1890400000,
    "operatingIncomeRatio": 0.1078103598,
    "totalOtherIncomeExpensesNet": -530700000,
    "incomeBeforeTax": 1359650000,
    "incomeBeforeTaxRatio": 0.0775414493,
    "incomeTaxExpense": 250904000,
    "netIncome": 1108746000,
    "netIncomeRatio": 0.0632322817,
    "eps": 3.97,
    "epsdiluted": 3.89,
    "weightedAverageShsOut": 278977371,
    "weightedAverageShsOutDil": 284964210,
    "link": "https://www.sec.gov/Archives/edgar/data/89800/000008980019000004/0000089800-19-000004-index.htm",
    "finalLink": "https://www.sec.gov/Archives/edgar/data/89800/000008980019000004/shw-12312018x10k.htm"
  },
  {
    "date": "2017-12-31",
    "symbol": "SHW",
    "reportedCurrency": "USD",
    "cik": "0000089800",
    "fillingDate": "2018-02-23",
    "acceptedDate": "2018-02-23 14:11:44",
    "calendarYear": "2017",
    "period": "FY",
    "revenue": 14983788000,
    "costOfRevenue": 8265000000,
    "grossProfit": 6718800000,
    "grossProfitRatio": 0.4484046357,
    "researchAndDevelopmentExpenses": 0,
    "generalAndAdministrativeExpenses": 4797600000,
    "sellingAndMarketingExpenses": 0,
    "sellingGeneralAndAdministrativeExpenses": 4797600000,
    "otherExpenses": 222200000,
    "operatingExpenses": 5019800000,
    "costAndExpenses": 13284800000,
    "interestIncome": 16219000,
    "interestExpense": 273314000,
    "depreciationAndAmortization": 491800000,
    "ebitda": 2224600000,
    "ebitdaratio": 0.1484671299,
    "operatingIncome": 1699000000,
    "operatingIncomeRatio": 0.1133892177,
    "totalOtherIncomeExpensesNet": -229700000,
    "incomeBeforeTax": 1528219000,
    "incomeBeforeTaxRatio": 0.1019914991,
    "incomeTaxExpense": -285583000,
    "netIncome": 1772262000,
    "netIncomeRatio": 0.1182786355,
    "eps": 6.36,
    "epsdiluted": 6.22,
    "weightedAverageShsOut": 278725914,
    "weightedAverageShsOutDil": 284781639,
    "link": "https://www.sec.gov/Archives/edgar/data/89800/000008980018000004/0000089800-18-000004-index.htm",
    "finalLink": "https://www.sec.gov/Archives/edgar/data/89800/000008980018000004/shw-12312017x10k.htm"
  },
  {
    "date": "2016-12-31",
    "symbol": "SHW",
    "reportedCurrency": "USD",
    "cik": "0000089800",
    "fillingDate": "2017-02-22",
    "acceptedDate": "2017-02-22 14:13:20",
    "calendarYear": "2016",
    "period": "FY",
    "revenue": 11855602000,
    "costOfRevenue": 5934344000,
    "grossProfit": 5921258000,
    "grossProfitRatio": 0.499448109,
    "researchAndDevelopmentExpenses": 0,
    "generalAndAdministrativeExpenses": 4140260000,
    "sellingAndMarketingExpenses": 0,
    "sellingGeneralAndAdministrativeExpenses": 4140260000,
    "otherExpenses": 68336000,
    "operatingExpenses": 4208596000,
    "costAndExpenses": 10142940000,
    "interestIncome": 4960000,
    "interestExpense": 89911000,
    "depreciationAndAmortization": 197478000,
    "ebitda": 1946799000,
    "ebitdaratio": 0.1642092068,
    "operatingIncome": 1712662000,
    "operatingIncomeRatio": 0.1444601464,
    "totalOtherIncomeExpensesNet": -117429000,
    "incomeBeforeTax": 1595233000,
    "incomeBeforeTaxRatio": 0.1345552086,
    "incomeTaxExpense": 462530000,
    "netIncome": 1132703000,
    "netIncomeRatio": 0.0955415845,
    "eps": 4.11,
    "epsdiluted": 4,
    "weightedAverageShsOut": 275515809,
    "weightedAverageShsOutDil": 283464258,
    "link": "https://www.sec.gov/Archives/edgar/data/89800/000008980017000005/0000089800-17-000005-index.htm",
    "finalLink": "https://www.sec.gov/Archives/edgar/data/89800/000008980017000005/shw-12312016x10k.htm"
  },
  {
    "date": "2015-12-31",
    "symbol": "SHW",
    "reportedCurrency": "USD",
    "cik": "0000089800",
    "fillingDate": "2016-02-24",
    "acceptedDate": "2016-02-24 14:23:45",
    "calendarYear": "2015",
    "period": "FY",
    "revenue": 11339304000,
    "costOfRevenue": 5779691000,
    "grossProfit": 5559613000,
    "grossProfitRatio": 0.4902957889,
    "researchAndDevelopmentExpenses": 0,
    "generalAndAdministrativeExpenses": 3885668000,
    "sellingAndMarketingExpenses": 0,
    "sellingGeneralAndAdministrativeExpenses": 3885668000,
    "otherExpenses": 59308000,
    "operatingExpenses": 3944976000,
    "costAndExpenses": 9724667000,
    "interestIncome": 1399000,
    "interestExpense": 72882000,
    "depreciationAndAmortization": 198560000,
    "ebitda": 1809317000,
    "ebitdaratio": 0.1595615569,
    "operatingIncome": 1614637000,
    "operatingIncomeRatio": 0.1423929546,
    "totalOtherIncomeExpensesNet": -65671000,
    "incomeBeforeTax": 1548966000,
    "incomeBeforeTaxRatio": 0.1366015057,
    "incomeTaxExpense": 495117000,
    "netIncome": 1053849000,
    "netIncomeRatio": 0.0929377147,
    "eps": 3.79,
    "epsdiluted": 3.72,
    "weightedAverageShsOut": 276591621,
    "weightedAverageShsOutDil": 282072408,
    "link": "https://www.sec.gov/Archives/edgar/data/89800/000008980016000026/0000089800-16-000026-index.htm",
    "finalLink": "https://www.sec.gov/Archives/edgar/data/89800/000008980016000026/shw-12312015x10k.htm"
  },
  {
    "date": "2014-12-31",
    "symbol": "SHW",
    "reportedCurrency": "USD",
    "cik": "0000089800",
    "fillingDate": "2015-02-25",
    "acceptedDate": "2015-02-25 14:18:55",
    "calendarYear": "2014",
    "period": "FY",
    "revenue": 11129533000,
    "costOfRevenue": 5965049000,
    "grossProfit": 5164484000,
    "grossProfitRatio": 0.4640342052,
    "researchAndDevelopmentExpenses": 0,
    "generalAndAdministrativeExpenses": 3822966000,
    "sellingAndMarketingExpenses": 0,
    "sellingGeneralAndAdministrativeExpenses": 3822966000,
    "otherExpenses": 36046000,
    "operatingExpenses": 3859012000,
    "costAndExpenses": 9824061000,
    "interestIncome": 2995000,
    "interestExpense": 64205000,
    "depreciationAndAmortization": 198945000,
    "ebitda": 1521376000,
    "ebitdaratio": 0.1366972001,
    "operatingIncome": 1305472000,
    "operatingIncomeRatio": 0.1172980034,
    "totalOtherIncomeExpensesNet": -47246000,
    "incomeBeforeTax": 1258226000,
    "incomeBeforeTaxRatio": 0.1130529017,
    "incomeTaxExpense": 392339000,
    "netIncome": 865887000,
    "netIncomeRatio": 0.0778008385,
    "eps": 2.98,
    "epsdiluted": 2.93,
    "weightedAverageShsOut": 288570303,
    "weightedAverageShsOutDil": 294226305,
    "link": "https://www.sec.gov/Archives/edgar/data/89800/000008980015000004/0000089800-15-000004-index.htm",
    "finalLink": "https://www.sec.gov/Archives/edgar/data/89800/000008980015000004/shw-12312014x10k.htm"
  },
  {
    "date": "2013-12-31",
    "symbol": "SHW",
    "reportedCurrency": "USD",
    "cik": "0000089800",
    "fillingDate": "2014-02-27",
    "acceptedDate": "2014-02-27 14:26:31",
    "calendarYear": "2013",
    "period": "FY",
    "revenue": 10185532000,
    "costOfRevenue": 5568966000,
    "grossProfit": 4616566000,
    "grossProfitRatio": 0.4532474102,
    "researchAndDevelopmentExpenses": 0,
    "generalAndAdministrativeExpenses": 3467681000,
    "sellingAndMarketingExpenses": 0,
    "sellingGeneralAndAdministrativeExpenses": 3467681000,
    "otherExpenses": -2751000,
    "operatingExpenses": 3464930000,
    "costAndExpenses": 9033896000,
    "interestIncome": 3242000,
    "interestExpense": 59514000,
    "depreciationAndAmortization": 187794000,
    "ebitda": 1336466000,
    "ebitdaratio": 0.1312121939,
    "operatingIncome": 1151636000,
    "operatingIncomeRatio": 0.1130658664,
    "totalOtherIncomeExpensesNet": -65678000,
    "incomeBeforeTax": 1085958000,
    "incomeBeforeTaxRatio": 0.1066177005,
    "incomeTaxExpense": 333397000,
    "netIncome": 752561000,
    "netIncomeRatio": 0.0738852914,
    "eps": 2.47,
    "epsdiluted": 2.42,
    "weightedAverageShsOut": 302692536,
    "weightedAverageShsOutDil": 309146613,
    "link": "https://www.sec.gov/Archives/edgar/data/89800/000008980014000045/0000089800-14-000045-index.htm",
    "finalLink": "https://www.sec.gov/Archives/edgar/data/89800/000008980014000045/shw-12312013x10k.htm"
  },
  {
    "date": "2012-12-31",
    "symbol": "SHW",
    "reportedCurrency": "USD",
    "cik": "0000089800",
    "fillingDate": "2013-02-28",
    "acceptedDate": "2013-02-28 11:06:52",
    "calendarYear": "2012",
    "period": "FY",
    "revenue": 9534462000,
    "costOfRevenue": 5328236000,
    "grossProfit": 4206226000,
    "grossProfitRatio": 0.4411602878,
    "researchAndDevelopmentExpenses": 0,
    "generalAndAdministrativeExpenses": 3259648000,
    "sellingAndMarketingExpenses": 0,
    "sellingGeneralAndAdministrativeExpenses": 3259648000,
    "otherExpenses": 6736000,
    "operatingExpenses": 3266384000,
    "costAndExpenses": 8594620000,
    "interestIncome": 2913000,
    "interestExpense": 42788000,
    "depreciationAndAmortization": 179202000,
    "ebitda": 1129299000,
    "ebitdaratio": 0.1184439143,
    "operatingIncome": 939842000,
    "operatingIncomeRatio": 0.0985731549,
    "totalOtherIncomeExpensesNet": -32533000,
    "incomeBeforeTax": 987309000,
    "incomeBeforeTaxRatio": 0.1035516215,
    "incomeTaxExpense": 307112000,
    "netIncome": 680197000,
    "netIncomeRatio": 0.0713408895,
    "eps": 2.21,
    "epsdiluted": 2.16,
    "weightedAverageShsOut": 305144703,
    "weightedAverageShsOutDil": 311791287,
    "link": "https://www.sec.gov/Archives/edgar/data/89800/000008980013000046/0000089800-13-000046-index.htm",
    "finalLink": "https://www.sec.gov/Archives/edgar/data/89800/000008980013000046/shw-12312012x10k.htm"
  },
  {
    "date": "2011-12-31",
    "symbol": "SHW",
    "reportedCurrency": "USD",
    "cik": "0000089800",
    "fillingDate": "2012-02-23",
    "acceptedDate": "2012-02-23 15:07:32",
    "calendarYear": "2011",
    "period": "FY",
    "revenue": 8765699000,
    "costOfRevenue": 5021137000,
    "grossProfit": 3744562000,
    "grossProfitRatio": 0.4271835024,
    "researchAndDevelopmentExpenses": 0,
    "generalAndAdministrativeExpenses": 2960814000,
    "sellingAndMarketingExpenses": 0,
    "sellingGeneralAndAdministrativeExpenses": 2960814000,
    "otherExpenses": 9100000,
    "operatingExpenses": 2969914000,
    "costAndExpenses": 7991051000,
    "interestIncome": 3711000,
    "interestExpense": 42497000,
    "depreciationAndAmortization": 180904000,
    "ebitda": 964949000,
    "ebitdaratio": 0.1100823791,
    "operatingIncome": 774648000,
    "operatingIncomeRatio": 0.0883726443,
    "totalOtherIncomeExpensesNet": -33100000,
    "incomeBeforeTax": 741548000,
    "incomeBeforeTaxRatio": 0.0845965621,
    "incomeTaxExpense": 299688000,
    "netIncome": 441860000,
    "netIncomeRatio": 0.0504078454,
    "eps": 1.41,
    "epsdiluted": 1.38,
    "weightedAverageShsOut": 310413969,
    "weightedAverageShsOutDil": 317015919,
    "link": "https://www.sec.gov/Archives/edgar/data/89800/000119312512075061/0001193125-12-075061-index.htm",
    "finalLink": "https://www.sec.gov/Archives/edgar/data/89800/000119312512075061/d259918d10k.htm"
  },
  {
    "date": "2010-12-31",
    "symbol": "SHW",
    "reportedCurrency": "USD",
    "cik": "0000089800",
    "fillingDate": "2011-02-23",
    "acceptedDate": "2011-02-23 15:33:52",
    "calendarYear": "2010",
    "period": "FY",
    "revenue": 7776424000,
    "costOfRevenue": 4295346000,
    "grossProfit": 3481078000,
    "grossProfitRatio": 0.4476450873,
    "researchAndDevelopmentExpenses": 0,
    "generalAndAdministrativeExpenses": 2728122000,
    "sellingAndMarketingExpenses": 0,
    "sellingGeneralAndAdministrativeExpenses": 2728122000,
    "otherExpenses": 7089000,
    "operatingExpenses": 2735211000,
    "costAndExpenses": 7030557000,
    "interestIncome": 2929000,
    "interestExpense": 70595000,
    "depreciationAndAmortization": 175311000,
    "ebitda": 923690000,
    "ebitdaratio": 0.1187808175,
    "operatingIncome": 745867000,
    "operatingIncomeRatio": 0.0959138802,
    "totalOtherIncomeExpensesNet": -68083000,
    "incomeBeforeTax": 677784000,
    "incomeBeforeTaxRatio": 0.0871588278,
    "incomeTaxExpense": 215299000,
    "netIncome": 462485000,
    "netIncomeRatio": 0.0594727088,
    "eps": 1.43,
    "epsdiluted": 1.4,
    "weightedAverageShsOut": 321064872,
    "weightedAverageShsOutDil": 326356551,
    "link": "https://www.sec.gov/Archives/edgar/data/89800/000095012311017092/0000950123-11-017092-index.htm",
    "finalLink": "https://www.sec.gov/Archives/edgar/data/89800/000095012311017092/l40789e10vk.htm"
  },
  {
    "date": "2009-12-31",
    "symbol": "SHW",
    "reportedCurrency": "USD",
    "cik": "0000089800",
    "fillingDate": "2010-02-24",
    "acceptedDate": "2010-02-24 12:53:56",
    "calendarYear": "2009",
    "period": "FY",
    "revenue": 7094249000,
    "costOfRevenue": 3831080000,
    "grossProfit": 3263169000,
    "grossProfitRatio": 0.4599738464,
    "researchAndDevelopmentExpenses": 0,
    "generalAndAdministrativeExpenses": 0,
    "sellingAndMarketingExpenses": 0,
    "sellingGeneralAndAdministrativeExpenses": 2534775000,
    "otherExpenses": 33620000,
    "operatingExpenses": 2568395000,
    "costAndExpenses": 6399475000,
    "interestIncome": 2393000,
    "interestExpense": 40026000,
    "depreciationAndAmortization": 170904000,
    "ebitda": 833747000,
    "ebitdaratio": 0.1175243497,
    "operatingIncome": 694774000,
    "operatingIncomeRatio": 0.0979348202,
    "totalOtherIncomeExpensesNet": -71957000,
    "incomeBeforeTax": 622817000,
    "incomeBeforeTaxRatio": 0.0877918156,
    "incomeTaxExpense": 186969000,
    "netIncome": 435848000,
    "netIncomeRatio": 0.0614368061,
    "eps": 1.28,
    "epsdiluted": 1.26,
    "weightedAverageShsOut": 340543197,
    "weightedAverageShsOutDil": 346268799,
    "link": "https://www.sec.gov/Archives/edgar/data/89800/000095012310016198/0000950123-10-016198-index.htm",
    "finalLink": "https://www.sec.gov/Archives/edgar/data/89800/000095012310016198/l38063e10vk.htm"
  },
  {
    "date": "2008-12-31",
    "symbol": "SHW",
    "reportedCurrency": "USD",
    "cik": "0000089800",
    "fillingDate": "2009-02-24",
    "acceptedDate": "2009-02-24 15:05:51",
    "calendarYear": "2008",
    "period": "FY",
    "revenue": 7979727000,
    "costOfRevenue": 4480927000,
    "grossProfit": 3498800000,
    "grossProfitRatio": 0.4384611153,
    "researchAndDevelopmentExpenses": 0,
    "generalAndAdministrativeExpenses": 0,
    "sellingAndMarketingExpenses": 0,
    "sellingGeneralAndAdministrativeExpenses": 2662899000,
    "otherExpenses": 0,
    "operatingExpenses": 2662899000,
    "costAndExpenses": 7143826000,
    "interestIncome": 3930000,
    "interestExpense": 65684000,
    "depreciationAndAmortization": 165511000,
    "ebitda": 945670000,
    "ebitdaratio": 0.1185090668,
    "operatingIncome": 835901000,
    "operatingIncomeRatio": 0.1047530824,
    "totalOtherIncomeExpensesNet": -121426000,
    "incomeBeforeTax": 714475000,
    "incomeBeforeTaxRatio": 0.0895362711,
    "incomeTaxExpense": 237599000,
    "netIncome": 476876000,
    "netIncomeRatio": 0.0597609417,
    "eps": 1.36,
    "epsdiluted": 1.33,
    "weightedAverageShsOut": 350506299,
    "weightedAverageShsOutDil": 358029687,
    "link": "https://www.sec.gov/Archives/edgar/data/89800/000095015209001707/0000950152-09-001707-index.htm",
    "finalLink": "https://www.sec.gov/Archives/edgar/data/89800/000095015209001707/l34437ae10vk.htm"
  },
  {
    "date": "2007-12-31",
    "symbol": "SHW",
    "reportedCurrency": "USD",
    "cik": "0000089800",
    "fillingDate": "2008-02-28",
    "acceptedDate": "2008-02-28 09:55:24",
    "calendarYear": "2007",
    "period": "FY",
    "revenue": 8005292000,
    "costOfRevenue": 4406365000,
    "grossProfit": 3598927000,
    "grossProfitRatio": 0.4495684854,
    "researchAndDevelopmentExpenses": 0,
    "generalAndAdministrativeExpenses": 0,
    "sellingAndMarketingExpenses": 0,
    "sellingGeneralAndAdministrativeExpenses": 2614651000,
    "otherExpenses": 0,
    "operatingExpenses": 2614651000,
    "costAndExpenses": 7021016000,
    "interestIncome": 14099000,
    "interestExpense": 71630000,
    "depreciationAndAmortization": 163479000,
    "ebitda": 1148052000,
    "ebitdaratio": 0.1434116332,
    "operatingIncome": 984276000,
    "operatingIncomeRatio": 0.1229531665,
    "totalOtherIncomeExpensesNet": -71333000,
    "incomeBeforeTax": 912943000,
    "incomeBeforeTaxRatio": 0.1140424359,
    "incomeTaxExpense": 297365000,
    "netIncome": 615578000,
    "netIncomeRatio": 0.076896383,
    "eps": 1.61,
    "epsdiluted": 1.57,
    "weightedAverageShsOut": 381666021,
    "weightedAverageShsOutDil": 392774070,
    "link": "https://www.sec.gov/Archives/edgar/data/89800/000095015208001496/0000950152-08-001496-index.htm",
    "finalLink": "https://www.sec.gov/Archives/edgar/data/89800/000095015208001496/l29360ae10vk.htm"
  },
  {
    "date": "2006-12-31",
    "symbol": "SHW",
    "reportedCurrency": "USD",
    "cik": "0000089800",
    "fillingDate": "2007-02-28",
    "acceptedDate": "2007-02-28 17:29:38",
    "calendarYear": "2006",
    "period": "FY",
    "revenue": 7809759000,
    "costOfRevenue": 4395119000,
    "grossProfit": 3414640000,
    "grossProfitRatio": 0.4372273203,
    "researchAndDevelopmentExpenses": 0,
    "generalAndAdministrativeExpenses": 0,
    "sellingAndMarketingExpenses": 0,
    "sellingGeneralAndAdministrativeExpenses": 2512927000,
    "otherExpenses": 0,
    "operatingExpenses": 2512927000,
    "costAndExpenses": 6908046000,
    "interestIncome": 24611000,
    "interestExpense": 67162000,
    "depreciationAndAmortization": 145917000,
    "ebitda": 1047630000,
    "ebitdaratio": 0.1341437041,
    "operatingIncome": 901713000,
    "operatingIncomeRatio": 0.1154597728,
    "totalOtherIncomeExpensesNet": -67401000,
    "incomeBeforeTax": 834312000,
    "incomeBeforeTaxRatio": 0.1068294169,
    "incomeTaxExpense": 258254000,
    "netIncome": 576058000,
    "netIncomeRatio": 0.073761303,
    "eps": 1.44,
    "epsdiluted": 1.4,
    "weightedAverageShsOut": 400968445,
    "weightedAverageShsOutDil": 412452029,
    "link": "https://www.sec.gov/Archives/edgar/data/89800/000095015207001637/0000950152-07-001637-index.htm",
    "finalLink": "https://www.sec.gov/Archives/edgar/data/89800/000095015207001637/l22329ae10vk.htm"
  },
  {
    "date": "2005-12-31",
    "symbol": "SHW",
    "reportedCurrency": "USD",
    "cik": "0000089800",
    "fillingDate": "2006-03-07",
    "acceptedDate": "2006-03-07 15:10:29",
    "calendarYear": "2005",
    "period": "FY",
    "revenue": 7192317000,
    "costOfRevenue": 4110296000,
    "grossProfit": 3080365000,
    "grossProfitRatio": 0.4282854885,
    "researchAndDevelopmentExpenses": 0,
    "generalAndAdministrativeExpenses": 0,
    "sellingAndMarketingExpenses": 0,
    "sellingGeneralAndAdministrativeExpenses": 2326220000,
    "otherExpenses": 0,
    "operatingExpenses": 2326220000,
    "costAndExpenses": 6436516000,
    "interestIncome": 4595000,
    "interestExpense": 49586000,
    "depreciationAndAmortization": 152240000,
    "ebitda": 906385000,
    "ebitdaratio": 0.1260212808,
    "operatingIncome": 754145000,
    "operatingIncomeRatio": 0.1048542493,
    "totalOtherIncomeExpensesNet": -97930000,
    "incomeBeforeTax": 656215000,
    "incomeBeforeTaxRatio": 0.0912383311,
    "incomeTaxExpense": 191601000,
    "netIncome": 463258000,
    "netIncomeRatio": 0.0644101199,
    "eps": 1.13,
    "epsdiluted": 1.09,
    "weightedAverageShsOut": 409962832,
    "weightedAverageShsOutDil": 423711585,
    "link": "https://www.sec.gov/Archives/edgar/data/89800/000095015206001786/0000950152-06-001786-index.htm",
    "finalLink": "https://www.sec.gov/Archives/edgar/data/89800/000095015206001786/l17545ae10vk.htm"
  },
  {
    "date": "2004-12-31",
    "symbol": "SHW",
    "reportedCurrency": "USD",
    "cik": "0000089800",
    "fillingDate": "2005-03-10",
    "acceptedDate": "2005-03-10 10:44:06",
    "calendarYear": "2004",
    "period": "FY",
    "revenue": 6103999000,
    "costOfRevenue": 3412378000,
    "grossProfit": 2701411000,
    "grossProfitRatio": 0.4425641289,
    "researchAndDevelopmentExpenses": 0,
    "generalAndAdministrativeExpenses": 0,
    "sellingAndMarketingExpenses": 0,
    "sellingGeneralAndAdministrativeExpenses": 2068936000,
    "otherExpenses": 0,
    "operatingExpenses": 2068936000,
    "costAndExpenses": 5481314000,
    "interestIncome": 5533000,
    "interestExpense": 39948000,
    "depreciationAndAmortization": 137284000,
    "ebitda": 769759000,
    "ebitdaratio": 0.1261073273,
    "operatingIncome": 632475000,
    "operatingIncomeRatio": 0.103616498,
    "totalOtherIncomeExpensesNet": -52280000,
    "incomeBeforeTax": 580195000,
    "incomeBeforeTaxRatio": 0.0950516211,
    "incomeTaxExpense": 185662000,
    "netIncome": 393254000,
    "netIncomeRatio": 0.0644256331,
    "eps": 0.93,
    "epsdiluted": 0.91,
    "weightedAverageShsOut": 422853763,
    "weightedAverageShsOutDil": 433736029,
    "link": "https://www.sec.gov/Archives/edgar/data/89800/000095015205001943/0000950152-05-001943-index.htm",
    "finalLink": "https://www.sec.gov/Archives/edgar/data/89800/000095015205001943/l11720ae10vk.htm"
  },
  {
    "date": "2003-12-31",
    "symbol": "SHW",
    "reportedCurrency": "USD",
    "cik": "0000089800",
    "fillingDate": "2004-03-11",
    "acceptedDate": "2004-03-11 12:24:18",
    "calendarYear": "2003",
    "period": "FY",
    "revenue": 5407764000,
    "costOfRevenue": 2952469000,
    "grossProfit": 2455295000,
    "grossProfitRatio": 0.4540314629,
    "researchAndDevelopmentExpenses": 0,
    "generalAndAdministrativeExpenses": 0,
    "sellingAndMarketingExpenses": 0,
    "sellingGeneralAndAdministrativeExpenses": 1881664000,
    "otherExpenses": 0,
    "operatingExpenses": 1881664000,
    "costAndExpenses": 4834133000,
    "interestIncome": 0,
    "interestExpense": 0,
    "depreciationAndAmortization": 116564000,
    "ebitda": 690195000,
    "ebitdaratio": 0.1276303848,
    "operatingIncome": 573631000,
    "operatingIncomeRatio": 0.10607545,
    "totalOtherIncomeExpensesNet": -50705000,
    "incomeBeforeTax": 522926000,
    "incomeBeforeTaxRatio": 0.0966991163,
    "incomeTaxExpense": 190868000,
    "netIncome": 332058000,
    "netIncomeRatio": 0.061403937,
    "eps": 0.76,
    "epsdiluted": 0.75,
    "weightedAverageShsOut": 435010480,
    "weightedAverageShsOutDil": 440784956,
    "link": "https://www.sec.gov/Archives/edgar/data/89800/000095015204001806/0000950152-04-001806-index.htm",
    "finalLink": "https://www.sec.gov/Archives/edgar/data/89800/000095015204001806/l05235ae10vk.htm"
  },
  {
    "date": "2002-12-31",
    "symbol": "SHW",
    "reportedCurrency": "USD",
    "cik": "0000089800",
    "fillingDate": "2003-03-13",
    "acceptedDate": "2003-03-13 11:10:00",
    "calendarYear": "2002",
    "period": "FY",
    "revenue": 5184788000,
    "costOfRevenue": 2846201000,
    "grossProfit": 2338587000,
    "grossProfitRatio": 0.4510477574,
    "researchAndDevelopmentExpenses": 0,
    "generalAndAdministrativeExpenses": 0,
    "sellingAndMarketingExpenses": 0,
    "sellingGeneralAndAdministrativeExpenses": 1784527000,
    "otherExpenses": 0,
    "operatingExpenses": 1784527000,
    "costAndExpenses": 4630728000,
    "interestIncome": 0,
    "interestExpense": 0,
    "depreciationAndAmortization": 115648000,
    "ebitda": 669708000,
    "ebitdaratio": 0.1291678657,
    "operatingIncome": 554060000,
    "operatingIncomeRatio": 0.1068626142,
    "totalOtherIncomeExpensesNet": -56896000,
    "incomeBeforeTax": 497164000,
    "incomeBeforeTaxRatio": 0.0958889737,
    "incomeTaxExpense": 186463000,
    "netIncome": 127565000,
    "netIncomeRatio": 0.0246037061,
    "eps": 0.28,
    "epsdiluted": 0.28,
    "weightedAverageShsOut": 450229412,
    "weightedAverageShsOutDil": 455589286,
    "link": "https://www.sec.gov/Archives/edgar/data/89800/000095015203002867/0000950152-03-002867-index.htm",
    "finalLink": "https://www.sec.gov/Archives/edgar/data/89800/000095015203002867/l97882ae10vk.txt"
  },
  {
    "date": "2001-12-31",
    "symbol": "SHW",
    "reportedCurrency": "USD",
    "cik": "0000089800",
    "fillingDate": "2002-03-14",
    "acceptedDate": "2002-03-14 00:00:00",
    "calendarYear": "2001",
    "period": "FY",
    "revenue": 5066005000,
    "costOfRevenue": 2846376000,
    "grossProfit": 2219629000,
    "grossProfitRatio": 0.4381418889,
    "researchAndDevelopmentExpenses": 0,
    "generalAndAdministrativeExpenses": 0,
    "sellingAndMarketingExpenses": 0,
    "sellingGeneralAndAdministrativeExpenses": 1729855000,
    "otherExpenses": 0,
    "operatingExpenses": 1729855000,
    "costAndExpenses": 4576231000,
    "interestIncome": 0,
    "interestExpense": 0,
    "depreciationAndAmortization": 148098000,
    "ebitda": 637872000,
    "ebitdaratio": 0.1259122326,
    "operatingIncome": 489774000,
    "operatingIncomeRatio": 0.0966785465,
    "totalOtherIncomeExpensesNet": -65325000,
    "incomeBeforeTax": 424449000,
    "incomeBeforeTaxRatio": 0.0837837704,
    "incomeTaxExpense": 161291000,
    "netIncome": 263158000,
    "netIncomeRatio": 0.0519458627,
    "eps": 0.56,
    "epsdiluted": 0.56,
    "weightedAverageShsOut": 467144379,
    "weightedAverageShsOutDil": 469925000,
    "link": "https://www.sec.gov/Archives/edgar/data/89800/000095015202001777/0000950152-02-001777-index.htm",
    "finalLink": "https://www.sec.gov/Archives/edgar/data/89800/000095015202001777/l92671ae10-k.txt"
  },
  {
    "date": "2000-12-31",
    "symbol": "SHW",
    "reportedCurrency": "USD",
    "cik": "0000089800",
    "fillingDate": "2001-03-13",
    "acceptedDate": "2001-03-13 00:00:00",
    "calendarYear": "2000",
    "period": "FY",
    "revenue": 5211624000,
    "costOfRevenue": 2743983000,
    "grossProfit": 2467641000,
    "grossProfitRatio": 0.4734879185,
    "researchAndDevelopmentExpenses": 0,
    "generalAndAdministrativeExpenses": 0,
    "sellingAndMarketingExpenses": 0,
    "sellingGeneralAndAdministrativeExpenses": 1740367000,
    "otherExpenses": 160030000,
    "operatingExpenses": 1900397000,
    "costAndExpenses": 4644380000,
    "interestIncome": 0,
    "interestExpense": 0,
    "depreciationAndAmortization": 160030000,
    "ebitda": 727274000,
    "ebitdaratio": 0.1395484402,
    "operatingIncome": 567244000,
    "operatingIncomeRatio": 0.1088420807,
    "totalOtherIncomeExpensesNet": -423838000,
    "incomeBeforeTax": 143406000,
    "incomeBeforeTaxRatio": 0.0275165668,
    "incomeTaxExpense": 127380000,
    "netIncome": 16026000,
    "netIncomeRatio": 0.0030750492,
    "eps": 0.0333,
    "epsdiluted": 0.0333,
    "weightedAverageShsOut": 480780000,
    "weightedAverageShsOutDil": 480780000,
    "link": "https://www.sec.gov/Archives/edgar/data/89800/000095015201500336/0000950152-01-500336-index.htm",
    "finalLink": "https://www.sec.gov/Archives/edgar/data/89800/000095015201500336/l85264be10-k.txt"
  },
  {
    "date": "1999-12-31",
    "symbol": "SHW",
    "reportedCurrency": "USD",
    "cik": "0000089800",
    "fillingDate": "2000-03-15",
    "acceptedDate": "2000-03-15 00:00:00",
    "calendarYear": "1999",
    "period": "FY",
    "revenue": 5003800000,
    "costOfRevenue": 2599500000,
    "grossProfit": 2404300000,
    "grossProfitRatio": 0.4804948239,
    "researchAndDevelopmentExpenses": 0,
    "generalAndAdministrativeExpenses": 0,
    "sellingAndMarketingExpenses": 0,
    "sellingGeneralAndAdministrativeExpenses": 1673400000,
    "otherExpenses": 155800000,
    "operatingExpenses": 1829200000,
    "costAndExpenses": 4428700000,
    "interestIncome": 0,
    "interestExpense": 0,
    "depreciationAndAmortization": 155800000,
    "ebitda": 730900000,
    "ebitdaratio": 0.1460689876,
    "operatingIncome": 575100000,
    "operatingIncomeRatio": 0.1149326512,
    "totalOtherIncomeExpensesNet": -84900000,
    "incomeBeforeTax": 490200000,
    "incomeBeforeTaxRatio": 0.0979655462,
    "incomeTaxExpense": 186300000,
    "netIncome": 303900000,
    "netIncomeRatio": 0.0607338423,
    "eps": 0.6,
    "epsdiluted": 0.6,
    "weightedAverageShsOut": 503701657,
    "weightedAverageShsOutDil": 506500000,
    "link": "https://www.sec.gov/Archives/edgar/data/89800/000095015200001692/0000950152-00-001692-index.html",
    "finalLink": "https://www.sec.gov/Archives/edgar/data/89800/000095015200001692/"
  },
  {
    "date": "1998-12-31",
    "symbol": "SHW",
    "reportedCurrency": "USD",
    "cik": "0000089800",
    "fillingDate": "1999-03-10",
    "acceptedDate": "1999-03-10 00:00:00",
    "calendarYear": "1998",
    "period": "FY",
    "revenue": 4934400000,
    "costOfRevenue": 2656600000,
    "grossProfit": 2277800000,
    "grossProfitRatio": 0.4616164073,
    "researchAndDevelopmentExpenses": 0,
    "generalAndAdministrativeExpenses": 0,
    "sellingAndMarketingExpenses": 0,
    "sellingGeneralAndAdministrativeExpenses": 1598300000,
    "otherExpenses": 147900000,
    "operatingExpenses": 1746200000,
    "costAndExpenses": 4402800000,
    "interestIncome": 0,
    "interestExpense": 0,
    "depreciationAndAmortization": 147900000,
    "ebitda": 679500000,
    "ebitdaratio": 0.1377067121,
    "operatingIncome": 531600000,
    "operatingIncomeRatio": 0.107733463,
    "totalOtherIncomeExpensesNet": -91500000,
    "incomeBeforeTax": 440100000,
    "incomeBeforeTaxRatio": 0.0891901751,
    "incomeTaxExpense": 167200000,
    "netIncome": 272900000,
    "netIncomeRatio": 0.0553056096,
    "eps": 0.53,
    "epsdiluted": 0.52,
    "weightedAverageShsOut": 518164557,
    "weightedAverageShsOutDil": 521464968,
    "link": "https://www.sec.gov/Archives/edgar/data/89800/000095015299001793/0000950152-99-001793-index.html",
    "finalLink": "https://www.sec.gov/Archives/edgar/data/89800/"
  },
  {
    "date": "1997-12-31",
    "symbol": "SHW",
    "reportedCurrency": "USD",
    "cik": "0000089800",
    "fillingDate": "1998-03-11",
    "acceptedDate": "1998-03-11 00:00:00",
    "calendarYear": "1997",
    "period": "FY",
    "revenue": 4881100000,
    "costOfRevenue": 2645200000,
    "grossProfit": 2235900000,
    "grossProfitRatio": 0.4580729754,
    "researchAndDevelopmentExpenses": 0,
    "generalAndAdministrativeExpenses": 0,
    "sellingAndMarketingExpenses": 0,
    "sellingGeneralAndAdministrativeExpenses": 1573500000,
    "otherExpenses": 139200000,
    "operatingExpenses": 1712700000,
    "costAndExpenses": 4357900000,
    "interestIncome": 0,
    "interestExpense": 0,
    "depreciationAndAmortization": 139200000,
    "ebitda": 662400000,
    "ebitdaratio": 0.1357071152,
    "operatingIncome": 523200000,
    "operatingIncomeRatio": 0.1071889533,
    "totalOtherIncomeExpensesNet": -95900000,
    "incomeBeforeTax": 427300000,
    "incomeBeforeTaxRatio": 0.0875417426,
    "incomeTaxExpense": 166700000,
    "netIncome": 260600000,
    "netIncomeRatio": 0.0533896048,
    "eps": 0.5,
    "epsdiluted": 0.5,
    "weightedAverageShsOut": 517748344,
    "weightedAverageShsOutDil": 521200000,
    "link": "https://www.sec.gov/Archives/edgar/data/89800/000095015298001897/0000950152-98-001897-index.html",
    "finalLink": "https://www.sec.gov/Archives/edgar/data/89800/"
  },
  {
    "date": "1996-12-31",
    "symbol": "SHW",
    "reportedCurrency": "USD",
    "cik": "0000089800",
    "fillingDate": "1997-03-12",
    "acceptedDate": "1997-03-12 00:00:00",
    "calendarYear": "1996",
    "period": "FY",
    "revenue": 4132900000,
    "costOfRevenue": 2301600000,
    "grossProfit": 1831300000,
    "grossProfitRatio": 0.4431029059,
    "researchAndDevelopmentExpenses": 0,
    "generalAndAdministrativeExpenses": 0,
    "sellingAndMarketingExpenses": 0,
    "sellingGeneralAndAdministrativeExpenses": 1309100000,
    "otherExpenses": 103600000,
    "operatingExpenses": 1412700000,
    "costAndExpenses": 3714300000,
    "interestIncome": 0,
    "interestExpense": 0,
    "depreciationAndAmortization": 103600000,
    "ebitda": 522200000,
    "ebitdaratio": 0.1263519563,
    "operatingIncome": 418600000,
    "operatingIncomeRatio": 0.1012848121,
    "totalOtherIncomeExpensesNet": -43200000,
    "incomeBeforeTax": 375400000,
    "incomeBeforeTaxRatio": 0.0908321034,
    "incomeTaxExpense": 146200000,
    "netIncome": 229200000,
    "netIncomeRatio": 0.055457427,
    "eps": 0.45,
    "epsdiluted": 0.44,
    "weightedAverageShsOut": 513134328,
    "weightedAverageShsOutDil": 516992481,
    "link": "https://www.sec.gov/Archives/edgar/data/89800/000095015297001793/0000950152-97-001793-index.html",
    "finalLink": "https://www.sec.gov/Archives/edgar/data/89800/"
  },
  {
    "date": "1995-12-31",
    "symbol": "SHW",
    "reportedCurrency": "USD",
    "cik": "0000089800",
    "fillingDate": "1996-03-13",
    "acceptedDate": "1996-03-13 00:00:00",
    "calendarYear": "1995",
    "period": "FY",
    "revenue": 3273800000,
    "costOfRevenue": 1799200000,
    "grossProfit": 1474600000,
    "grossProfitRatio": 0.4504245831,
    "researchAndDevelopmentExpenses": 0,
    "generalAndAdministrativeExpenses": 0,
    "sellingAndMarketingExpenses": 0,
    "sellingGeneralAndAdministrativeExpenses": 1075400000,
    "otherExpenses": 77900000,
    "operatingExpenses": 1153300000,
    "costAndExpenses": 2952500000,
    "interestIncome": 0,
    "interestExpense": 0,
    "depreciationAndAmortization": 77900000,
    "ebitda": 399200000,
    "ebitdaratio": 0.1219378093,
    "operatingIncome": 321300000,
    "operatingIncomeRatio": 0.098142831,
    "totalOtherIncomeExpensesNet": -2800000,
    "incomeBeforeTax": 318500000,
    "incomeBeforeTaxRatio": 0.0972875557,
    "incomeTaxExpense": 117800000,
    "netIncome": 200700000,
    "netIncomeRatio": 0.0613049056,
    "eps": 0.39,
    "epsdiluted": 0.39,
    "weightedAverageShsOut": 514615385,
    "weightedAverageShsOutDil": 514615385,
    "link": "https://www.sec.gov/Archives/edgar/data/89800/000095015296000949/0000950152-96-000949-index.html",
    "finalLink": "https://www.sec.gov/Archives/edgar/data/89800/"
  },
  {
    "date": "1994-12-31",
    "symbol": "SHW",
    "reportedCurrency": "USD",
    "cik": "0000089800",
    "fillingDate": "1995-03-15",
    "acceptedDate": "1995-03-15 00:00:00",
    "calendarYear": "1994",
    "period": "FY",
    "revenue": 3100100000,
    "costOfRevenue": 1712200000,
    "grossProfit": 1387900000,
    "grossProfitRatio": 0.4476952356,
    "researchAndDevelopmentExpenses": 0,
    "generalAndAdministrativeExpenses": 0,
    "sellingAndMarketingExpenses": 0,
    "sellingGeneralAndAdministrativeExpenses": 1018500000,
    "otherExpenses": 60500000,
    "operatingExpenses": 1079000000,
    "costAndExpenses": 2791200000,
    "interestIncome": 0,
    "interestExpense": 0,
    "depreciationAndAmortization": 60500000,
    "ebitda": 369400000,
    "ebitdaratio": 0.1191574465,
    "operatingIncome": 308900000,
    "operatingIncomeRatio": 0.099641947,
    "totalOtherIncomeExpensesNet": -10400000,
    "incomeBeforeTax": 298500000,
    "incomeBeforeTaxRatio": 0.0962872165,
    "incomeTaxExpense": 111900000,
    "netIncome": 186600000,
    "netIncomeRatio": 0.0601916067,
    "eps": 0.36,
    "epsdiluted": 0.36,
    "weightedAverageShsOut": 518333333,
    "weightedAverageShsOutDil": 518333333,
    "link": "https://www.sec.gov/Archives/edgar/data/89800/0000950152-95-000337-index.html",
    "finalLink": "https://www.sec.gov/Archives/edgar/data/89800/0000950152-95-000337.txt"
  },
  {
    "date": "1993-12-31",
    "symbol": "SHW",
    "reportedCurrency": "USD",
    "cik": "0000089800",
    "fillingDate": "1994-03-15",
    "acceptedDate": "1994-03-15 00:00:00",
    "calendarYear": "1993",
    "period": "FY",
    "revenue": 2949300000,
    "costOfRevenue": 1641900000,
    "grossProfit": 1307400000,
    "grossProfitRatio": 0.4432916285,
    "researchAndDevelopmentExpenses": 0,
    "generalAndAdministrativeExpenses": 0,
    "sellingAndMarketingExpenses": 0,
    "sellingGeneralAndAdministrativeExpenses": 981300000,
    "otherExpenses": 55100000,
    "operatingExpenses": 1036400000,
    "costAndExpenses": 2678300000,
    "interestIncome": 0,
    "interestExpense": 0,
    "depreciationAndAmortization": 55100000,
    "ebitda": 326100000,
    "ebitdaratio": 0.1105686095,
    "operatingIncome": 271000000,
    "operatingIncomeRatio": 0.0918862103,
    "totalOtherIncomeExpensesNet": -6700000,
    "incomeBeforeTax": 264300000,
    "incomeBeforeTaxRatio": 0.0896144848,
    "incomeTaxExpense": 99100000,
    "netIncome": 165200000,
    "netIncomeRatio": 0.0560132913,
    "eps": 0.31,
    "epsdiluted": 0.31,
    "weightedAverageShsOut": 532903226,
    "weightedAverageShsOutDil": 532903226,
    "link": "https://www.sec.gov/Archives/edgar/data/89800/000095015294000268/0000950152-94-000268-index.html",
    "finalLink": "https://www.sec.gov/Archives/edgar/data/89800/"
  },
  {
    "date": "1992-12-31",
    "symbol": "SHW",
    "reportedCurrency": "USD",
    "cik": "0000089800",
    "fillingDate": "1992-12-31",
    "acceptedDate": "1992-12-31 00:00:00",
    "calendarYear": "1992",
    "period": "FY",
    "revenue": 2747800000,
    "costOfRevenue": 1523100000,
    "grossProfit": 1224700000,
    "grossProfitRatio": 0.4457020162,
    "researchAndDevelopmentExpenses": 0,
    "generalAndAdministrativeExpenses": 0,
    "sellingAndMarketingExpenses": 0,
    "sellingGeneralAndAdministrativeExpenses": 914700000,
    "otherExpenses": 66300000,
    "operatingExpenses": 981000000,
    "costAndExpenses": 2504100000,
    "interestIncome": 0,
    "interestExpense": 0,
    "depreciationAndAmortization": 66300000,
    "ebitda": 310000000,
    "ebitdaratio": 0.1128175267,
    "operatingIncome": 243700000,
    "operatingIncomeRatio": 0.0886891331,
    "totalOtherIncomeExpensesNet": -17700000,
    "incomeBeforeTax": 226000000,
    "incomeBeforeTaxRatio": 0.0822476163,
    "incomeTaxExpense": 81400000,
    "netIncome": 62800000,
    "netIncomeRatio": 0.0228546474,
    "eps": 0.12,
    "epsdiluted": 0.12,
    "weightedAverageShsOut": 523333333,
    "weightedAverageShsOutDil": 523333333,
    "link": null,
    "finalLink": null
  },
  {
    "date": "1991-12-31",
    "symbol": "SHW",
    "reportedCurrency": "USD",
    "cik": "0000089800",
    "fillingDate": "1991-12-31",
    "acceptedDate": "1991-12-31 00:00:00",
    "calendarYear": "1991",
    "period": "FY",
    "revenue": 2541400000,
    "costOfRevenue": 1452400000,
    "grossProfit": 1089000000,
    "grossProfitRatio": 0.4285039742,
    "researchAndDevelopmentExpenses": 0,
    "generalAndAdministrativeExpenses": 0,
    "sellingAndMarketingExpenses": 0,
    "sellingGeneralAndAdministrativeExpenses": 825900000,
    "otherExpenses": 47900000,
    "operatingExpenses": 873800000,
    "costAndExpenses": 2326200000,
    "interestIncome": 0,
    "interestExpense": 0,
    "depreciationAndAmortization": 47900000,
    "ebitda": 263100000,
    "ebitdaratio": 0.1035256158,
    "operatingIncome": 215200000,
    "operatingIncomeRatio": 0.0846777367,
    "totalOtherIncomeExpensesNet": -16400000,
    "incomeBeforeTax": 198800000,
    "incomeBeforeTaxRatio": 0.0782246006,
    "incomeTaxExpense": 70600000,
    "netIncome": 128200000,
    "netIncomeRatio": 0.0504446368,
    "eps": 0.24,
    "epsdiluted": 0.24,
    "weightedAverageShsOut": 526849315,
    "weightedAverageShsOutDil": 526849315,
    "link": null,
    "finalLink": null
  },
  {
    "date": "1990-12-31",
    "symbol": "SHW",
    "reportedCurrency": "USD",
    "cik": "0000089800",
    "fillingDate": "1990-12-31",
    "acceptedDate": "1990-12-31 00:00:00",
    "calendarYear": "1990",
    "period": "FY",
    "revenue": 2266700000,
    "costOfRevenue": 1293400000,
    "grossProfit": 973300000,
    "grossProfitRatio": 0.4293907443,
    "researchAndDevelopmentExpenses": 0,
    "generalAndAdministrativeExpenses": 0,
    "sellingAndMarketingExpenses": 0,
    "sellingGeneralAndAdministrativeExpenses": 745700000,
    "otherExpenses": 44500000,
    "operatingExpenses": 790200000,
    "costAndExpenses": 2083600000,
    "interestIncome": 0,
    "interestExpense": 0,
    "depreciationAndAmortization": 44500000,
    "ebitda": 227600000,
    "ebitdaratio": 0.1004102881,
    "operatingIncome": 183100000,
    "operatingIncomeRatio": 0.0807782238,
    "totalOtherIncomeExpensesNet": 4200000,
    "incomeBeforeTax": 187300000,
    "incomeBeforeTaxRatio": 0.0826311378,
    "incomeTaxExpense": 64600000,
    "netIncome": 122700000,
    "netIncomeRatio": 0.0541315569,
    "eps": 0.24,
    "epsdiluted": 0.24,
    "weightedAverageShsOut": 518450704,
    "weightedAverageShsOutDil": 518450704,
    "link": null,
    "finalLink": null
  },
  {
    "date": "1989-12-31",
    "symbol": "SHW",
    "reportedCurrency": "USD",
    "cik": "0000089800",
    "fillingDate": "1989-12-31",
    "acceptedDate": "1989-12-31 00:00:00",
    "calendarYear": "1989",
    "period": "FY",
    "revenue": 2123500000,
    "costOfRevenue": 1233200000,
    "grossProfit": 890300000,
    "grossProfitRatio": 0.4192606546,
    "researchAndDevelopmentExpenses": 0,
    "generalAndAdministrativeExpenses": 0,
    "sellingAndMarketingExpenses": 0,
    "sellingGeneralAndAdministrativeExpenses": 685600000,
    "otherExpenses": 42000000,
    "operatingExpenses": 727600000,
    "costAndExpenses": 1960800000,
    "interestIncome": 0,
    "interestExpense": 0,
    "depreciationAndAmortization": 42000000,
    "ebitda": 204700000,
    "ebitdaratio": 0.096397457,
    "operatingIncome": 162700000,
    "operatingIncomeRatio": 0.0766187897,
    "totalOtherIncomeExpensesNet": 7500000,
    "incomeBeforeTax": 170200000,
    "incomeBeforeTaxRatio": 0.0801506946,
    "incomeTaxExpense": 61300000,
    "netIncome": 108900000,
    "netIncomeRatio": 0.0512832588,
    "eps": 0.21,
    "epsdiluted": 0.21,
    "weightedAverageShsOut": 518571429,
    "weightedAverageShsOutDil": 518571429,
    "link": null,
    "finalLink": null
  },
  {
    "date": "1988-12-31",
    "symbol": "SHW",
    "reportedCurrency": "USD",
    "cik": "0000089800",
    "fillingDate": "1988-12-31",
    "acceptedDate": "1988-12-30 19:00:00",
    "calendarYear": "1988",
    "period": "FY",
    "revenue": 1950500000,
    "costOfRevenue": 1150000000,
    "grossProfit": 800500000,
    "grossProfitRatio": 0.4104075878,
    "researchAndDevelopmentExpenses": 0,
    "generalAndAdministrativeExpenses": 0,
    "sellingAndMarketingExpenses": 0,
    "sellingGeneralAndAdministrativeExpenses": 628600000,
    "otherExpenses": 36900000,
    "operatingExpenses": 665500000,
    "costAndExpenses": 1815500000,
    "interestIncome": 0,
    "interestExpense": 0,
    "depreciationAndAmortization": 36900000,
    "ebitda": 171900000,
    "ebitdaratio": 0.0881312484,
    "operatingIncome": 135000000,
    "operatingIncomeRatio": 0.0692130223,
    "totalOtherIncomeExpensesNet": 28100000,
    "incomeBeforeTax": 163100000,
    "incomeBeforeTaxRatio": 0.0836195847,
    "incomeTaxExpense": 62000000,
    "netIncome": 101100000,
    "netIncomeRatio": 0.0518328634,
    "eps": 0.19,
    "epsdiluted": 0.19,
    "weightedAverageShsOut": 522931034,
    "weightedAverageShsOutDil": 522931034,
    "link": null,
    "finalLink": null
  },
  {
    "date": "1987-12-31",
    "symbol": "SHW",
    "reportedCurrency": "USD",
    "cik": "0000089800",
    "fillingDate": "1987-12-31",
    "acceptedDate": "1987-12-30 19:00:00",
    "calendarYear": "1987",
    "period": "FY",
    "revenue": 1792700000,
    "costOfRevenue": 1028200000,
    "grossProfit": 764500000,
    "grossProfitRatio": 0.4264517209,
    "researchAndDevelopmentExpenses": 0,
    "generalAndAdministrativeExpenses": 0,
    "sellingAndMarketingExpenses": 0,
    "sellingGeneralAndAdministrativeExpenses": 585500000,
    "otherExpenses": 28900000,
    "operatingExpenses": 614400000,
    "costAndExpenses": 1642600000,
    "interestIncome": 0,
    "interestExpense": 0,
    "depreciationAndAmortization": 28900000,
    "ebitda": 179000000,
    "ebitdaratio": 0.0998493892,
    "operatingIncome": 150100000,
    "operatingIncomeRatio": 0.0837284543,
    "totalOtherIncomeExpensesNet": 11600000,
    "incomeBeforeTax": 161700000,
    "incomeBeforeTaxRatio": 0.090199141,
    "incomeTaxExpense": 67900000,
    "netIncome": 96600000,
    "netIncomeRatio": 0.0538852011,
    "eps": 0.18,
    "epsdiluted": 0.18,
    "weightedAverageShsOut": 526909091,
    "weightedAverageShsOutDil": 526909091,
    "link": null,
    "finalLink": null
  },
  {
    "date": "1986-12-31",
    "symbol": "SHW",
    "reportedCurrency": "USD",
    "cik": "0000089800",
    "fillingDate": "1986-12-31",
    "acceptedDate": "1986-12-30 19:00:00",
    "calendarYear": "1986",
    "period": "FY",
    "revenue": 1552900000,
    "costOfRevenue": 892300000,
    "grossProfit": 660600000,
    "grossProfitRatio": 0.4253976431,
    "researchAndDevelopmentExpenses": 0,
    "generalAndAdministrativeExpenses": 0,
    "sellingAndMarketingExpenses": 0,
    "sellingGeneralAndAdministrativeExpenses": 493700000,
    "otherExpenses": 24600000,
    "operatingExpenses": 518300000,
    "costAndExpenses": 1410600000,
    "interestIncome": 0,
    "interestExpense": 0,
    "depreciationAndAmortization": 24600000,
    "ebitda": 166900000,
    "ebitdaratio": 0.1074763346,
    "operatingIncome": 142300000,
    "operatingIncomeRatio": 0.0916350055,
    "totalOtherIncomeExpensesNet": 31800000,
    "incomeBeforeTax": 174100000,
    "incomeBeforeTaxRatio": 0.1121128212,
    "incomeTaxExpense": 78100000,
    "netIncome": 106000000,
    "netIncomeRatio": 0.0682593857,
    "eps": 0.2,
    "epsdiluted": 0.2,
    "weightedAverageShsOut": 538983051,
    "weightedAverageShsOutDil": 538983051,
    "link": null,
    "finalLink": null
  },
  {
    "date": "1985-12-31",
    "symbol": "SHW",
    "reportedCurrency": "USD",
    "cik": "0000089800",
    "fillingDate": "1985-12-31",
    "acceptedDate": "1985-12-30 19:00:00",
    "calendarYear": "1985",
    "period": "FY",
    "revenue": 2194900000,
    "costOfRevenue": 1375300000,
    "grossProfit": 819600000,
    "grossProfitRatio": 0.3734110893,
    "researchAndDevelopmentExpenses": 0,
    "generalAndAdministrativeExpenses": 0,
    "sellingAndMarketingExpenses": 0,
    "sellingGeneralAndAdministrativeExpenses": 652900000,
    "otherExpenses": 26300000,
    "operatingExpenses": 679200000,
    "costAndExpenses": 2054500000,
    "interestIncome": 0,
    "interestExpense": 0,
    "depreciationAndAmortization": 26300000,
    "ebitda": 166700000,
    "ebitdaratio": 0.0759487904,
    "operatingIncome": 140400000,
    "operatingIncomeRatio": 0.0639664677,
    "totalOtherIncomeExpensesNet": -11800000,
    "incomeBeforeTax": 128600000,
    "incomeBeforeTaxRatio": 0.0585903686,
    "incomeTaxExpense": 54000000,
    "netIncome": 74600000,
    "netIncomeRatio": 0.033987881,
    "eps": 0.14,
    "epsdiluted": 0.14,
    "weightedAverageShsOut": 545853659,
    "weightedAverageShsOutDil": 545853659,
    "link": null,
    "finalLink": null
  }
]