[
  {
    "date": "2025-07-31",
    "symbol": "SJM",
    "reportedCurrency": "USD",
    "cik": "0000091419",
    "fillingDate": "2025-08-27",
    "acceptedDate": "2025-08-27 16:17:29",
    "calendarYear": "2026",
    "period": "Q1",
    "revenue": 2113300000,
    "costOfRevenue": 1638600000,
    "grossProfit": 474700000,
    "grossProfitRatio": 0.2246249941,
    "researchAndDevelopmentExpenses": 0,
    "generalAndAdministrativeExpenses": 0,
    "sellingAndMarketingExpenses": 0,
    "sellingGeneralAndAdministrativeExpenses": 377400000,
    "otherExpenses": 51700000,
    "operatingExpenses": 429100000,
    "costAndExpenses": 2067700000,
    "interestIncome": 0,
    "interestExpense": 100200000,
    "depreciationAndAmortization": 135200000,
    "ebitda": 178900000,
    "ebitdaratio": 0.0846543321,
    "operatingIncome": 45600000,
    "operatingIncomeRatio": 0.0215776274,
    "totalOtherIncomeExpensesNet": -102100000,
    "incomeBeforeTax": -56500000,
    "incomeBeforeTaxRatio": -0.0267354375,
    "incomeTaxExpense": -12600000,
    "netIncome": -43900000,
    "netIncomeRatio": -0.0207731983,
    "eps": -0.41,
    "epsdiluted": -0.41,
    "weightedAverageShsOut": 106600000,
    "weightedAverageShsOutDil": 106600000,
    "link": "https://www.sec.gov/Archives/edgar/data/91419/000009141925000071/0000091419-25-000071-index.htm",
    "finalLink": "https://www.sec.gov/Archives/edgar/data/91419/000009141925000071/sjm-20250731.htm"
  },
  {
    "date": "2025-04-30",
    "symbol": "SJM",
    "reportedCurrency": "USD",
    "cik": "0000091419",
    "fillingDate": "2025-06-18",
    "acceptedDate": "2025-06-18 16:15:54",
    "calendarYear": "2025",
    "period": "Q4",
    "revenue": 2143800000,
    "costOfRevenue": 1320500000,
    "grossProfit": 823300000,
    "grossProfitRatio": 0.3840376901,
    "researchAndDevelopmentExpenses": 0,
    "generalAndAdministrativeExpenses": 0,
    "sellingAndMarketingExpenses": 0,
    "sellingGeneralAndAdministrativeExpenses": 380600000,
    "otherExpenses": 1041800000,
    "operatingExpenses": 1422400000,
    "costAndExpenses": 2742900000,
    "interestIncome": 0,
    "interestExpense": 91200000,
    "depreciationAndAmortization": 123400000,
    "ebitda": -479500000,
    "ebitdaratio": -0.2236682526,
    "operatingIncome": -599100000,
    "operatingIncomeRatio": -0.2794570389,
    "totalOtherIncomeExpensesNet": -98000000,
    "incomeBeforeTax": -697100000,
    "incomeBeforeTaxRatio": -0.3251702584,
    "incomeTaxExpense": 31900000,
    "netIncome": -729000000,
    "netIncomeRatio": -0.3400503778,
    "eps": -6.85,
    "epsdiluted": -6.85,
    "weightedAverageShsOut": 106400000,
    "weightedAverageShsOutDil": 106400000,
    "link": "https://www.sec.gov/Archives/edgar/data/91419/000009141925000056/0000091419-25-000056-index.htm",
    "finalLink": "https://www.sec.gov/Archives/edgar/data/91419/000009141925000056/sjm-20250430.htm"
  },
  {
    "date": "2025-01-31",
    "symbol": "SJM",
    "reportedCurrency": "USD",
    "cik": "0000091419",
    "fillingDate": "2025-02-27",
    "acceptedDate": "2025-02-27 16:17:56",
    "calendarYear": "2025",
    "period": "Q3",
    "revenue": 2186000000,
    "costOfRevenue": 1307900000,
    "grossProfit": 878100000,
    "grossProfitRatio": 0.4016925892,
    "researchAndDevelopmentExpenses": 0,
    "generalAndAdministrativeExpenses": 0,
    "sellingAndMarketingExpenses": 0,
    "sellingGeneralAndAdministrativeExpenses": 367600000,
    "otherExpenses": 1104500000,
    "operatingExpenses": 1472100000,
    "costAndExpenses": 2780000000,
    "interestIncome": 0,
    "interestExpense": 92400000,
    "depreciationAndAmortization": 122100000,
    "ebitda": -445000000,
    "ebitdaratio": -0.203568161,
    "operatingIncome": -594000000,
    "operatingIncomeRatio": -0.2717291857,
    "totalOtherIncomeExpensesNet": -68500000,
    "incomeBeforeTax": -662500000,
    "incomeBeforeTaxRatio": -0.3030649588,
    "incomeTaxExpense": -200000,
    "netIncome": -662300000,
    "netIncomeRatio": -0.3029734675,
    "eps": -6.22,
    "epsdiluted": -6.21,
    "weightedAverageShsOut": 106400000,
    "weightedAverageShsOutDil": 106700000,
    "link": "https://www.sec.gov/Archives/edgar/data/91419/000009141925000011/0000091419-25-000011-index.htm",
    "finalLink": "https://www.sec.gov/Archives/edgar/data/91419/000009141925000011/sjm-20250131.htm"
  },
  {
    "date": "2024-10-31",
    "symbol": "SJM",
    "reportedCurrency": "USD",
    "cik": "0000091419",
    "fillingDate": "2024-11-26",
    "acceptedDate": "2024-11-26 16:15:49",
    "calendarYear": "2025",
    "period": "Q2",
    "revenue": 2271200000,
    "costOfRevenue": 1385100000,
    "grossProfit": 886100000,
    "grossProfitRatio": 0.3901461782,
    "researchAndDevelopmentExpenses": 0,
    "generalAndAdministrativeExpenses": 0,
    "sellingAndMarketingExpenses": 0,
    "sellingGeneralAndAdministrativeExpenses": 390700000,
    "otherExpenses": 325700000,
    "operatingExpenses": 716400000,
    "costAndExpenses": 2101500000,
    "interestIncome": 0,
    "interestExpense": 98700000,
    "depreciationAndAmortization": 128000000,
    "ebitda": 293500000,
    "ebitdaratio": 0.1292268404,
    "operatingIncome": 169700000,
    "operatingIncomeRatio": 0.0747182106,
    "totalOtherIncomeExpensesNet": -102900000,
    "incomeBeforeTax": 66800000,
    "incomeBeforeTaxRatio": 0.0294117647,
    "incomeTaxExpense": 91300000,
    "netIncome": -24500000,
    "netIncomeRatio": -0.010787249,
    "eps": -0.23,
    "epsdiluted": -0.23,
    "weightedAverageShsOut": 106400000,
    "weightedAverageShsOutDil": 106700000,
    "link": "https://www.sec.gov/Archives/edgar/data/91419/000009141924000103/0000091419-24-000103-index.htm",
    "finalLink": "https://www.sec.gov/Archives/edgar/data/91419/000009141924000103/sjm-20241031.htm"
  },
  {
    "date": "2024-07-31",
    "symbol": "SJM",
    "reportedCurrency": "USD",
    "cik": "0000091419",
    "fillingDate": "2024-08-28",
    "acceptedDate": "2024-08-28 16:16:24",
    "calendarYear": "2025",
    "period": "Q1",
    "revenue": 2125100000,
    "costOfRevenue": 1327900000,
    "grossProfit": 797200000,
    "grossProfitRatio": 0.3751352878,
    "researchAndDevelopmentExpenses": 0,
    "generalAndAdministrativeExpenses": 0,
    "sellingAndMarketingExpenses": 0,
    "sellingGeneralAndAdministrativeExpenses": 390100000,
    "otherExpenses": 57600000,
    "operatingExpenses": 447700000,
    "costAndExpenses": 1775600000,
    "interestIncome": 0,
    "interestExpense": 100400000,
    "depreciationAndAmortization": 129000000,
    "ebitda": 475400000,
    "ebitdaratio": 0.2237071197,
    "operatingIncome": 349500000,
    "operatingIncomeRatio": 0.1644628488,
    "totalOtherIncomeExpensesNet": -103500000,
    "incomeBeforeTax": 246000000,
    "incomeBeforeTaxRatio": 0.1157592584,
    "incomeTaxExpense": 61000000,
    "netIncome": 185000000,
    "netIncomeRatio": 0.0870547268,
    "eps": 1.74,
    "epsdiluted": 1.74,
    "weightedAverageShsOut": 106300000,
    "weightedAverageShsOutDil": 106300000,
    "link": "https://www.sec.gov/Archives/edgar/data/91419/000009141924000077/0000091419-24-000077-index.htm",
    "finalLink": "https://www.sec.gov/Archives/edgar/data/91419/000009141924000077/sjm-20240731.htm"
  },
  {
    "date": "2024-04-30",
    "symbol": "SJM",
    "reportedCurrency": "USD",
    "cik": "0000091419",
    "fillingDate": "2024-06-18",
    "acceptedDate": "2024-06-18 16:49:10",
    "calendarYear": "2024",
    "period": "Q4",
    "revenue": 2205700000,
    "costOfRevenue": 1292400000,
    "grossProfit": 913300000,
    "grossProfitRatio": 0.4140635626,
    "researchAndDevelopmentExpenses": 49100000,
    "generalAndAdministrativeExpenses": 0,
    "sellingAndMarketingExpenses": 0,
    "sellingGeneralAndAdministrativeExpenses": 424900000,
    "otherExpenses": 33300000,
    "operatingExpenses": 507300000,
    "costAndExpenses": 1799700000,
    "interestIncome": 0,
    "interestExpense": 97300000,
    "depreciationAndAmortization": 125000000,
    "ebitda": 535400000,
    "ebitdaratio": 0.2427347327,
    "operatingIncome": 406000000,
    "operatingIncomeRatio": 0.1840685497,
    "totalOtherIncomeExpensesNet": -92900000,
    "incomeBeforeTax": 313100000,
    "incomeBeforeTaxRatio": 0.1419504012,
    "incomeTaxExpense": 68000000,
    "netIncome": 245100000,
    "netIncomeRatio": 0.111121186,
    "eps": 2.31,
    "epsdiluted": 2.3,
    "weightedAverageShsOut": 106200000,
    "weightedAverageShsOutDil": 106400000,
    "link": "https://www.sec.gov/Archives/edgar/data/91419/000009141924000054/0000091419-24-000054-index.htm",
    "finalLink": "https://www.sec.gov/Archives/edgar/data/91419/000009141924000054/sjm-20240430.htm"
  },
  {
    "date": "2024-01-31",
    "symbol": "SJM",
    "reportedCurrency": "USD",
    "cik": "0000091419",
    "fillingDate": "2024-02-27",
    "acceptedDate": "2024-02-27 16:16:37",
    "calendarYear": "2024",
    "period": "Q3",
    "revenue": 2229200000,
    "costOfRevenue": 1406100000,
    "grossProfit": 823100000,
    "grossProfitRatio": 0.3692356002,
    "researchAndDevelopmentExpenses": 0,
    "generalAndAdministrativeExpenses": 0,
    "sellingAndMarketingExpenses": 0,
    "sellingGeneralAndAdministrativeExpenses": 374200000,
    "otherExpenses": 151500000,
    "operatingExpenses": 525700000,
    "costAndExpenses": 1931800000,
    "interestIncome": 0,
    "interestExpense": 99800000,
    "depreciationAndAmortization": 123200000,
    "ebitda": 418500000,
    "ebitdaratio": 0.1877355105,
    "operatingIncome": 297400000,
    "operatingIncomeRatio": 0.1334110892,
    "totalOtherIncomeExpensesNet": -101900000,
    "incomeBeforeTax": 195500000,
    "incomeBeforeTaxRatio": 0.0876996232,
    "incomeTaxExpense": 75100000,
    "netIncome": 120400000,
    "netIncomeRatio": 0.0540104073,
    "eps": 1.14,
    "epsdiluted": 1.14,
    "weightedAverageShsOut": 105900000,
    "weightedAverageShsOutDil": 105900000,
    "link": "https://www.sec.gov/Archives/edgar/data/91419/000009141924000010/0000091419-24-000010-index.htm",
    "finalLink": "https://www.sec.gov/Archives/edgar/data/91419/000009141924000010/sjm-20240131.htm"
  },
  {
    "date": "2023-10-31",
    "symbol": "SJM",
    "reportedCurrency": "USD",
    "cik": "0000091419",
    "fillingDate": "2023-12-05",
    "acceptedDate": "2023-12-05 16:23:58",
    "calendarYear": "2024",
    "period": "Q2",
    "revenue": 1938600000,
    "costOfRevenue": 1214400000,
    "grossProfit": 724200000,
    "grossProfitRatio": 0.3735685546,
    "researchAndDevelopmentExpenses": 0,
    "generalAndAdministrativeExpenses": 0,
    "sellingAndMarketingExpenses": 0,
    "sellingGeneralAndAdministrativeExpenses": 333500000,
    "otherExpenses": 91800000,
    "operatingExpenses": 425300000,
    "costAndExpenses": 1639700000,
    "interestIncome": 0,
    "interestExpense": 31700000,
    "depreciationAndAmortization": 92600000,
    "ebitda": 377100000,
    "ebitdaratio": 0.1945218199,
    "operatingIncome": 298900000,
    "operatingIncomeRatio": 0.1541834313,
    "totalOtherIncomeExpensesNet": -49500000,
    "incomeBeforeTax": 249400000,
    "incomeBeforeTaxRatio": 0.1286495409,
    "incomeTaxExpense": 54500000,
    "netIncome": 194900000,
    "netIncomeRatio": 0.1005364696,
    "eps": 1.91,
    "epsdiluted": 1.9,
    "weightedAverageShsOut": 102100000,
    "weightedAverageShsOutDil": 102400000,
    "link": "https://www.sec.gov/Archives/edgar/data/91419/000009141923000143/0000091419-23-000143-index.htm",
    "finalLink": "https://www.sec.gov/Archives/edgar/data/91419/000009141923000143/sjm-20231031.htm"
  },
  {
    "date": "2023-07-31",
    "symbol": "SJM",
    "reportedCurrency": "USD",
    "cik": "0000091419",
    "fillingDate": "2023-08-29",
    "acceptedDate": "2023-08-29 16:15:36",
    "calendarYear": "2024",
    "period": "Q1",
    "revenue": 1805200000,
    "costOfRevenue": 1150400000,
    "grossProfit": 654800000,
    "grossProfitRatio": 0.3627298914,
    "researchAndDevelopmentExpenses": 0,
    "generalAndAdministrativeExpenses": 0,
    "sellingAndMarketingExpenses": 0,
    "sellingGeneralAndAdministrativeExpenses": 313600000,
    "otherExpenses": 37700000,
    "operatingExpenses": 351300000,
    "costAndExpenses": 1501700000,
    "interestIncome": 0,
    "interestExpense": 32100000,
    "depreciationAndAmortization": 90000000,
    "ebitda": 360500000,
    "ebitdaratio": 0.1997008642,
    "operatingIncome": 303500000,
    "operatingIncomeRatio": 0.1681254155,
    "totalOtherIncomeExpensesNet": -65100000,
    "incomeBeforeTax": 238400000,
    "incomeBeforeTaxRatio": 0.1320629293,
    "incomeTaxExpense": 54800000,
    "netIncome": 183600000,
    "netIncomeRatio": 0.1017061821,
    "eps": 1.79,
    "epsdiluted": 1.79,
    "weightedAverageShsOut": 102400000,
    "weightedAverageShsOutDil": 102500000,
    "link": "https://www.sec.gov/Archives/edgar/data/91419/000009141923000113/0000091419-23-000113-index.htm",
    "finalLink": "https://www.sec.gov/Archives/edgar/data/91419/000009141923000113/sjm-20230731.htm"
  },
  {
    "date": "2023-04-30",
    "symbol": "SJM",
    "reportedCurrency": "USD",
    "cik": "0000091419",
    "fillingDate": "2023-06-20",
    "acceptedDate": "2023-06-20 08:49:13",
    "calendarYear": "2023",
    "period": "Q4",
    "revenue": 2234800000,
    "costOfRevenue": 1442400000,
    "grossProfit": 792400000,
    "grossProfitRatio": 0.3545731162,
    "researchAndDevelopmentExpenses": 0,
    "generalAndAdministrativeExpenses": 220800000,
    "sellingAndMarketingExpenses": 160300000,
    "sellingGeneralAndAdministrativeExpenses": 381100000,
    "otherExpenses": 1049900000,
    "operatingExpenses": 1425900000,
    "costAndExpenses": 2868300000,
    "interestIncome": 0,
    "interestExpense": 35300000,
    "depreciationAndAmortization": 92200000,
    "ebitda": -551100000,
    "ebitdaratio": -0.2465992483,
    "operatingIncome": -633500000,
    "operatingIncomeRatio": -0.2834705566,
    "totalOtherIncomeExpensesNet": -45100000,
    "incomeBeforeTax": -678600000,
    "incomeBeforeTaxRatio": -0.3036513335,
    "incomeTaxExpense": -77900000,
    "netIncome": -600700000,
    "netIncomeRatio": -0.2687936281,
    "eps": -5.69,
    "epsdiluted": -5.69,
    "weightedAverageShsOut": 105400000,
    "weightedAverageShsOutDil": 105400000,
    "link": "https://www.sec.gov/Archives/edgar/data/91419/000009141923000072/0000091419-23-000072-index.htm",
    "finalLink": "https://www.sec.gov/Archives/edgar/data/91419/000009141923000072/sjm-20230430.htm"
  },
  {
    "date": "2023-01-31",
    "symbol": "SJM",
    "reportedCurrency": "USD",
    "cik": "0000091419",
    "fillingDate": "2023-02-28",
    "acceptedDate": "2023-02-28 16:16:22",
    "calendarYear": "2023",
    "period": "Q3",
    "revenue": 2216300000,
    "costOfRevenue": 1460500000,
    "grossProfit": 755800000,
    "grossProfitRatio": 0.3410188151,
    "researchAndDevelopmentExpenses": 0,
    "generalAndAdministrativeExpenses": 0,
    "sellingAndMarketingExpenses": 0,
    "sellingGeneralAndAdministrativeExpenses": 380900000,
    "otherExpenses": 57000000,
    "operatingExpenses": 437900000,
    "costAndExpenses": 1898400000,
    "interestIncome": 0,
    "interestExpense": 37900000,
    "depreciationAndAmortization": 115400000,
    "ebitda": 428700000,
    "ebitdaratio": 0.1934304923,
    "operatingIncome": 317900000,
    "operatingIncomeRatio": 0.1434372603,
    "totalOtherIncomeExpensesNet": -42500000,
    "incomeBeforeTax": 275400000,
    "incomeBeforeTaxRatio": 0.124261156,
    "incomeTaxExpense": 66900000,
    "netIncome": 208500000,
    "netIncomeRatio": 0.0940757118,
    "eps": 1.96,
    "epsdiluted": 1.95,
    "weightedAverageShsOut": 106500000,
    "weightedAverageShsOutDil": 106600000,
    "link": "https://www.sec.gov/Archives/edgar/data/91419/000009141923000021/0000091419-23-000021-index.htm",
    "finalLink": "https://www.sec.gov/Archives/edgar/data/91419/000009141923000021/sjm-20230131.htm"
  },
  {
    "date": "2022-10-31",
    "symbol": "SJM",
    "reportedCurrency": "USD",
    "cik": "0000091419",
    "fillingDate": "2022-11-21",
    "acceptedDate": "2022-11-21 16:11:57",
    "calendarYear": "2023",
    "period": "Q2",
    "revenue": 2205100000,
    "costOfRevenue": 1504000000,
    "grossProfit": 701100000,
    "grossProfitRatio": 0.3179447644,
    "researchAndDevelopmentExpenses": 0,
    "generalAndAdministrativeExpenses": 0,
    "sellingAndMarketingExpenses": 0,
    "sellingGeneralAndAdministrativeExpenses": 354300000,
    "otherExpenses": 53400000,
    "operatingExpenses": 407700000,
    "costAndExpenses": 1911700000,
    "interestIncome": 0,
    "interestExpense": 39700000,
    "depreciationAndAmortization": 112700000,
    "ebitda": 405300000,
    "ebitdaratio": 0.1838011882,
    "operatingIncome": 293400000,
    "operatingIncomeRatio": 0.1330551902,
    "totalOtherIncomeExpensesNet": -40500000,
    "incomeBeforeTax": 252900000,
    "incomeBeforeTaxRatio": 0.1146886763,
    "incomeTaxExpense": 61800000,
    "netIncome": 191100000,
    "netIncomeRatio": 0.0866627364,
    "eps": 1.79,
    "epsdiluted": 1.79,
    "weightedAverageShsOut": 106600000,
    "weightedAverageShsOutDil": 106900000,
    "link": "https://www.sec.gov/Archives/edgar/data/91419/000009141922000140/0000091419-22-000140-index.htm",
    "finalLink": "https://www.sec.gov/Archives/edgar/data/91419/000009141922000140/sjm-20221031.htm"
  },
  {
    "date": "2022-07-31",
    "symbol": "SJM",
    "reportedCurrency": "USD",
    "cik": "0000091419",
    "fillingDate": "2022-08-23",
    "acceptedDate": "2022-08-23 16:32:11",
    "calendarYear": "2023",
    "period": "Q1",
    "revenue": 1873000000,
    "costOfRevenue": 1320500000,
    "grossProfit": 552500000,
    "grossProfitRatio": 0.2949813134,
    "researchAndDevelopmentExpenses": 0,
    "generalAndAdministrativeExpenses": 0,
    "sellingAndMarketingExpenses": 0,
    "sellingGeneralAndAdministrativeExpenses": 343800000,
    "otherExpenses": 29000000,
    "operatingExpenses": 372800000,
    "costAndExpenses": 1693300000,
    "interestIncome": 0,
    "interestExpense": 39100000,
    "depreciationAndAmortization": 110700000,
    "ebitda": 290900000,
    "ebitdaratio": 0.1553123332,
    "operatingIncome": 179700000,
    "operatingIncomeRatio": 0.0959423385,
    "totalOtherIncomeExpensesNet": -38600000,
    "incomeBeforeTax": 141100000,
    "incomeBeforeTaxRatio": 0.0753336893,
    "incomeTaxExpense": 31300000,
    "netIncome": 109800000,
    "netIncomeRatio": 0.0586225307,
    "eps": 1.03,
    "epsdiluted": 1.03,
    "weightedAverageShsOut": 106300000,
    "weightedAverageShsOutDil": 106400000,
    "link": "https://www.sec.gov/Archives/edgar/data/91419/000009141922000096/0000091419-22-000096-index.htm",
    "finalLink": "https://www.sec.gov/Archives/edgar/data/91419/000009141922000096/sjm-20220731.htm"
  },
  {
    "date": "2022-04-30",
    "symbol": "SJM",
    "reportedCurrency": "USD",
    "cik": "0000091419",
    "fillingDate": "2022-06-16",
    "acceptedDate": "2022-06-16 16:16:23",
    "calendarYear": "2022",
    "period": "Q4",
    "revenue": 2033800000,
    "costOfRevenue": 1367100000,
    "grossProfit": 666700000,
    "grossProfitRatio": 0.3278100108,
    "researchAndDevelopmentExpenses": 48800000,
    "generalAndAdministrativeExpenses": 0,
    "sellingAndMarketingExpenses": 0,
    "sellingGeneralAndAdministrativeExpenses": 352600000,
    "otherExpenses": -36700000,
    "operatingExpenses": 364700000,
    "costAndExpenses": 1731800000,
    "interestIncome": 0,
    "interestExpense": 38000000,
    "depreciationAndAmortization": 114100000,
    "ebitda": 412300000,
    "ebitdaratio": 0.202723965,
    "operatingIncome": 302000000,
    "operatingIncomeRatio": 0.1484905104,
    "totalOtherIncomeExpensesNet": -41800000,
    "incomeBeforeTax": 260200000,
    "incomeBeforeTaxRatio": 0.1279378503,
    "incomeTaxExpense": 58100000,
    "netIncome": 202100000,
    "netIncomeRatio": 0.0993706362,
    "eps": 1.88,
    "epsdiluted": 1.87,
    "weightedAverageShsOut": 107500000,
    "weightedAverageShsOutDil": 107800000,
    "link": "https://www.sec.gov/Archives/edgar/data/91419/000009141922000049/0000091419-22-000049-index.htm",
    "finalLink": "https://www.sec.gov/Archives/edgar/data/91419/000009141922000049/sjm-20220430.htm"
  },
  {
    "date": "2022-01-31",
    "symbol": "SJM",
    "reportedCurrency": "USD",
    "cik": "0000091419",
    "fillingDate": "2022-03-01",
    "acceptedDate": "2022-03-01 16:16:37",
    "calendarYear": "2022",
    "period": "Q3",
    "revenue": 2057100000,
    "costOfRevenue": 1374000000,
    "grossProfit": 683100000,
    "grossProfitRatio": 0.3320694181,
    "researchAndDevelopmentExpenses": 0,
    "generalAndAdministrativeExpenses": 0,
    "sellingAndMarketingExpenses": 0,
    "sellingGeneralAndAdministrativeExpenses": 336000000,
    "otherExpenses": 196500000,
    "operatingExpenses": 532500000,
    "costAndExpenses": 1906500000,
    "interestIncome": 0,
    "interestExpense": 39500000,
    "depreciationAndAmortization": 115200000,
    "ebitda": 264300000,
    "ebitdaratio": 0.1284818434,
    "operatingIncome": 150600000,
    "operatingIncomeRatio": 0.0732098585,
    "totalOtherIncomeExpensesNet": -41000000,
    "incomeBeforeTax": 109600000,
    "incomeBeforeTaxRatio": 0.0532788878,
    "incomeTaxExpense": 39900000,
    "netIncome": 69700000,
    "netIncomeRatio": 0.0338826503,
    "eps": 0.64,
    "epsdiluted": 0.64,
    "weightedAverageShsOut": 108400000,
    "weightedAverageShsOutDil": 108500000,
    "link": "https://www.sec.gov/Archives/edgar/data/91419/000009141922000017/0000091419-22-000017-index.htm",
    "finalLink": "https://www.sec.gov/Archives/edgar/data/91419/000009141922000017/sjm-20220131.htm"
  },
  {
    "date": "2021-10-31",
    "symbol": "SJM",
    "reportedCurrency": "USD",
    "cik": "0000091419",
    "fillingDate": "2021-11-23",
    "acceptedDate": "2021-11-23 16:13:14",
    "calendarYear": "2022",
    "period": "Q2",
    "revenue": 2050000000,
    "costOfRevenue": 1338500000,
    "grossProfit": 711500000,
    "grossProfitRatio": 0.3470731707,
    "researchAndDevelopmentExpenses": 0,
    "generalAndAdministrativeExpenses": 0,
    "sellingAndMarketingExpenses": 0,
    "sellingGeneralAndAdministrativeExpenses": 347700000,
    "otherExpenses": 52000000,
    "operatingExpenses": 399700000,
    "costAndExpenses": 1738200000,
    "interestIncome": 0,
    "interestExpense": 40300000,
    "depreciationAndAmortization": 115900000,
    "ebitda": 425000000,
    "ebitdaratio": 0.2073170732,
    "operatingIncome": 311800000,
    "operatingIncomeRatio": 0.152097561,
    "totalOtherIncomeExpensesNet": -43000000,
    "incomeBeforeTax": 268800000,
    "incomeBeforeTaxRatio": 0.1311219512,
    "incomeTaxExpense": 62800000,
    "netIncome": 206000000,
    "netIncomeRatio": 0.1004878049,
    "eps": 1.9,
    "epsdiluted": 1.9,
    "weightedAverageShsOut": 108100000,
    "weightedAverageShsOutDil": 108100000,
    "link": "https://www.sec.gov/Archives/edgar/data/91419/000009141921000107/0000091419-21-000107-index.htm",
    "finalLink": "https://www.sec.gov/Archives/edgar/data/91419/000009141921000107/sjm-20211031.htm"
  },
  {
    "date": "2021-07-31",
    "symbol": "SJM",
    "reportedCurrency": "USD",
    "cik": "0000091419",
    "fillingDate": "2021-08-26",
    "acceptedDate": "2021-08-26 16:26:21",
    "calendarYear": "2022",
    "period": "Q1",
    "revenue": 1858000000,
    "costOfRevenue": 1218600000,
    "grossProfit": 639400000,
    "grossProfitRatio": 0.3441334769,
    "researchAndDevelopmentExpenses": 0,
    "generalAndAdministrativeExpenses": 0,
    "sellingAndMarketingExpenses": 0,
    "sellingGeneralAndAdministrativeExpenses": 324000000,
    "otherExpenses": 56000000,
    "operatingExpenses": 380000000,
    "costAndExpenses": 1598600000,
    "interestIncome": 0,
    "interestExpense": 43100000,
    "depreciationAndAmortization": 113900000,
    "ebitda": 362200000,
    "ebitdaratio": 0.1949407966,
    "operatingIncome": 259400000,
    "operatingIncomeRatio": 0.1396124865,
    "totalOtherIncomeExpensesNet": -54200000,
    "incomeBeforeTax": 205200000,
    "incomeBeforeTaxRatio": 0.1104413348,
    "incomeTaxExpense": 51300000,
    "netIncome": 153900000,
    "netIncomeRatio": 0.0828310011,
    "eps": 1.42,
    "epsdiluted": 1.42,
    "weightedAverageShsOut": 108300000,
    "weightedAverageShsOutDil": 108400000,
    "link": "https://www.sec.gov/Archives/edgar/data/91419/000009141921000083/0000091419-21-000083-index.htm",
    "finalLink": "https://www.sec.gov/Archives/edgar/data/91419/000009141921000083/sjm-20210731.htm"
  },
  {
    "date": "2021-04-30",
    "symbol": "SJM",
    "reportedCurrency": "USD",
    "cik": "0000091419",
    "fillingDate": "2021-06-17",
    "acceptedDate": "2021-06-17 16:20:08",
    "calendarYear": "2021",
    "period": "Q4",
    "revenue": 1920200000,
    "costOfRevenue": 1184500000,
    "grossProfit": 735700000,
    "grossProfitRatio": 0.3831371732,
    "researchAndDevelopmentExpenses": 57700000,
    "generalAndAdministrativeExpenses": 0,
    "sellingAndMarketingExpenses": 0,
    "sellingGeneralAndAdministrativeExpenses": 411100000,
    "otherExpenses": 28200000,
    "operatingExpenses": 497000000,
    "costAndExpenses": 1681500000,
    "interestIncome": 0,
    "interestExpense": 42400000,
    "depreciationAndAmortization": 114700000,
    "ebitda": 350400000,
    "ebitdaratio": 0.1824809916,
    "operatingIncome": 238700000,
    "operatingIncomeRatio": 0.1243099677,
    "totalOtherIncomeExpensesNet": -45400000,
    "incomeBeforeTax": 193300000,
    "incomeBeforeTaxRatio": 0.1006665972,
    "incomeTaxExpense": 46300000,
    "netIncome": 147000000,
    "netIncomeRatio": 0.0765545256,
    "eps": 1.35,
    "epsdiluted": 1.35,
    "weightedAverageShsOut": 108900000,
    "weightedAverageShsOutDil": 108900000,
    "link": "https://www.sec.gov/Archives/edgar/data/91419/000009141921000048/0000091419-21-000048-index.htm",
    "finalLink": "https://www.sec.gov/Archives/edgar/data/91419/000009141921000048/sjm-20210430.htm"
  },
  {
    "date": "2021-01-31",
    "symbol": "SJM",
    "reportedCurrency": "USD",
    "cik": "0000091419",
    "fillingDate": "2021-02-25",
    "acceptedDate": "2021-02-25 16:17:20",
    "calendarYear": "2021",
    "period": "Q3",
    "revenue": 2076700000,
    "costOfRevenue": 1267300000,
    "grossProfit": 809400000,
    "grossProfitRatio": 0.3897529735,
    "researchAndDevelopmentExpenses": 0,
    "generalAndAdministrativeExpenses": 0,
    "sellingAndMarketingExpenses": 0,
    "sellingGeneralAndAdministrativeExpenses": 371700000,
    "otherExpenses": 31500000,
    "operatingExpenses": 403200000,
    "costAndExpenses": 1670500000,
    "interestIncome": 0,
    "interestExpense": 43500000,
    "depreciationAndAmortization": 110500000,
    "ebitda": 515500000,
    "ebitdaratio": 0.2482303655,
    "operatingIncome": 406200000,
    "operatingIncomeRatio": 0.1955987865,
    "totalOtherIncomeExpensesNet": -44700000,
    "incomeBeforeTax": 361500000,
    "incomeBeforeTaxRatio": 0.1740742524,
    "incomeTaxExpense": 100000000,
    "netIncome": 261500000,
    "netIncomeRatio": 0.1259209322,
    "eps": 2.32,
    "epsdiluted": 2.32,
    "weightedAverageShsOut": 112100000,
    "weightedAverageShsOutDil": 112100000,
    "link": "https://www.sec.gov/Archives/edgar/data/91419/000009141921000011/0000091419-21-000011-index.htm",
    "finalLink": "https://www.sec.gov/Archives/edgar/data/91419/000009141921000011/sjm-20210131.htm"
  },
  {
    "date": "2020-10-31",
    "symbol": "SJM",
    "reportedCurrency": "USD",
    "cik": "0000091419",
    "fillingDate": "2020-11-24",
    "acceptedDate": "2020-11-24 16:21:45",
    "calendarYear": "2021",
    "period": "Q2",
    "revenue": 2034000000,
    "costOfRevenue": 1215800000,
    "grossProfit": 818200000,
    "grossProfitRatio": 0.4022615536,
    "researchAndDevelopmentExpenses": 0,
    "generalAndAdministrativeExpenses": 0,
    "sellingAndMarketingExpenses": 0,
    "sellingGeneralAndAdministrativeExpenses": 382800000,
    "otherExpenses": 54600000,
    "operatingExpenses": 437400000,
    "costAndExpenses": 1653200000,
    "interestIncome": 0,
    "interestExpense": 45100000,
    "depreciationAndAmortization": 113600000,
    "ebitda": 462200000,
    "ebitdaratio": 0.2272369715,
    "operatingIncome": 380800000,
    "operatingIncomeRatio": 0.1872173058,
    "totalOtherIncomeExpensesNet": -77300000,
    "incomeBeforeTax": 303500000,
    "incomeBeforeTaxRatio": 0.1492133727,
    "incomeTaxExpense": 72700000,
    "netIncome": 230800000,
    "netIncomeRatio": 0.1134709931,
    "eps": 2.02,
    "epsdiluted": 2.02,
    "weightedAverageShsOut": 114200000,
    "weightedAverageShsOutDil": 114200000,
    "link": "https://www.sec.gov/Archives/edgar/data/91419/000009141920000151/0000091419-20-000151-index.htm",
    "finalLink": "https://www.sec.gov/Archives/edgar/data/91419/000009141920000151/sjm-20201031.htm"
  },
  {
    "date": "2020-07-31",
    "symbol": "SJM",
    "reportedCurrency": "USD",
    "cik": "0000091419",
    "fillingDate": "2020-08-25",
    "acceptedDate": "2020-08-25 16:27:27",
    "calendarYear": "2021",
    "period": "Q1",
    "revenue": 1971800000,
    "costOfRevenue": 1196400000,
    "grossProfit": 775400000,
    "grossProfitRatio": 0.393244751,
    "researchAndDevelopmentExpenses": 0,
    "generalAndAdministrativeExpenses": 0,
    "sellingAndMarketingExpenses": 0,
    "sellingGeneralAndAdministrativeExpenses": 357500000,
    "otherExpenses": 56800000,
    "operatingExpenses": 414300000,
    "costAndExpenses": 1610700000,
    "interestIncome": 0,
    "interestExpense": 46100000,
    "depreciationAndAmortization": 113700000,
    "ebitda": 473400000,
    "ebitdaratio": 0.2400852013,
    "operatingIncome": 361100000,
    "operatingIncomeRatio": 0.1831321635,
    "totalOtherIncomeExpensesNet": -47500000,
    "incomeBeforeTax": 313600000,
    "incomeBeforeTaxRatio": 0.1590424992,
    "incomeTaxExpense": 76600000,
    "netIncome": 237000000,
    "netIncomeRatio": 0.1201947459,
    "eps": 2.08,
    "epsdiluted": 2.08,
    "weightedAverageShsOut": 114100000,
    "weightedAverageShsOutDil": 114100000,
    "link": "https://www.sec.gov/Archives/edgar/data/91419/000009141920000111/0000091419-20-000111-index.htm",
    "finalLink": "https://www.sec.gov/Archives/edgar/data/91419/000009141920000111/sjm-20200731.htm"
  },
  {
    "date": "2020-04-30",
    "symbol": "SJM",
    "reportedCurrency": "USD",
    "cik": "0000091419",
    "fillingDate": "2020-06-19",
    "acceptedDate": "2020-06-19 16:12:34",
    "calendarYear": "2020",
    "period": "Q4",
    "revenue": 2092000000,
    "costOfRevenue": 1303600000,
    "grossProfit": 788400000,
    "grossProfitRatio": 0.3768642447,
    "researchAndDevelopmentExpenses": 0,
    "generalAndAdministrativeExpenses": 176700000,
    "sellingAndMarketingExpenses": 198600000,
    "sellingGeneralAndAdministrativeExpenses": 375300000,
    "otherExpenses": 68300000,
    "operatingExpenses": 441700000,
    "costAndExpenses": 1745300000,
    "interestIncome": 0,
    "interestExpense": 45600000,
    "depreciationAndAmortization": 113400000,
    "ebitda": 457400000,
    "ebitdaratio": 0.2186424474,
    "operatingIncome": 346700000,
    "operatingIncomeRatio": 0.1657265774,
    "totalOtherIncomeExpensesNet": -48300000,
    "incomeBeforeTax": 298400000,
    "incomeBeforeTaxRatio": 0.1426386233,
    "incomeTaxExpense": 72100000,
    "netIncome": 226300000,
    "netIncomeRatio": 0.1081739962,
    "eps": 1.98,
    "epsdiluted": 1.98,
    "weightedAverageShsOut": 114000000,
    "weightedAverageShsOutDil": 114000000,
    "link": "https://www.sec.gov/Archives/edgar/data/91419/000009141920000065/0000091419-20-000065-index.htm",
    "finalLink": "https://www.sec.gov/Archives/edgar/data/91419/000009141920000065/sjm-20200430.htm"
  },
  {
    "date": "2020-01-31",
    "symbol": "SJM",
    "reportedCurrency": "USD",
    "cik": "0000091419",
    "fillingDate": "2020-02-27",
    "acceptedDate": "2020-02-27 07:46:31",
    "calendarYear": "2020",
    "period": "Q3",
    "revenue": 1972300000,
    "costOfRevenue": 1212300000,
    "grossProfit": 760000000,
    "grossProfitRatio": 0.3853369163,
    "researchAndDevelopmentExpenses": 0,
    "generalAndAdministrativeExpenses": 0,
    "sellingAndMarketingExpenses": 0,
    "sellingGeneralAndAdministrativeExpenses": 358900000,
    "otherExpenses": 112100000,
    "operatingExpenses": 471000000,
    "costAndExpenses": 1683300000,
    "interestIncome": 0,
    "interestExpense": 45100000,
    "depreciationAndAmortization": 112100000,
    "ebitda": 399700000,
    "ebitdaratio": 0.2026567966,
    "operatingIncome": 289000000,
    "operatingIncomeRatio": 0.1465294326,
    "totalOtherIncomeExpensesNet": -46500000,
    "incomeBeforeTax": 242500000,
    "incomeBeforeTaxRatio": 0.1229528976,
    "incomeTaxExpense": 55100000,
    "netIncome": 187400000,
    "netIncomeRatio": 0.0950159712,
    "eps": 1.64,
    "epsdiluted": 1.64,
    "weightedAverageShsOut": 114000000,
    "weightedAverageShsOutDil": 114000000,
    "link": "https://www.sec.gov/Archives/edgar/data/91419/000009141920000012/0000091419-20-000012-index.htm",
    "finalLink": "https://www.sec.gov/Archives/edgar/data/91419/000009141920000012/sjm-20200131.htm"
  },
  {
    "date": "2019-10-31",
    "symbol": "SJM",
    "reportedCurrency": "USD",
    "cik": "0000091419",
    "fillingDate": "2019-11-22",
    "acceptedDate": "2019-11-22 16:18:19",
    "calendarYear": "2020",
    "period": "Q2",
    "revenue": 1957800000,
    "costOfRevenue": 1203800000,
    "grossProfit": 754000000,
    "grossProfitRatio": 0.385126162,
    "researchAndDevelopmentExpenses": 0,
    "generalAndAdministrativeExpenses": 0,
    "sellingAndMarketingExpenses": 0,
    "sellingGeneralAndAdministrativeExpenses": 361500000,
    "otherExpenses": 62700000,
    "operatingExpenses": 424200000,
    "costAndExpenses": 1628000000,
    "interestIncome": 0,
    "interestExpense": 49100000,
    "depreciationAndAmortization": 111400000,
    "ebitda": 439600000,
    "ebitdaratio": 0.2245377465,
    "operatingIncome": 329800000,
    "operatingIncomeRatio": 0.1684543876,
    "totalOtherIncomeExpensesNet": -50700000,
    "incomeBeforeTax": 279100000,
    "incomeBeforeTaxRatio": 0.1425579732,
    "incomeTaxExpense": 67900000,
    "netIncome": 211200000,
    "netIncomeRatio": 0.1078761876,
    "eps": 1.85,
    "epsdiluted": 1.85,
    "weightedAverageShsOut": 114100000,
    "weightedAverageShsOutDil": 114100000,
    "link": "https://www.sec.gov/Archives/edgar/data/91419/000009141919000024/0000091419-19-000024-index.htm",
    "finalLink": "https://www.sec.gov/Archives/edgar/data/91419/000009141919000024/sjm20191031-10q.htm"
  },
  {
    "date": "2019-07-31",
    "symbol": "SJM",
    "reportedCurrency": "USD",
    "cik": "0000091419",
    "fillingDate": "2019-08-27",
    "acceptedDate": "2019-08-27 16:11:09",
    "calendarYear": "2020",
    "period": "Q1",
    "revenue": 1778900000,
    "costOfRevenue": 1079300000,
    "grossProfit": 699600000,
    "grossProfitRatio": 0.3932767441,
    "researchAndDevelopmentExpenses": 0,
    "generalAndAdministrativeExpenses": 0,
    "sellingAndMarketingExpenses": 0,
    "sellingGeneralAndAdministrativeExpenses": 380500000,
    "otherExpenses": 61500000,
    "operatingExpenses": 442000000,
    "costAndExpenses": 1521300000,
    "interestIncome": 0,
    "interestExpense": 49400000,
    "depreciationAndAmortization": 109600000,
    "ebitda": 365700000,
    "ebitdaratio": 0.2055764798,
    "operatingIncome": 257600000,
    "operatingIncomeRatio": 0.1448085896,
    "totalOtherIncomeExpensesNet": -50900000,
    "incomeBeforeTax": 206700000,
    "incomeBeforeTaxRatio": 0.1161954017,
    "incomeTaxExpense": 52100000,
    "netIncome": 154600000,
    "netIncomeRatio": 0.0869076396,
    "eps": 1.36,
    "epsdiluted": 1.36,
    "weightedAverageShsOut": 113200000,
    "weightedAverageShsOutDil": 113300000,
    "link": "https://www.sec.gov/Archives/edgar/data/91419/000009141919000014/0000091419-19-000014-index.htm",
    "finalLink": "https://www.sec.gov/Archives/edgar/data/91419/000009141919000014/sjm20190731-10q.htm"
  },
  {
    "date": "2019-04-30",
    "symbol": "SJM",
    "reportedCurrency": "USD",
    "cik": "0000091419",
    "fillingDate": "2019-06-17",
    "acceptedDate": "2019-06-17 16:07:13",
    "calendarYear": "2019",
    "period": "Q4",
    "revenue": 1902100000,
    "costOfRevenue": 1209700000,
    "grossProfit": 692400000,
    "grossProfitRatio": 0.3640187162,
    "researchAndDevelopmentExpenses": 0,
    "generalAndAdministrativeExpenses": 132300000,
    "sellingAndMarketingExpenses": 237500000,
    "sellingGeneralAndAdministrativeExpenses": 369800000,
    "otherExpenses": 169000000,
    "operatingExpenses": 538800000,
    "costAndExpenses": 1748500000,
    "interestIncome": 0,
    "interestExpense": 49100000,
    "depreciationAndAmortization": 112300000,
    "ebitda": 263300000,
    "ebitdaratio": 0.1384259503,
    "operatingIncome": 153600000,
    "operatingIncomeRatio": 0.0807528521,
    "totalOtherIncomeExpensesNet": -51700000,
    "incomeBeforeTax": 101900000,
    "incomeBeforeTaxRatio": 0.0535723674,
    "incomeTaxExpense": 30400000,
    "netIncome": 71500000,
    "netIncomeRatio": 0.0375900321,
    "eps": 0.63,
    "epsdiluted": 0.63,
    "weightedAverageShsOut": 113700000,
    "weightedAverageShsOutDil": 113800000,
    "link": "https://www.sec.gov/Archives/edgar/data/91419/000009141919000005/0000091419-19-000005-index.htm",
    "finalLink": "https://www.sec.gov/Archives/edgar/data/91419/000009141919000005/sjm43019-10k.htm"
  },
  {
    "date": "2019-01-31",
    "symbol": "SJM",
    "reportedCurrency": "USD",
    "cik": "0000091419",
    "fillingDate": "2019-02-26",
    "acceptedDate": "2019-02-26 16:09:02",
    "calendarYear": "2019",
    "period": "Q3",
    "revenue": 2011900000,
    "costOfRevenue": 1238100000,
    "grossProfit": 773800000,
    "grossProfitRatio": 0.3846115612,
    "researchAndDevelopmentExpenses": 0,
    "generalAndAdministrativeExpenses": 0,
    "sellingAndMarketingExpenses": 0,
    "sellingGeneralAndAdministrativeExpenses": 373100000,
    "otherExpenses": 183100000,
    "operatingExpenses": 556200000,
    "costAndExpenses": 1794300000,
    "interestIncome": 0,
    "interestExpense": 51600000,
    "depreciationAndAmortization": 110900000,
    "ebitda": 319700000,
    "ebitdaratio": 0.1589045181,
    "operatingIncome": 217600000,
    "operatingIncomeRatio": 0.108156469,
    "totalOtherIncomeExpensesNet": -60400000,
    "incomeBeforeTax": 157200000,
    "incomeBeforeTaxRatio": 0.0781350962,
    "incomeTaxExpense": 35800000,
    "netIncome": 121400000,
    "netIncomeRatio": 0.0603409712,
    "eps": 1.07,
    "epsdiluted": 1.07,
    "weightedAverageShsOut": 113800000,
    "weightedAverageShsOutDil": 113800000,
    "link": "https://www.sec.gov/Archives/edgar/data/91419/000009141919000002/0000091419-19-000002-index.htm",
    "finalLink": "https://www.sec.gov/Archives/edgar/data/91419/000009141919000002/sjm20190131-10q.htm"
  },
  {
    "date": "2018-10-31",
    "symbol": "SJM",
    "reportedCurrency": "USD",
    "cik": "0000091419",
    "fillingDate": "2018-11-28",
    "acceptedDate": "2018-11-28 16:14:51",
    "calendarYear": "2019",
    "period": "Q2",
    "revenue": 2021500000,
    "costOfRevenue": 1250200000,
    "grossProfit": 771300000,
    "grossProfitRatio": 0.3815483552,
    "researchAndDevelopmentExpenses": 0,
    "generalAndAdministrativeExpenses": 0,
    "sellingAndMarketingExpenses": 0,
    "sellingGeneralAndAdministrativeExpenses": 382400000,
    "otherExpenses": 58400000,
    "operatingExpenses": 440800000,
    "costAndExpenses": 1691000000,
    "interestIncome": 0,
    "interestExpense": 53600000,
    "depreciationAndAmortization": 111200000,
    "ebitda": 434200000,
    "ebitdaratio": 0.2147909968,
    "operatingIncome": 330500000,
    "operatingIncomeRatio": 0.1634924561,
    "totalOtherIncomeExpensesNet": -61100000,
    "incomeBeforeTax": 269400000,
    "incomeBeforeTaxRatio": 0.1332673757,
    "incomeTaxExpense": 80900000,
    "netIncome": 188500000,
    "netIncomeRatio": 0.0932475884,
    "eps": 1.66,
    "epsdiluted": 1.66,
    "weightedAverageShsOut": 113200000,
    "weightedAverageShsOutDil": 113200000,
    "link": "https://www.sec.gov/Archives/edgar/data/91419/000009141918000011/0000091419-18-000011-index.htm",
    "finalLink": "https://www.sec.gov/Archives/edgar/data/91419/000009141918000011/sjm20181031-10q.htm"
  },
  {
    "date": "2018-07-31",
    "symbol": "SJM",
    "reportedCurrency": "USD",
    "cik": "0000091419",
    "fillingDate": "2018-08-27",
    "acceptedDate": "2018-08-27 16:19:22",
    "calendarYear": "2019",
    "period": "Q1",
    "revenue": 1902500000,
    "costOfRevenue": 1224300000,
    "grossProfit": 678200000,
    "grossProfitRatio": 0.356478318,
    "researchAndDevelopmentExpenses": 0,
    "generalAndAdministrativeExpenses": 0,
    "sellingAndMarketingExpenses": 0,
    "sellingGeneralAndAdministrativeExpenses": 383300000,
    "otherExpenses": 68000000,
    "operatingExpenses": 451300000,
    "costAndExpenses": 1675600000,
    "interestIncome": 0,
    "interestExpense": 53600000,
    "depreciationAndAmortization": 111900000,
    "ebitda": 338600000,
    "ebitdaratio": 0.1779763469,
    "operatingIncome": 226900000,
    "operatingIncomeRatio": 0.1192641261,
    "totalOtherIncomeExpensesNet": -53800000,
    "incomeBeforeTax": 173100000,
    "incomeBeforeTaxRatio": 0.0909855453,
    "incomeTaxExpense": 40100000,
    "netIncome": 133000000,
    "netIncomeRatio": 0.0699080158,
    "eps": 1.17,
    "epsdiluted": 1.17,
    "weightedAverageShsOut": 113700000,
    "weightedAverageShsOutDil": 113700000,
    "link": "https://www.sec.gov/Archives/edgar/data/91419/000009141918000008/0000091419-18-000008-index.htm",
    "finalLink": "https://www.sec.gov/Archives/edgar/data/91419/000009141918000008/sjm20180731-10q.htm"
  },
  {
    "date": "2018-04-30",
    "symbol": "SJM",
    "reportedCurrency": "USD",
    "cik": "0000091419",
    "fillingDate": "2018-06-18",
    "acceptedDate": "2018-06-18 16:07:02",
    "calendarYear": "2018",
    "period": "Q4",
    "revenue": 1781300000,
    "costOfRevenue": 1090800000,
    "grossProfit": 690500000,
    "grossProfitRatio": 0.3876382417,
    "researchAndDevelopmentExpenses": 0,
    "generalAndAdministrativeExpenses": 0,
    "sellingAndMarketingExpenses": 0,
    "sellingGeneralAndAdministrativeExpenses": 327800000,
    "otherExpenses": 53800000,
    "operatingExpenses": 381600000,
    "costAndExpenses": 1472400000,
    "interestIncome": 0,
    "interestExpense": 47400000,
    "depreciationAndAmortization": 101200000,
    "ebitda": 412800000,
    "ebitdaratio": 0.2317408634,
    "operatingIncome": 308900000,
    "operatingIncomeRatio": 0.1734126761,
    "totalOtherIncomeExpensesNet": -44700000,
    "incomeBeforeTax": 264200000,
    "incomeBeforeTaxRatio": 0.1483186437,
    "incomeTaxExpense": 78300000,
    "netIncome": 185900000,
    "netIncomeRatio": 0.1043619828,
    "eps": 1.64,
    "epsdiluted": 1.64,
    "weightedAverageShsOut": 113600000,
    "weightedAverageShsOutDil": 113600000,
    "link": "https://www.sec.gov/Archives/edgar/data/91419/000009141918000005/0000091419-18-000005-index.htm",
    "finalLink": "https://www.sec.gov/Archives/edgar/data/91419/000009141918000005/sjm43018-10xk.htm"
  },
  {
    "date": "2018-01-31",
    "symbol": "SJM",
    "reportedCurrency": "USD",
    "cik": "0000091419",
    "fillingDate": "2018-02-23",
    "acceptedDate": "2018-02-23 08:20:24",
    "calendarYear": "2018",
    "period": "Q3",
    "revenue": 1903300000,
    "costOfRevenue": 1174800000,
    "grossProfit": 728500000,
    "grossProfitRatio": 0.3827562654,
    "researchAndDevelopmentExpenses": 0,
    "generalAndAdministrativeExpenses": 0,
    "sellingAndMarketingExpenses": 0,
    "sellingGeneralAndAdministrativeExpenses": 330600000,
    "otherExpenses": 233900000,
    "operatingExpenses": 564500000,
    "costAndExpenses": 1739300000,
    "interestIncome": 0,
    "interestExpense": 43100000,
    "depreciationAndAmortization": 103700000,
    "ebitda": 262800000,
    "ebitdaratio": 0.1380759733,
    "operatingIncome": 164000000,
    "operatingIncomeRatio": 0.0861661325,
    "totalOtherIncomeExpensesNet": -48000000,
    "incomeBeforeTax": 116000000,
    "incomeBeforeTaxRatio": 0.0609467767,
    "incomeTaxExpense": -715300000,
    "netIncome": 831300000,
    "netIncomeRatio": 0.4367677192,
    "eps": 7.32,
    "epsdiluted": 7.32,
    "weightedAverageShsOut": 113600000,
    "weightedAverageShsOutDil": 113600000,
    "link": "https://www.sec.gov/Archives/edgar/data/91419/000009141918000003/0000091419-18-000003-index.htm",
    "finalLink": "https://www.sec.gov/Archives/edgar/data/91419/000009141918000003/sjm20180131-10q.htm"
  },
  {
    "date": "2017-10-31",
    "symbol": "SJM",
    "reportedCurrency": "USD",
    "cik": "0000091419",
    "fillingDate": "2017-11-22",
    "acceptedDate": "2017-11-22 07:41:59",
    "calendarYear": "2018",
    "period": "Q2",
    "revenue": 1923600000,
    "costOfRevenue": 1168600000,
    "grossProfit": 755000000,
    "grossProfitRatio": 0.3924932418,
    "researchAndDevelopmentExpenses": 0,
    "generalAndAdministrativeExpenses": 0,
    "sellingAndMarketingExpenses": 0,
    "sellingGeneralAndAdministrativeExpenses": 359500000,
    "otherExpenses": 63400000,
    "operatingExpenses": 422900000,
    "costAndExpenses": 1591500000,
    "interestIncome": 0,
    "interestExpense": 41600000,
    "depreciationAndAmortization": 102200000,
    "ebitda": 435600000,
    "ebitdaratio": 0.2264504055,
    "operatingIncome": 332100000,
    "operatingIncomeRatio": 0.1726450405,
    "totalOtherIncomeExpensesNet": -40300000,
    "incomeBeforeTax": 291800000,
    "incomeBeforeTaxRatio": 0.151694739,
    "incomeTaxExpense": 97200000,
    "netIncome": 194600000,
    "netIncomeRatio": 0.1011644833,
    "eps": 1.71,
    "epsdiluted": 1.71,
    "weightedAverageShsOut": 113600000,
    "weightedAverageShsOutDil": 113600000,
    "link": "https://www.sec.gov/Archives/edgar/data/91419/000009141917000011/0000091419-17-000011-index.htm",
    "finalLink": "https://www.sec.gov/Archives/edgar/data/91419/000009141917000011/sjm20171031-10q.htm"
  },
  {
    "date": "2017-07-31",
    "symbol": "SJM",
    "reportedCurrency": "USD",
    "cik": "0000091419",
    "fillingDate": "2017-08-31",
    "acceptedDate": "2017-08-31 16:11:06",
    "calendarYear": "2018",
    "period": "Q1",
    "revenue": 1748900000,
    "costOfRevenue": 1086800000,
    "grossProfit": 662100000,
    "grossProfitRatio": 0.3785808222,
    "researchAndDevelopmentExpenses": 0,
    "generalAndAdministrativeExpenses": 0,
    "sellingAndMarketingExpenses": 0,
    "sellingGeneralAndAdministrativeExpenses": 348800000,
    "otherExpenses": 78100000,
    "operatingExpenses": 426900000,
    "costAndExpenses": 1513700000,
    "interestIncome": 0,
    "interestExpense": 42000000,
    "depreciationAndAmortization": 106000000,
    "ebitda": 337000000,
    "ebitdaratio": 0.1926925496,
    "operatingIncome": 235200000,
    "operatingIncomeRatio": 0.1344845331,
    "totalOtherIncomeExpensesNet": -46200000,
    "incomeBeforeTax": 189000000,
    "incomeBeforeTaxRatio": 0.1080679284,
    "incomeTaxExpense": 62200000,
    "netIncome": 126800000,
    "netIncomeRatio": 0.072502716,
    "eps": 1.12,
    "epsdiluted": 1.12,
    "weightedAverageShsOut": 113500000,
    "weightedAverageShsOutDil": 113600000,
    "link": "https://www.sec.gov/Archives/edgar/data/91419/000009141917000008/0000091419-17-000008-index.htm",
    "finalLink": "https://www.sec.gov/Archives/edgar/data/91419/000009141917000008/sjm20170731-10q.htm"
  },
  {
    "date": "2017-04-30",
    "symbol": "SJM",
    "reportedCurrency": "USD",
    "cik": "0000091419",
    "fillingDate": "2017-06-19",
    "acceptedDate": "2017-06-19 16:09:55",
    "calendarYear": "2017",
    "period": "Q4",
    "revenue": 1783800000,
    "costOfRevenue": 1137000000,
    "grossProfit": 646800000,
    "grossProfitRatio": 0.3625967037,
    "researchAndDevelopmentExpenses": 0,
    "generalAndAdministrativeExpenses": 164600000,
    "sellingAndMarketingExpenses": 169800000,
    "sellingGeneralAndAdministrativeExpenses": 334400000,
    "otherExpenses": 115700000,
    "operatingExpenses": 450100000,
    "costAndExpenses": 1587100000,
    "interestIncome": 0,
    "interestExpense": 40300000,
    "depreciationAndAmortization": 104200000,
    "ebitda": 306400000,
    "ebitdaratio": 0.1717681354,
    "operatingIncome": 196700000,
    "operatingIncomeRatio": 0.1102702097,
    "totalOtherIncomeExpensesNet": -34800000,
    "incomeBeforeTax": 161900000,
    "incomeBeforeTaxRatio": 0.0907612961,
    "incomeTaxExpense": 51500000,
    "netIncome": 110400000,
    "netIncomeRatio": 0.0618903465,
    "eps": 0.96,
    "epsdiluted": 0.96,
    "weightedAverageShsOut": 114817000,
    "weightedAverageShsOutDil": 114906000,
    "link": "https://www.sec.gov/Archives/edgar/data/91419/000009141917000005/0000091419-17-000005-index.htm",
    "finalLink": "https://www.sec.gov/Archives/edgar/data/91419/000009141917000005/sjm43017-10xk.htm"
  },
  {
    "date": "2017-01-31",
    "symbol": "SJM",
    "reportedCurrency": "USD",
    "cik": "0000091419",
    "fillingDate": "2017-02-24",
    "acceptedDate": "2017-02-24 08:56:20",
    "calendarYear": "2017",
    "period": "Q3",
    "revenue": 1878800000,
    "costOfRevenue": 1155900000,
    "grossProfit": 722900000,
    "grossProfitRatio": 0.3847668725,
    "researchAndDevelopmentExpenses": 0,
    "generalAndAdministrativeExpenses": 0,
    "sellingAndMarketingExpenses": 0,
    "sellingGeneralAndAdministrativeExpenses": 337200000,
    "otherExpenses": 148000000,
    "operatingExpenses": 485200000,
    "costAndExpenses": 1641100000,
    "interestIncome": 0,
    "interestExpense": 40300000,
    "depreciationAndAmortization": 104300000,
    "ebitda": 342200000,
    "ebitdaratio": 0.1821375346,
    "operatingIncome": 237700000,
    "operatingIncomeRatio": 0.1265169257,
    "totalOtherIncomeExpensesNet": -40100000,
    "incomeBeforeTax": 197600000,
    "incomeBeforeTaxRatio": 0.105173515,
    "incomeTaxExpense": 63000000,
    "netIncome": 134600000,
    "netIncomeRatio": 0.0716414733,
    "eps": 1.16,
    "epsdiluted": 1.16,
    "weightedAverageShsOut": 116435000,
    "weightedAverageShsOutDil": 116509000,
    "link": "https://www.sec.gov/Archives/edgar/data/91419/000009141917000002/0000091419-17-000002-index.htm",
    "finalLink": "https://www.sec.gov/Archives/edgar/data/91419/000009141917000002/sjm20170131-10q.htm"
  },
  {
    "date": "2016-10-31",
    "symbol": "SJM",
    "reportedCurrency": "USD",
    "cik": "0000091419",
    "fillingDate": "2016-11-22",
    "acceptedDate": "2016-11-22 16:13:34",
    "calendarYear": "2017",
    "period": "Q2",
    "revenue": 1913900000,
    "costOfRevenue": 1171000000,
    "grossProfit": 742900000,
    "grossProfitRatio": 0.388160301,
    "researchAndDevelopmentExpenses": 0,
    "generalAndAdministrativeExpenses": 0,
    "sellingAndMarketingExpenses": 0,
    "sellingGeneralAndAdministrativeExpenses": 363100000,
    "otherExpenses": 76500000,
    "operatingExpenses": 439600000,
    "costAndExpenses": 1610600000,
    "interestIncome": 0,
    "interestExpense": 41000000,
    "depreciationAndAmortization": 104800000,
    "ebitda": 411300000,
    "ebitdaratio": 0.21490151,
    "operatingIncome": 303300000,
    "operatingIncomeRatio": 0.1584722295,
    "totalOtherIncomeExpensesNet": -37800000,
    "incomeBeforeTax": 265500000,
    "incomeBeforeTaxRatio": 0.1387219813,
    "incomeTaxExpense": 88200000,
    "netIncome": 177300000,
    "netIncomeRatio": 0.0926380689,
    "eps": 1.52,
    "epsdiluted": 1.52,
    "weightedAverageShsOut": 116430000,
    "weightedAverageShsOutDil": 116553000,
    "link": "https://www.sec.gov/Archives/edgar/data/91419/000009141916000014/0000091419-16-000014-index.htm",
    "finalLink": "https://www.sec.gov/Archives/edgar/data/91419/000009141916000014/sjm20161031-10q.htm"
  },
  {
    "date": "2016-07-31",
    "symbol": "SJM",
    "reportedCurrency": "USD",
    "cik": "0000091419",
    "fillingDate": "2016-08-30",
    "acceptedDate": "2016-08-30 08:19:51",
    "calendarYear": "2017",
    "period": "Q1",
    "revenue": 1815800000,
    "costOfRevenue": 1093100000,
    "grossProfit": 722700000,
    "grossProfitRatio": 0.3980063884,
    "researchAndDevelopmentExpenses": 0,
    "generalAndAdministrativeExpenses": 0,
    "sellingAndMarketingExpenses": 0,
    "sellingGeneralAndAdministrativeExpenses": 356000000,
    "otherExpenses": 72900000,
    "operatingExpenses": 428900000,
    "costAndExpenses": 1522000000,
    "interestIncome": 0,
    "interestExpense": 41500000,
    "depreciationAndAmortization": 105700000,
    "ebitda": 400600000,
    "ebitdaratio": 0.2206190109,
    "operatingIncome": 293800000,
    "operatingIncomeRatio": 0.1618019606,
    "totalOtherIncomeExpensesNet": -40400000,
    "incomeBeforeTax": 253400000,
    "incomeBeforeTaxRatio": 0.1395528142,
    "incomeTaxExpense": 83400000,
    "netIncome": 170000000,
    "netIncomeRatio": 0.0936226457,
    "eps": 1.46,
    "epsdiluted": 1.46,
    "weightedAverageShsOut": 116334000,
    "weightedAverageShsOutDil": 116475000,
    "link": "https://www.sec.gov/Archives/edgar/data/91419/000009141916000011/0000091419-16-000011-index.htm",
    "finalLink": "https://www.sec.gov/Archives/edgar/data/91419/000009141916000011/sjm2016731-10q.htm"
  },
  {
    "date": "2016-04-30",
    "symbol": "SJM",
    "reportedCurrency": "USD",
    "cik": "0000091419",
    "fillingDate": "2016-06-21",
    "acceptedDate": "2016-06-21 16:28:03",
    "calendarYear": "2016",
    "period": "Q4",
    "revenue": 1807600000,
    "costOfRevenue": 1119600000,
    "grossProfit": 688000000,
    "grossProfitRatio": 0.3806151803,
    "researchAndDevelopmentExpenses": 0,
    "generalAndAdministrativeExpenses": 181500000,
    "sellingAndMarketingExpenses": 170300000,
    "sellingGeneralAndAdministrativeExpenses": 351800000,
    "otherExpenses": 90100000,
    "operatingExpenses": 441900000,
    "costAndExpenses": 1561500000,
    "interestIncome": 0,
    "interestExpense": 40500000,
    "depreciationAndAmortization": 106400000,
    "ebitda": 357100000,
    "ebitdaratio": 0.1975547688,
    "operatingIncome": 246100000,
    "operatingIncomeRatio": 0.1361473777,
    "totalOtherIncomeExpensesNet": -35900000,
    "incomeBeforeTax": 210200000,
    "incomeBeforeTaxRatio": 0.1162867891,
    "incomeTaxExpense": 19200000,
    "netIncome": 191000000,
    "netIncomeRatio": 0.1056649701,
    "eps": 1.61,
    "epsdiluted": 1.61,
    "weightedAverageShsOut": 118756000,
    "weightedAverageShsOutDil": 118845000,
    "link": "https://www.sec.gov/Archives/edgar/data/91419/000009141916000007/0000091419-16-000007-index.htm",
    "finalLink": "https://www.sec.gov/Archives/edgar/data/91419/000009141916000007/sjm43016-10xk.htm"
  },
  {
    "date": "2016-01-31",
    "symbol": "SJM",
    "reportedCurrency": "USD",
    "cik": "0000091419",
    "fillingDate": "2016-03-03",
    "acceptedDate": "2016-03-03 08:12:32",
    "calendarYear": "2016",
    "period": "Q3",
    "revenue": 1973900000,
    "costOfRevenue": 1210100000,
    "grossProfit": 763800000,
    "grossProfitRatio": 0.3869496935,
    "researchAndDevelopmentExpenses": 0,
    "generalAndAdministrativeExpenses": 0,
    "sellingAndMarketingExpenses": 0,
    "sellingGeneralAndAdministrativeExpenses": 381100000,
    "otherExpenses": 64400000,
    "operatingExpenses": 445500000,
    "costAndExpenses": 1655600000,
    "interestIncome": 0,
    "interestExpense": 43600000,
    "depreciationAndAmortization": 107300000,
    "ebitda": 426200000,
    "ebitdaratio": 0.2159177263,
    "operatingIncome": 318300000,
    "operatingIncomeRatio": 0.1612543695,
    "totalOtherIncomeExpensesNet": -43000000,
    "incomeBeforeTax": 275300000,
    "incomeBeforeTaxRatio": 0.1394700846,
    "incomeTaxExpense": 90000000,
    "netIncome": 185300000,
    "netIncomeRatio": 0.0938750697,
    "eps": 1.55,
    "epsdiluted": 1.55,
    "weightedAverageShsOut": 119682000,
    "weightedAverageShsOutDil": 119735000,
    "link": "https://www.sec.gov/Archives/edgar/data/91419/000009141916000004/0000091419-16-000004-index.htm",
    "finalLink": "https://www.sec.gov/Archives/edgar/data/91419/000009141916000004/sjm2016131-10q.htm"
  },
  {
    "date": "2015-10-31",
    "symbol": "SJM",
    "reportedCurrency": "USD",
    "cik": "0000091419",
    "fillingDate": "2015-12-04",
    "acceptedDate": "2015-12-04 16:19:58",
    "calendarYear": "2016",
    "period": "Q2",
    "revenue": 2077700000,
    "costOfRevenue": 1290400000,
    "grossProfit": 787300000,
    "grossProfitRatio": 0.378928623,
    "researchAndDevelopmentExpenses": 0,
    "generalAndAdministrativeExpenses": 0,
    "sellingAndMarketingExpenses": 0,
    "sellingGeneralAndAdministrativeExpenses": 389800000,
    "otherExpenses": 83700000,
    "operatingExpenses": 473500000,
    "costAndExpenses": 1763900000,
    "interestIncome": 0,
    "interestExpense": 42600000,
    "depreciationAndAmortization": 107700000,
    "ebitda": 419900000,
    "ebitdaratio": 0.2020984743,
    "operatingIncome": 313800000,
    "operatingIncomeRatio": 0.1510323916,
    "totalOtherIncomeExpensesNet": -44200000,
    "incomeBeforeTax": 269600000,
    "incomeBeforeTaxRatio": 0.129758868,
    "incomeTaxExpense": 93600000,
    "netIncome": 176000000,
    "netIncomeRatio": 0.0847090533,
    "eps": 1.47,
    "epsdiluted": 1.47,
    "weightedAverageShsOut": 119670000,
    "weightedAverageShsOutDil": 119681000,
    "link": "https://www.sec.gov/Archives/edgar/data/91419/000119312515395419/0001193125-15-395419-index.htm",
    "finalLink": "https://www.sec.gov/Archives/edgar/data/91419/000119312515395419/d75084d10q.htm"
  },
  {
    "date": "2015-07-31",
    "symbol": "SJM",
    "reportedCurrency": "USD",
    "cik": "0000091419",
    "fillingDate": "2015-09-02",
    "acceptedDate": "2015-09-02 16:10:38",
    "calendarYear": "2016",
    "period": "Q1",
    "revenue": 1952000000,
    "costOfRevenue": 1223300000,
    "grossProfit": 728700000,
    "grossProfitRatio": 0.3733094262,
    "researchAndDevelopmentExpenses": 0,
    "generalAndAdministrativeExpenses": 0,
    "sellingAndMarketingExpenses": 0,
    "sellingGeneralAndAdministrativeExpenses": 387600000,
    "otherExpenses": 74000000,
    "operatingExpenses": 461600000,
    "costAndExpenses": 1684900000,
    "interestIncome": 0,
    "interestExpense": 44400000,
    "depreciationAndAmortization": 108700000,
    "ebitda": 375900000,
    "ebitdaratio": 0.1925717213,
    "operatingIncome": 267100000,
    "operatingIncomeRatio": 0.1368340164,
    "totalOtherIncomeExpensesNet": -44300000,
    "incomeBeforeTax": 222800000,
    "incomeBeforeTaxRatio": 0.1141393443,
    "incomeTaxExpense": 86400000,
    "netIncome": 136400000,
    "netIncomeRatio": 0.0698770492,
    "eps": 1.14,
    "epsdiluted": 1.14,
    "weightedAverageShsOut": 119622000,
    "weightedAverageShsOutDil": 119635000,
    "link": "https://www.sec.gov/Archives/edgar/data/91419/000119312515310563/0001193125-15-310563-index.htm",
    "finalLink": "https://www.sec.gov/Archives/edgar/data/91419/000119312515310563/d39655d10q.htm"
  },
  {
    "date": "2015-04-30",
    "symbol": "SJM",
    "reportedCurrency": "USD",
    "cik": "0000091419",
    "fillingDate": "2015-06-25",
    "acceptedDate": "2015-06-25 16:40:57",
    "calendarYear": "2015",
    "period": "Q4",
    "revenue": 1447100000,
    "costOfRevenue": 1016500000,
    "grossProfit": 430600000,
    "grossProfitRatio": 0.2975606385,
    "researchAndDevelopmentExpenses": 0,
    "generalAndAdministrativeExpenses": 181200000,
    "sellingAndMarketingExpenses": 107000000,
    "sellingGeneralAndAdministrativeExpenses": 288200000,
    "otherExpenses": 71900000,
    "operatingExpenses": 360100000,
    "costAndExpenses": 1376600000,
    "interestIncome": 0,
    "interestExpense": 29500000,
    "depreciationAndAmortization": 79000000,
    "ebitda": -21300000,
    "ebitdaratio": -0.0147190934,
    "operatingIncome": 70500000,
    "operatingIncomeRatio": 0.0487181259,
    "totalOtherIncomeExpensesNet": -200300000,
    "incomeBeforeTax": -129800000,
    "incomeBeforeTaxRatio": -0.0896966346,
    "incomeTaxExpense": -39500000,
    "netIncome": -90300000,
    "netIncomeRatio": -0.0624006634,
    "eps": -0.82,
    "epsdiluted": -0.82,
    "weightedAverageShsOut": 109569000,
    "weightedAverageShsOutDil": 109578000,
    "link": "https://www.sec.gov/Archives/edgar/data/91419/000119312515235197/0001193125-15-235197-index.htm",
    "finalLink": "https://www.sec.gov/Archives/edgar/data/91419/000119312515235197/d918672d10k.htm"
  },
  {
    "date": "2015-01-31",
    "symbol": "SJM",
    "reportedCurrency": "USD",
    "cik": "0000091419",
    "fillingDate": "2015-02-27",
    "acceptedDate": "2015-02-27 16:20:23",
    "calendarYear": "2015",
    "period": "Q3",
    "revenue": 1440000000,
    "costOfRevenue": 917100000,
    "grossProfit": 522900000,
    "grossProfitRatio": 0.363125,
    "researchAndDevelopmentExpenses": 0,
    "generalAndAdministrativeExpenses": 0,
    "sellingAndMarketingExpenses": 0,
    "sellingGeneralAndAdministrativeExpenses": 237300000,
    "otherExpenses": 30500000,
    "operatingExpenses": 267800000,
    "costAndExpenses": 1184900000,
    "interestIncome": 0,
    "interestExpense": 16800000,
    "depreciationAndAmortization": 63100000,
    "ebitda": 318300000,
    "ebitdaratio": 0.2210416667,
    "operatingIncome": 255100000,
    "operatingIncomeRatio": 0.1771527778,
    "totalOtherIncomeExpensesNet": -16700000,
    "incomeBeforeTax": 238400000,
    "incomeBeforeTaxRatio": 0.1655555556,
    "incomeTaxExpense": 77500000,
    "netIncome": 160900000,
    "netIncomeRatio": 0.1117361111,
    "eps": 1.58,
    "epsdiluted": 1.58,
    "weightedAverageShsOut": 101801000,
    "weightedAverageShsOutDil": 101802000,
    "link": "https://www.sec.gov/Archives/edgar/data/91419/000119312515069831/0001193125-15-069831-index.htm",
    "finalLink": "https://www.sec.gov/Archives/edgar/data/91419/000119312515069831/d859528d10q.htm"
  },
  {
    "date": "2014-10-31",
    "symbol": "SJM",
    "reportedCurrency": "USD",
    "cik": "0000091419",
    "fillingDate": "2014-11-26",
    "acceptedDate": "2014-11-26 08:26:34",
    "calendarYear": "2015",
    "period": "Q2",
    "revenue": 1481800000,
    "costOfRevenue": 945300000,
    "grossProfit": 536500000,
    "grossProfitRatio": 0.3620596572,
    "researchAndDevelopmentExpenses": 0,
    "generalAndAdministrativeExpenses": 0,
    "sellingAndMarketingExpenses": 0,
    "sellingGeneralAndAdministrativeExpenses": 252400000,
    "otherExpenses": 29300000,
    "operatingExpenses": 281700000,
    "costAndExpenses": 1227000000,
    "interestIncome": 0,
    "interestExpense": 16200000,
    "depreciationAndAmortization": 63100000,
    "ebitda": 318200000,
    "ebitdaratio": 0.2147388312,
    "operatingIncome": 254800000,
    "operatingIncomeRatio": 0.1719530301,
    "totalOtherIncomeExpensesNet": -15900000,
    "incomeBeforeTax": 238900000,
    "incomeBeforeTaxRatio": 0.1612228371,
    "incomeTaxExpense": 80600000,
    "netIncome": 158300000,
    "netIncomeRatio": 0.1068295317,
    "eps": 1.55,
    "epsdiluted": 1.55,
    "weightedAverageShsOut": 101821000,
    "weightedAverageShsOutDil": 101825000,
    "link": "https://www.sec.gov/Archives/edgar/data/91419/000119312514426142/0001193125-14-426142-index.htm",
    "finalLink": "https://www.sec.gov/Archives/edgar/data/91419/000119312514426142/d827012d10q.htm"
  },
  {
    "date": "2014-07-31",
    "symbol": "SJM",
    "reportedCurrency": "USD",
    "cik": "0000091419",
    "fillingDate": "2014-08-27",
    "acceptedDate": "2014-08-27 16:13:24",
    "calendarYear": "2015",
    "period": "Q1",
    "revenue": 1323800000,
    "costOfRevenue": 845100000,
    "grossProfit": 478700000,
    "grossProfitRatio": 0.3616105152,
    "researchAndDevelopmentExpenses": 0,
    "generalAndAdministrativeExpenses": 0,
    "sellingAndMarketingExpenses": 0,
    "sellingGeneralAndAdministrativeExpenses": 253400000,
    "otherExpenses": 33700000,
    "operatingExpenses": 287100000,
    "costAndExpenses": 1132200000,
    "interestIncome": 0,
    "interestExpense": 17400000,
    "depreciationAndAmortization": 63200000,
    "ebitda": 256100000,
    "ebitdaratio": 0.1934582263,
    "operatingIncome": 191600000,
    "operatingIncomeRatio": 0.1447348542,
    "totalOtherIncomeExpensesNet": -16100000,
    "incomeBeforeTax": 175500000,
    "incomeBeforeTaxRatio": 0.1325728962,
    "incomeTaxExpense": 59500000,
    "netIncome": 116000000,
    "netIncomeRatio": 0.0876265297,
    "eps": 1.14,
    "epsdiluted": 1.14,
    "weightedAverageShsOut": 101768000,
    "weightedAverageShsOutDil": 101777000,
    "link": "https://www.sec.gov/Archives/edgar/data/91419/000119312514323665/0001193125-14-323665-index.htm",
    "finalLink": "https://www.sec.gov/Archives/edgar/data/91419/000119312514323665/d777732d10q.htm"
  },
  {
    "date": "2014-04-30",
    "symbol": "SJM",
    "reportedCurrency": "USD",
    "cik": "0000091419",
    "fillingDate": "2014-06-23",
    "acceptedDate": "2014-06-23 16:24:12",
    "calendarYear": "2014",
    "period": "Q4",
    "revenue": 1234300000,
    "costOfRevenue": 794000000,
    "grossProfit": 440300000,
    "grossProfitRatio": 0.3567204083,
    "researchAndDevelopmentExpenses": 0,
    "generalAndAdministrativeExpenses": 93300000,
    "sellingAndMarketingExpenses": 124700000,
    "sellingGeneralAndAdministrativeExpenses": 218000000,
    "otherExpenses": 30900000,
    "operatingExpenses": 248900000,
    "costAndExpenses": 1042900000,
    "interestIncome": 0,
    "interestExpense": 16700000,
    "depreciationAndAmortization": 62400000,
    "ebitda": 262800000,
    "ebitdaratio": 0.2129142024,
    "operatingIncome": 191400000,
    "operatingIncomeRatio": 0.1550676497,
    "totalOtherIncomeExpensesNet": -7700000,
    "incomeBeforeTax": 183700000,
    "incomeBeforeTaxRatio": 0.148829296,
    "incomeTaxExpense": 65200000,
    "netIncome": 118500000,
    "netIncomeRatio": 0.0960058333,
    "eps": 1.16,
    "epsdiluted": 1.16,
    "weightedAverageShsOut": 102550000,
    "weightedAverageShsOutDil": 102561000,
    "link": "https://www.sec.gov/Archives/edgar/data/91419/000119312514245437/0001193125-14-245437-index.htm",
    "finalLink": "https://www.sec.gov/Archives/edgar/data/91419/000119312514245437/d720496d10k.htm"
  },
  {
    "date": "2014-01-31",
    "symbol": "SJM",
    "reportedCurrency": "USD",
    "cik": "0000091419",
    "fillingDate": "2014-02-27",
    "acceptedDate": "2014-02-27 16:18:41",
    "calendarYear": "2014",
    "period": "Q3",
    "revenue": 1465500000,
    "costOfRevenue": 920300000,
    "grossProfit": 545200000,
    "grossProfitRatio": 0.3720232003,
    "researchAndDevelopmentExpenses": 0,
    "generalAndAdministrativeExpenses": 0,
    "sellingAndMarketingExpenses": 0,
    "sellingGeneralAndAdministrativeExpenses": 250300000,
    "otherExpenses": 31400000,
    "operatingExpenses": 281700000,
    "costAndExpenses": 1202000000,
    "interestIncome": 0,
    "interestExpense": 18400000,
    "depreciationAndAmortization": 65000000,
    "ebitda": 329900000,
    "ebitdaratio": 0.2251108837,
    "operatingIncome": 263500000,
    "operatingIncomeRatio": 0.1798021153,
    "totalOtherIncomeExpensesNet": -17000000,
    "incomeBeforeTax": 246500000,
    "incomeBeforeTaxRatio": 0.1682019788,
    "incomeTaxExpense": 79800000,
    "netIncome": 166700000,
    "netIncomeRatio": 0.1137495735,
    "eps": 1.59,
    "epsdiluted": 1.59,
    "weightedAverageShsOut": 104792000,
    "weightedAverageShsOutDil": 104805000,
    "link": "https://www.sec.gov/Archives/edgar/data/91419/000119312514073045/0001193125-14-073045-index.htm",
    "finalLink": "https://www.sec.gov/Archives/edgar/data/91419/000119312514073045/d667467d10q.htm"
  },
  {
    "date": "2013-10-31",
    "symbol": "SJM",
    "reportedCurrency": "USD",
    "cik": "0000091419",
    "fillingDate": "2013-11-27",
    "acceptedDate": "2013-11-27 07:57:15",
    "calendarYear": "2014",
    "period": "Q2",
    "revenue": 1559900000,
    "costOfRevenue": 1007300000,
    "grossProfit": 552600000,
    "grossProfitRatio": 0.3542534778,
    "researchAndDevelopmentExpenses": 0,
    "generalAndAdministrativeExpenses": 0,
    "sellingAndMarketingExpenses": 0,
    "sellingGeneralAndAdministrativeExpenses": 270300000,
    "otherExpenses": 31500000,
    "operatingExpenses": 301800000,
    "costAndExpenses": 1309100000,
    "interestIncome": 0,
    "interestExpense": 20500000,
    "depreciationAndAmortization": 64200000,
    "ebitda": 314700000,
    "ebitdaratio": 0.2017437015,
    "operatingIncome": 250800000,
    "operatingIncomeRatio": 0.1607795371,
    "totalOtherIncomeExpensesNet": -20800000,
    "incomeBeforeTax": 230000000,
    "incomeBeforeTaxRatio": 0.1474453491,
    "incomeTaxExpense": 76600000,
    "netIncome": 153400000,
    "netIncomeRatio": 0.0983396372,
    "eps": 1.46,
    "epsdiluted": 1.46,
    "weightedAverageShsOut": 105131000,
    "weightedAverageShsOutDil": 105146000,
    "link": "https://www.sec.gov/Archives/edgar/data/91419/000119312513455851/0001193125-13-455851-index.htm",
    "finalLink": "https://www.sec.gov/Archives/edgar/data/91419/000119312513455851/d619488d10q.htm"
  },
  {
    "date": "2013-07-31",
    "symbol": "SJM",
    "reportedCurrency": "USD",
    "cik": "0000091419",
    "fillingDate": "2013-08-28",
    "acceptedDate": "2013-08-28 16:25:26",
    "calendarYear": "2014",
    "period": "Q1",
    "revenue": 1350900000,
    "costOfRevenue": 858000000,
    "grossProfit": 492900000,
    "grossProfitRatio": 0.3648678659,
    "researchAndDevelopmentExpenses": 0,
    "generalAndAdministrativeExpenses": 0,
    "sellingAndMarketingExpenses": 0,
    "sellingGeneralAndAdministrativeExpenses": 250200000,
    "otherExpenses": 29400000,
    "operatingExpenses": 279600000,
    "costAndExpenses": 1137600000,
    "interestIncome": 0,
    "interestExpense": 23800000,
    "depreciationAndAmortization": 62100000,
    "ebitda": 275400000,
    "ebitdaratio": 0.2038640906,
    "operatingIncome": 213300000,
    "operatingIncomeRatio": 0.1578947368,
    "totalOtherIncomeExpensesNet": -23800000,
    "incomeBeforeTax": 189500000,
    "incomeBeforeTaxRatio": 0.1402768525,
    "incomeTaxExpense": 62900000,
    "netIncome": 126600000,
    "netIncomeRatio": 0.0937153009,
    "eps": 1.19,
    "epsdiluted": 1.19,
    "weightedAverageShsOut": 105958000,
    "weightedAverageShsOutDil": 105975000,
    "link": "https://www.sec.gov/Archives/edgar/data/91419/000119312513350382/0001193125-13-350382-index.htm",
    "finalLink": "https://www.sec.gov/Archives/edgar/data/91419/000119312513350382/d583394d10q.htm"
  },
  {
    "date": "2013-04-30",
    "symbol": "SJM",
    "reportedCurrency": "USD",
    "cik": "0000091419",
    "fillingDate": "2013-06-21",
    "acceptedDate": "2013-06-21 08:34:19",
    "calendarYear": "2013",
    "period": "Q4",
    "revenue": 1339647000,
    "costOfRevenue": 860006000,
    "grossProfit": 479641000,
    "grossProfitRatio": 0.358035363,
    "researchAndDevelopmentExpenses": 0,
    "generalAndAdministrativeExpenses": 0,
    "sellingAndMarketingExpenses": 0,
    "sellingGeneralAndAdministrativeExpenses": 233481000,
    "otherExpenses": 32180000,
    "operatingExpenses": 265661000,
    "costAndExpenses": 1125667000,
    "interestIncome": 0,
    "interestExpense": 21026000,
    "depreciationAndAmortization": 60106000,
    "ebitda": 272955000,
    "ebitdaratio": 0.203751436,
    "operatingIncome": 214026000,
    "operatingIncomeRatio": 0.1597629823,
    "totalOtherIncomeExpensesNet": -22203000,
    "incomeBeforeTax": 191823000,
    "incomeBeforeTaxRatio": 0.1431892133,
    "incomeTaxExpense": 61501000,
    "netIncome": 130322000,
    "netIncomeRatio": 0.0972808509,
    "eps": 1.22,
    "epsdiluted": 1.22,
    "weightedAverageShsOut": 107193000,
    "weightedAverageShsOutDil": 107210000,
    "link": "https://www.sec.gov/Archives/edgar/data/91419/000119312513266625/0001193125-13-266625-index.htm",
    "finalLink": "https://www.sec.gov/Archives/edgar/data/91419/000119312513266625/d537487d10k.htm"
  },
  {
    "date": "2013-01-31",
    "symbol": "SJM",
    "reportedCurrency": "USD",
    "cik": "0000091419",
    "fillingDate": "2013-03-01",
    "acceptedDate": "2013-03-01 16:26:28",
    "calendarYear": "2013",
    "period": "Q3",
    "revenue": 1559558000,
    "costOfRevenue": 1023329000,
    "grossProfit": 536229000,
    "grossProfitRatio": 0.3438339581,
    "researchAndDevelopmentExpenses": 0,
    "generalAndAdministrativeExpenses": 0,
    "sellingAndMarketingExpenses": 0,
    "sellingGeneralAndAdministrativeExpenses": 251000000,
    "otherExpenses": 26900000,
    "operatingExpenses": 277900000,
    "costAndExpenses": 1301300000,
    "interestIncome": 466000,
    "interestExpense": 23800000,
    "depreciationAndAmortization": 60000000,
    "ebitda": 317800000,
    "ebitdaratio": 0.2037756852,
    "operatingIncome": 258300000,
    "operatingIncomeRatio": 0.1656238498,
    "totalOtherIncomeExpensesNet": -24300000,
    "incomeBeforeTax": 234000000,
    "incomeBeforeTaxRatio": 0.150042512,
    "incomeTaxExpense": 79800000,
    "netIncome": 154200000,
    "netIncomeRatio": 0.0988741682,
    "eps": 1.42,
    "epsdiluted": 1.42,
    "weightedAverageShsOut": 108472000,
    "weightedAverageShsOutDil": 108492000,
    "link": "https://www.sec.gov/Archives/edgar/data/91419/000119312513087772/0001193125-13-087772-index.htm",
    "finalLink": "https://www.sec.gov/Archives/edgar/data/91419/000119312513087772/d478967d10q.htm"
  },
  {
    "date": "2012-10-31",
    "symbol": "SJM",
    "reportedCurrency": "USD",
    "cik": "0000091419",
    "fillingDate": "2012-12-04",
    "acceptedDate": "2012-12-04 16:23:31",
    "calendarYear": "2013",
    "period": "Q2",
    "revenue": 1628746000,
    "costOfRevenue": 1086835000,
    "grossProfit": 541911000,
    "grossProfitRatio": 0.3327167035,
    "researchAndDevelopmentExpenses": 0,
    "generalAndAdministrativeExpenses": 0,
    "sellingAndMarketingExpenses": 0,
    "sellingGeneralAndAdministrativeExpenses": 257200000,
    "otherExpenses": 37100000,
    "operatingExpenses": 294300000,
    "costAndExpenses": 1381100000,
    "interestIncome": 378000,
    "interestExpense": 23900000,
    "depreciationAndAmortization": 60100000,
    "ebitda": 308200000,
    "ebitdaratio": 0.1892253304,
    "operatingIncome": 247600000,
    "operatingIncomeRatio": 0.1520187924,
    "totalOtherIncomeExpensesNet": -23400000,
    "incomeBeforeTax": 224200000,
    "incomeBeforeTaxRatio": 0.1376519113,
    "incomeTaxExpense": 75400000,
    "netIncome": 148800000,
    "netIncomeRatio": 0.091358628,
    "eps": 1.36,
    "epsdiluted": 1.36,
    "weightedAverageShsOut": 109225000,
    "weightedAverageShsOutDil": 109251000,
    "link": "https://www.sec.gov/Archives/edgar/data/91419/000119312512490611/0001193125-12-490611-index.htm",
    "finalLink": "https://www.sec.gov/Archives/edgar/data/91419/000119312512490611/d424453d10q.htm"
  },
  {
    "date": "2012-07-31",
    "symbol": "SJM",
    "reportedCurrency": "USD",
    "cik": "0000091419",
    "fillingDate": "2012-09-06",
    "acceptedDate": "2012-09-06 16:18:42",
    "calendarYear": "2013",
    "period": "Q1",
    "revenue": 1369703000,
    "costOfRevenue": 899930000,
    "grossProfit": 469773000,
    "grossProfitRatio": 0.3429743528,
    "researchAndDevelopmentExpenses": 0,
    "generalAndAdministrativeExpenses": 0,
    "sellingAndMarketingExpenses": 0,
    "sellingGeneralAndAdministrativeExpenses": 232200000,
    "otherExpenses": 47100000,
    "operatingExpenses": 279300000,
    "costAndExpenses": 1179200000,
    "interestIncome": 278000,
    "interestExpense": 23600000,
    "depreciationAndAmortization": 60300000,
    "ebitda": 251200000,
    "ebitdaratio": 0.1833974227,
    "operatingIncome": 190500000,
    "operatingIncomeRatio": 0.1390812461,
    "totalOtherIncomeExpensesNet": -23200000,
    "incomeBeforeTax": 167300000,
    "incomeBeforeTaxRatio": 0.1221432676,
    "incomeTaxExpense": 56400000,
    "netIncome": 110900000,
    "netIncomeRatio": 0.0809664577,
    "eps": 1,
    "epsdiluted": 1,
    "weightedAverageShsOut": 110368000,
    "weightedAverageShsOutDil": 110398000,
    "link": "https://www.sec.gov/Archives/edgar/data/91419/000119312512382955/0001193125-12-382955-index.htm",
    "finalLink": "https://www.sec.gov/Archives/edgar/data/91419/000119312512382955/d383184d10q.htm"
  },
  {
    "date": "2012-04-30",
    "symbol": "SJM",
    "reportedCurrency": "USD",
    "cik": "0000091419",
    "fillingDate": "2012-06-25",
    "acceptedDate": "2012-06-25 16:11:38",
    "calendarYear": "2012",
    "period": "Q4",
    "revenue": 1355353000,
    "costOfRevenue": 905568000,
    "grossProfit": 449785000,
    "grossProfitRatio": 0.3318581949,
    "researchAndDevelopmentExpenses": 0,
    "generalAndAdministrativeExpenses": 0,
    "sellingAndMarketingExpenses": 0,
    "sellingGeneralAndAdministrativeExpenses": 214513000,
    "otherExpenses": 49672000,
    "operatingExpenses": 264185000,
    "costAndExpenses": 1169753000,
    "interestIncome": 414000,
    "interestExpense": 22827000,
    "depreciationAndAmortization": 61845000,
    "ebitda": 248568000,
    "ebitdaratio": 0.1833972404,
    "operatingIncome": 185600000,
    "operatingIncomeRatio": 0.136938495,
    "totalOtherIncomeExpensesNet": -21704000,
    "incomeBeforeTax": 163896000,
    "incomeBeforeTaxRatio": 0.1209249546,
    "incomeTaxExpense": 59766000,
    "netIncome": 104130000,
    "netIncomeRatio": 0.0768286933,
    "eps": 0.93,
    "epsdiluted": 0.93,
    "weightedAverageShsOut": 111406000,
    "weightedAverageShsOutDil": 111445000,
    "link": "https://www.sec.gov/Archives/edgar/data/91419/000119312512282260/0001193125-12-282260-index.htm",
    "finalLink": "https://www.sec.gov/Archives/edgar/data/91419/000119312512282260/d318554d10k.htm"
  },
  {
    "date": "2012-01-31",
    "symbol": "SJM",
    "reportedCurrency": "USD",
    "cik": "0000091419",
    "fillingDate": "2012-03-09",
    "acceptedDate": "2012-03-09 17:00:03",
    "calendarYear": "2012",
    "period": "Q3",
    "revenue": 1467641000,
    "costOfRevenue": 1001956000,
    "grossProfit": 465685000,
    "grossProfitRatio": 0.3173017107,
    "researchAndDevelopmentExpenses": 0,
    "generalAndAdministrativeExpenses": 0,
    "sellingAndMarketingExpenses": 0,
    "sellingGeneralAndAdministrativeExpenses": 225016000,
    "otherExpenses": 40303000,
    "operatingExpenses": 265319000,
    "costAndExpenses": 1267275000,
    "interestIncome": 464000,
    "interestExpense": 23599000,
    "depreciationAndAmortization": 49991000,
    "ebitda": 250825000,
    "ebitdaratio": 0.1709035111,
    "operatingIncome": 200366000,
    "operatingIncomeRatio": 0.1365224874,
    "totalOtherIncomeExpensesNet": -23131000,
    "incomeBeforeTax": 177235000,
    "incomeBeforeTaxRatio": 0.1207618212,
    "incomeTaxExpense": 60391000,
    "netIncome": 116844000,
    "netIncomeRatio": 0.079613475,
    "eps": 1.03,
    "epsdiluted": 1.03,
    "weightedAverageShsOut": 113439000,
    "weightedAverageShsOutDil": 113488000,
    "link": "https://www.sec.gov/Archives/edgar/data/91419/000119312512107187/0001193125-12-107187-index.htm",
    "finalLink": "https://www.sec.gov/Archives/edgar/data/91419/000119312512107187/d286862d10q.htm"
  },
  {
    "date": "2011-10-31",
    "symbol": "SJM",
    "reportedCurrency": "USD",
    "cik": "0000091419",
    "fillingDate": "2011-12-09",
    "acceptedDate": "2011-12-09 16:42:58",
    "calendarYear": "2012",
    "period": "Q2",
    "revenue": 1513905000,
    "costOfRevenue": 1015236000,
    "grossProfit": 498669000,
    "grossProfitRatio": 0.3293925312,
    "researchAndDevelopmentExpenses": 0,
    "generalAndAdministrativeExpenses": 0,
    "sellingAndMarketingExpenses": 0,
    "sellingGeneralAndAdministrativeExpenses": 236602000,
    "otherExpenses": 50453000,
    "operatingExpenses": 287055000,
    "costAndExpenses": 1302291000,
    "interestIncome": 324000,
    "interestExpense": 19448000,
    "depreciationAndAmortization": 48786000,
    "ebitda": 261435000,
    "ebitdaratio": 0.1726891714,
    "operatingIncome": 211614000,
    "operatingIncomeRatio": 0.1397802372,
    "totalOtherIncomeExpensesNet": -18413000,
    "incomeBeforeTax": 193201000,
    "incomeBeforeTaxRatio": 0.127617651,
    "incomeTaxExpense": 65954000,
    "netIncome": 127247000,
    "netIncomeRatio": 0.0840521697,
    "eps": 1.12,
    "epsdiluted": 1.12,
    "weightedAverageShsOut": 113893000,
    "weightedAverageShsOutDil": 113945000,
    "link": "https://www.sec.gov/Archives/edgar/data/91419/000119312511336718/0001193125-11-336718-index.htm",
    "finalLink": "https://www.sec.gov/Archives/edgar/data/91419/000119312511336718/d245864d10q.htm"
  },
  {
    "date": "2011-07-31",
    "symbol": "SJM",
    "reportedCurrency": "USD",
    "cik": "0000091419",
    "fillingDate": "2011-09-08",
    "acceptedDate": "2011-09-08 17:09:27",
    "calendarYear": "2012",
    "period": "Q1",
    "revenue": 1188883000,
    "costOfRevenue": 757799000,
    "grossProfit": 431084000,
    "grossProfitRatio": 0.3625958147,
    "researchAndDevelopmentExpenses": 0,
    "generalAndAdministrativeExpenses": 0,
    "sellingAndMarketingExpenses": 0,
    "sellingGeneralAndAdministrativeExpenses": 216552000,
    "otherExpenses": 33829000,
    "operatingExpenses": 250381000,
    "costAndExpenses": 1008180000,
    "interestIncome": 302000,
    "interestExpense": 15422000,
    "depreciationAndAmortization": 47804000,
    "ebitda": 230052000,
    "ebitdaratio": 0.1935026407,
    "operatingIncome": 180703000,
    "operatingIncomeRatio": 0.1519939304,
    "totalOtherIncomeExpensesNet": -13877000,
    "incomeBeforeTax": 166826000,
    "incomeBeforeTaxRatio": 0.1403216296,
    "incomeTaxExpense": 55303000,
    "netIncome": 111523000,
    "netIncomeRatio": 0.0938048572,
    "eps": 0.98,
    "epsdiluted": 0.98,
    "weightedAverageShsOut": 114278000,
    "weightedAverageShsOutDil": 114335000,
    "link": "https://www.sec.gov/Archives/edgar/data/91419/000095012311083489/0000950123-11-083489-index.htm",
    "finalLink": "https://www.sec.gov/Archives/edgar/data/91419/000095012311083489/l43079e10vq.htm"
  },
  {
    "date": "2011-04-30",
    "symbol": "SJM",
    "reportedCurrency": "USD",
    "cik": "0000091419",
    "fillingDate": "2011-06-28",
    "acceptedDate": "2011-06-28 16:18:21",
    "calendarYear": "2011",
    "period": "Q4",
    "revenue": 1187167000,
    "costOfRevenue": 766169000,
    "grossProfit": 420998000,
    "grossProfitRatio": 0.3546240756,
    "researchAndDevelopmentExpenses": 0,
    "generalAndAdministrativeExpenses": 0,
    "sellingAndMarketingExpenses": 0,
    "sellingGeneralAndAdministrativeExpenses": 222707000,
    "otherExpenses": 32184000,
    "operatingExpenses": 254891000,
    "costAndExpenses": 1021060000,
    "interestIncome": 728000,
    "interestExpense": 16418000,
    "depreciationAndAmortization": 62388000,
    "ebitda": 228710000,
    "ebitdaratio": 0.1926519184,
    "operatingIncome": 166107000,
    "operatingIncomeRatio": 0.1399188151,
    "totalOtherIncomeExpensesNet": -16203000,
    "incomeBeforeTax": 149904000,
    "incomeBeforeTaxRatio": 0.1262703562,
    "incomeTaxExpense": 55024000,
    "netIncome": 94880000,
    "netIncomeRatio": 0.079921359,
    "eps": 0.82,
    "epsdiluted": 0.82,
    "weightedAverageShsOut": 115643500,
    "weightedAverageShsOutDil": 115727500,
    "link": "https://www.sec.gov/Archives/edgar/data/91419/000095012311062373/0000950123-11-062373-index.htm",
    "finalLink": "https://www.sec.gov/Archives/edgar/data/91419/000095012311062373/l42203ae10vk.htm"
  },
  {
    "date": "2011-01-31",
    "symbol": "SJM",
    "reportedCurrency": "USD",
    "cik": "0000091419",
    "fillingDate": "2011-03-11",
    "acceptedDate": "2011-03-11 17:12:59",
    "calendarYear": "2011",
    "period": "Q3",
    "revenue": 1312351000,
    "costOfRevenue": 837937000,
    "grossProfit": 474414000,
    "grossProfitRatio": 0.3614993245,
    "researchAndDevelopmentExpenses": 0,
    "generalAndAdministrativeExpenses": 0,
    "sellingAndMarketingExpenses": 0,
    "sellingGeneralAndAdministrativeExpenses": 214325000,
    "otherExpenses": 47127000,
    "operatingExpenses": 261452000,
    "costAndExpenses": 1099389000,
    "interestIncome": 779000,
    "interestExpense": 18132000,
    "depreciationAndAmortization": 45344000,
    "ebitda": 259255000,
    "ebitdaratio": 0.1975500457,
    "operatingIncome": 212962000,
    "operatingIncomeRatio": 0.162275184,
    "totalOtherIncomeExpensesNet": -17183000,
    "incomeBeforeTax": 195779000,
    "incomeBeforeTaxRatio": 0.1491818881,
    "incomeTaxExpense": 63784000,
    "netIncome": 131995000,
    "netIncomeRatio": 0.1005790372,
    "eps": 1.12,
    "epsdiluted": 1.11,
    "weightedAverageShsOut": 117156000,
    "weightedAverageShsOutDil": 117259000,
    "link": "https://www.sec.gov/Archives/edgar/data/91419/000095012311024851/0000950123-11-024851-index.htm",
    "finalLink": "https://www.sec.gov/Archives/edgar/data/91419/000095012311024851/l41777e10vq.htm"
  },
  {
    "date": "2010-10-31",
    "symbol": "SJM",
    "reportedCurrency": "USD",
    "cik": "0000091419",
    "fillingDate": "2010-12-10",
    "acceptedDate": "2010-12-10 16:00:46",
    "calendarYear": "2011",
    "period": "Q2",
    "revenue": 1278913000,
    "costOfRevenue": 784243000,
    "grossProfit": 494670000,
    "grossProfitRatio": 0.3867894063,
    "researchAndDevelopmentExpenses": 0,
    "generalAndAdministrativeExpenses": 0,
    "sellingAndMarketingExpenses": 0,
    "sellingGeneralAndAdministrativeExpenses": 222821000,
    "otherExpenses": 31813000,
    "operatingExpenses": 254634000,
    "costAndExpenses": 1038877000,
    "interestIncome": 572000,
    "interestExpense": 18505000,
    "depreciationAndAmortization": 36334000,
    "ebitda": 276566000,
    "ebitdaratio": 0.2162508318,
    "operatingIncome": 240036000,
    "operatingIncomeRatio": 0.1876875128,
    "totalOtherIncomeExpensesNet": -18309000,
    "incomeBeforeTax": 221727000,
    "incomeBeforeTaxRatio": 0.173371449,
    "incomeTaxExpense": 72001000,
    "netIncome": 149726000,
    "netIncomeRatio": 0.117072858,
    "eps": 1.25,
    "epsdiluted": 1.25,
    "weightedAverageShsOut": 119512000,
    "weightedAverageShsOutDil": 119642000,
    "link": "https://www.sec.gov/Archives/edgar/data/91419/000095012310112807/0000950123-10-112807-index.htm",
    "finalLink": "https://www.sec.gov/Archives/edgar/data/91419/000095012310112807/l40778e10vq.htm"
  },
  {
    "date": "2010-07-31",
    "symbol": "SJM",
    "reportedCurrency": "USD",
    "cik": "0000091419",
    "fillingDate": "2010-09-09",
    "acceptedDate": "2010-09-09 16:33:56",
    "calendarYear": "2011",
    "period": "Q1",
    "revenue": 1047312000,
    "costOfRevenue": 638877000,
    "grossProfit": 408435000,
    "grossProfitRatio": 0.3899840735,
    "researchAndDevelopmentExpenses": 0,
    "generalAndAdministrativeExpenses": 0,
    "sellingAndMarketingExpenses": 0,
    "sellingGeneralAndAdministrativeExpenses": 203261000,
    "otherExpenses": 40007000,
    "operatingExpenses": 243268000,
    "costAndExpenses": 882145000,
    "interestIncome": 433000,
    "interestExpense": 16539000,
    "depreciationAndAmortization": 57310000,
    "ebitda": 223603000,
    "ebitdaratio": 0.2135018027,
    "operatingIncome": 165167000,
    "operatingIncomeRatio": 0.1577056312,
    "totalOtherIncomeExpensesNet": -15413000,
    "incomeBeforeTax": 149754000,
    "incomeBeforeTaxRatio": 0.1429889087,
    "incomeTaxExpense": 46873000,
    "netIncome": 102881000,
    "netIncomeRatio": 0.0982333822,
    "eps": 0.86,
    "epsdiluted": 0.86,
    "weightedAverageShsOut": 119301000,
    "weightedAverageShsOutDil": 119440000,
    "link": "https://www.sec.gov/Archives/edgar/data/91419/000095012310084931/0000950123-10-084931-index.htm",
    "finalLink": "https://www.sec.gov/Archives/edgar/data/91419/000095012310084931/l40368e10vq.htm"
  },
  {
    "date": "2010-04-30",
    "symbol": "SJM",
    "reportedCurrency": "USD",
    "cik": "0000091419",
    "fillingDate": "2010-06-24",
    "acceptedDate": "2010-06-24 16:28:35",
    "calendarYear": "2010",
    "period": "Q4",
    "revenue": 1069079000,
    "costOfRevenue": 638972000,
    "grossProfit": 430107000,
    "grossProfitRatio": 0.402315451,
    "researchAndDevelopmentExpenses": 0,
    "generalAndAdministrativeExpenses": 0,
    "sellingAndMarketingExpenses": 0,
    "sellingGeneralAndAdministrativeExpenses": 229648000,
    "otherExpenses": 19695000,
    "operatingExpenses": 249343000,
    "costAndExpenses": 888315000,
    "interestIncome": 426000,
    "interestExpense": 14527000,
    "depreciationAndAmortization": 47734000,
    "ebitda": 229617000,
    "ebitdaratio": 0.2147801987,
    "operatingIncome": 180764000,
    "operatingIncomeRatio": 0.1690838563,
    "totalOtherIncomeExpensesNet": -13408000,
    "incomeBeforeTax": 167356000,
    "incomeBeforeTaxRatio": 0.15654222,
    "incomeTaxExpense": 46750000,
    "netIncome": 120606000,
    "netIncomeRatio": 0.1128129914,
    "eps": 1.01,
    "epsdiluted": 1.01,
    "weightedAverageShsOut": 119010000,
    "weightedAverageShsOutDil": 119149000,
    "link": "https://www.sec.gov/Archives/edgar/data/91419/000095012310060708/0000950123-10-060708-index.htm",
    "finalLink": "https://www.sec.gov/Archives/edgar/data/91419/000095012310060708/l39979e10vk.htm"
  },
  {
    "date": "2010-01-31",
    "symbol": "SJM",
    "reportedCurrency": "USD",
    "cik": "0000091419",
    "fillingDate": "2010-03-11",
    "acceptedDate": "2010-03-11 16:31:02",
    "calendarYear": "2010",
    "period": "Q3",
    "revenue": 1205939000,
    "costOfRevenue": 747635000,
    "grossProfit": 458304000,
    "grossProfitRatio": 0.380039123,
    "researchAndDevelopmentExpenses": 0,
    "generalAndAdministrativeExpenses": 0,
    "sellingAndMarketingExpenses": 0,
    "sellingGeneralAndAdministrativeExpenses": 214411000,
    "otherExpenses": 34027000,
    "operatingExpenses": 248438000,
    "costAndExpenses": 996073000,
    "interestIncome": 310000,
    "interestExpense": 14236000,
    "depreciationAndAmortization": 46311000,
    "ebitda": 257708000,
    "ebitdaratio": 0.2136990345,
    "operatingIncome": 209866000,
    "operatingIncomeRatio": 0.1740270445,
    "totalOtherIncomeExpensesNet": -12705000,
    "incomeBeforeTax": 197161000,
    "incomeBeforeTaxRatio": 0.1634916857,
    "incomeTaxExpense": 61682000,
    "netIncome": 135479000,
    "netIncomeRatio": 0.1123431616,
    "eps": 1.14,
    "epsdiluted": 1.14,
    "weightedAverageShsOut": 119069000,
    "weightedAverageShsOutDil": 119217000,
    "link": "https://www.sec.gov/Archives/edgar/data/91419/000095012310023604/0000950123-10-023604-index.htm",
    "finalLink": "https://www.sec.gov/Archives/edgar/data/91419/000095012310023604/l38984e10vq.htm"
  },
  {
    "date": "2009-10-31",
    "symbol": "SJM",
    "reportedCurrency": "USD",
    "cik": "0000091419",
    "fillingDate": "2009-12-08",
    "acceptedDate": "2009-12-08 16:38:39",
    "calendarYear": "2010",
    "period": "Q2",
    "revenue": 1278745000,
    "costOfRevenue": 786495000,
    "grossProfit": 492250000,
    "grossProfitRatio": 0.3849477417,
    "researchAndDevelopmentExpenses": 0,
    "generalAndAdministrativeExpenses": 0,
    "sellingAndMarketingExpenses": 0,
    "sellingGeneralAndAdministrativeExpenses": 232985000,
    "otherExpenses": 28059000,
    "operatingExpenses": 261044000,
    "costAndExpenses": 1047539000,
    "interestIncome": 686000,
    "interestExpense": 17473000,
    "depreciationAndAmortization": 44189000,
    "ebitda": 276664000,
    "ebitdaratio": 0.2163558802,
    "operatingIncome": 231206000,
    "operatingIncomeRatio": 0.1808069631,
    "totalOtherIncomeExpensesNet": -16204000,
    "incomeBeforeTax": 215002000,
    "incomeBeforeTaxRatio": 0.1681351638,
    "incomeTaxExpense": 75012000,
    "netIncome": 139990000,
    "netIncomeRatio": 0.1094745238,
    "eps": 1.18,
    "epsdiluted": 1.18,
    "weightedAverageShsOut": 118956000,
    "weightedAverageShsOutDil": 119100000,
    "link": "https://www.sec.gov/Archives/edgar/data/91419/000095012309069211/0000950123-09-069211-index.htm",
    "finalLink": "https://www.sec.gov/Archives/edgar/data/91419/000095012309069211/l38225e10vq.htm"
  },
  {
    "date": "2009-07-31",
    "symbol": "SJM",
    "reportedCurrency": "USD",
    "cik": "0000091419",
    "fillingDate": "2009-09-08",
    "acceptedDate": "2009-09-08 16:52:27",
    "calendarYear": "2010",
    "period": "Q1",
    "revenue": 1051526000,
    "costOfRevenue": 645497000,
    "grossProfit": 406029000,
    "grossProfitRatio": 0.3861331056,
    "researchAndDevelopmentExpenses": 0,
    "generalAndAdministrativeExpenses": 0,
    "sellingAndMarketingExpenses": 0,
    "sellingGeneralAndAdministrativeExpenses": 201177000,
    "otherExpenses": 36018000,
    "operatingExpenses": 237195000,
    "costAndExpenses": 882692000,
    "interestIncome": 1371000,
    "interestExpense": 18951000,
    "depreciationAndAmortization": 43648000,
    "ebitda": 213833000,
    "ebitdaratio": 0.2033549337,
    "operatingIncome": 168834000,
    "operatingIncomeRatio": 0.1605609372,
    "totalOtherIncomeExpensesNet": -17600000,
    "incomeBeforeTax": 151234000,
    "incomeBeforeTaxRatio": 0.1438233577,
    "incomeTaxExpense": 53171000,
    "netIncome": 98063000,
    "netIncomeRatio": 0.0932577987,
    "eps": 0.83,
    "epsdiluted": 0.83,
    "weightedAverageShsOut": 118665000,
    "weightedAverageShsOutDil": 118746000,
    "link": "https://www.sec.gov/Archives/edgar/data/91419/000095012309041703/0000950123-09-041703-index.htm",
    "finalLink": "https://www.sec.gov/Archives/edgar/data/91419/000095012309041703/l37505e10vq.htm"
  },
  {
    "date": "2009-04-30",
    "symbol": "SJM",
    "reportedCurrency": "USD",
    "cik": "0000091419",
    "fillingDate": "2009-06-26",
    "acceptedDate": "2009-06-26 16:34:42",
    "calendarYear": "2009",
    "period": "Q4",
    "revenue": 1068540000,
    "costOfRevenue": 669350000,
    "grossProfit": 399190000,
    "grossProfitRatio": 0.3735845172,
    "researchAndDevelopmentExpenses": 0,
    "generalAndAdministrativeExpenses": 0,
    "sellingAndMarketingExpenses": 0,
    "sellingGeneralAndAdministrativeExpenses": 181709000,
    "otherExpenses": 60034000,
    "operatingExpenses": 241743000,
    "costAndExpenses": 911093000,
    "interestIncome": 0,
    "interestExpense": 0,
    "depreciationAndAmortization": 42237000,
    "ebitda": 163874000,
    "ebitdaratio": 0.1533625321,
    "operatingIncome": 157447000,
    "operatingIncomeRatio": 0.147347783,
    "totalOtherIncomeExpensesNet": -16410000,
    "incomeBeforeTax": 141037000,
    "incomeBeforeTaxRatio": 0.1319903794,
    "incomeTaxExpense": 46769000,
    "netIncome": 94268000,
    "netIncomeRatio": 0.0882213113,
    "eps": 0.94,
    "epsdiluted": 0.94,
    "weightedAverageShsOut": 99765000,
    "weightedAverageShsOutDil": 99814500,
    "link": "https://www.sec.gov/Archives/edgar/data/91419/000095012309017972/0000950123-09-017972-index.htm",
    "finalLink": "https://www.sec.gov/Archives/edgar/data/91419/000095012309017972/l36725ae10vk.htm"
  },
  {
    "date": "2009-01-31",
    "symbol": "SJM",
    "reportedCurrency": "USD",
    "cik": "0000091419",
    "fillingDate": "2009-03-10",
    "acceptedDate": "2009-03-10 16:41:21",
    "calendarYear": "2009",
    "period": "Q3",
    "revenue": 1182594000,
    "costOfRevenue": 781553000,
    "grossProfit": 401041000,
    "grossProfitRatio": 0.3391197655,
    "researchAndDevelopmentExpenses": 0,
    "generalAndAdministrativeExpenses": 0,
    "sellingAndMarketingExpenses": 0,
    "sellingGeneralAndAdministrativeExpenses": 211633000,
    "otherExpenses": 53949000,
    "operatingExpenses": 265582000,
    "costAndExpenses": 1047135000,
    "interestIncome": 1822000,
    "interestExpense": 21959000,
    "depreciationAndAmortization": 43783000,
    "ebitda": 180098000,
    "ebitdaratio": 0.1522906424,
    "operatingIncome": 135459000,
    "operatingIncomeRatio": 0.1145439601,
    "totalOtherIncomeExpensesNet": -21103000,
    "incomeBeforeTax": 114356000,
    "incomeBeforeTaxRatio": 0.0966992899,
    "incomeTaxExpense": 36415000,
    "netIncome": 77941000,
    "netIncomeRatio": 0.0659068116,
    "eps": 0.68,
    "epsdiluted": 0.68,
    "weightedAverageShsOut": 114081000,
    "weightedAverageShsOutDil": 114081000,
    "link": "https://www.sec.gov/Archives/edgar/data/91419/000095015209002427/0000950152-09-002427-index.htm",
    "finalLink": "https://www.sec.gov/Archives/edgar/data/91419/000095015209002427/l35751ae10vq.htm"
  },
  {
    "date": "2008-10-31",
    "symbol": "SJM",
    "reportedCurrency": "USD",
    "cik": "0000091419",
    "fillingDate": "2008-12-09",
    "acceptedDate": "2008-12-09 16:26:54",
    "calendarYear": "2009",
    "period": "Q2",
    "revenue": 843142000,
    "costOfRevenue": 599723000,
    "grossProfit": 243419000,
    "grossProfitRatio": 0.288704631,
    "researchAndDevelopmentExpenses": 0,
    "generalAndAdministrativeExpenses": 0,
    "sellingAndMarketingExpenses": 0,
    "sellingGeneralAndAdministrativeExpenses": 151292000,
    "otherExpenses": 5830000,
    "operatingExpenses": 157122000,
    "costAndExpenses": 756845000,
    "interestIncome": 0,
    "interestExpense": 0,
    "depreciationAndAmortization": 16489000,
    "ebitda": 109123000,
    "ebitdaratio": 0.1294242251,
    "operatingIncome": 86297000,
    "operatingIncomeRatio": 0.1023516798,
    "totalOtherIncomeExpensesNet": -9072000,
    "incomeBeforeTax": 77225000,
    "incomeBeforeTaxRatio": 0.0915919264,
    "incomeTaxExpense": 25772000,
    "netIncome": 51453000,
    "netIncomeRatio": 0.0610253077,
    "eps": 0.95,
    "epsdiluted": 0.94,
    "weightedAverageShsOut": 54385000,
    "weightedAverageShsOutDil": 54777000,
    "link": "https://www.sec.gov/Archives/edgar/data/91419/000095015208010111/0000950152-08-010111-index.htm",
    "finalLink": "https://www.sec.gov/Archives/edgar/data/91419/000095015208010111/l34412ae10vq.htm"
  },
  {
    "date": "2008-07-31",
    "symbol": "SJM",
    "reportedCurrency": "USD",
    "cik": "0000091419",
    "fillingDate": "2008-09-09",
    "acceptedDate": "2008-09-09 16:02:05",
    "calendarYear": "2009",
    "period": "Q1",
    "revenue": 663657000,
    "costOfRevenue": 455878000,
    "grossProfit": 207779000,
    "grossProfitRatio": 0.3130819083,
    "researchAndDevelopmentExpenses": 0,
    "generalAndAdministrativeExpenses": 0,
    "sellingAndMarketingExpenses": 0,
    "sellingGeneralAndAdministrativeExpenses": 131884000,
    "otherExpenses": 4067000,
    "operatingExpenses": 135951000,
    "costAndExpenses": 591829000,
    "interestIncome": 0,
    "interestExpense": 0,
    "depreciationAndAmortization": 16507000,
    "ebitda": 92254000,
    "ebitdaratio": 0.1390085541,
    "operatingIncome": 71828000,
    "operatingIncomeRatio": 0.1082306071,
    "totalOtherIncomeExpensesNet": -8381000,
    "incomeBeforeTax": 63447000,
    "incomeBeforeTaxRatio": 0.0956020957,
    "incomeTaxExpense": 21156000,
    "netIncome": 42291000,
    "netIncomeRatio": 0.0637241828,
    "eps": 0.78,
    "epsdiluted": 0.77,
    "weightedAverageShsOut": 54283000,
    "weightedAverageShsOutDil": 54668000,
    "link": "https://www.sec.gov/Archives/edgar/data/91419/000095015208007111/0000950152-08-007111-index.htm",
    "finalLink": "https://www.sec.gov/Archives/edgar/data/91419/000095015208007111/l33117ae10vq.htm"
  },
  {
    "date": "2008-04-30",
    "symbol": "SJM",
    "reportedCurrency": "USD",
    "cik": "0000091419",
    "fillingDate": "2008-06-27",
    "acceptedDate": "2008-06-27 16:32:26",
    "calendarYear": "2008",
    "period": "Q4",
    "revenue": 589998000,
    "costOfRevenue": 407759000,
    "grossProfit": 182239000,
    "grossProfitRatio": 0.3088807081,
    "researchAndDevelopmentExpenses": 0,
    "generalAndAdministrativeExpenses": 0,
    "sellingAndMarketingExpenses": 0,
    "sellingGeneralAndAdministrativeExpenses": 119647000,
    "otherExpenses": -165000,
    "operatingExpenses": 119482000,
    "costAndExpenses": 527241000,
    "interestIncome": 0,
    "interestExpense": 0,
    "depreciationAndAmortization": 16151000,
    "ebitda": 82622000,
    "ebitdaratio": 0.1400377628,
    "operatingIncome": 62757000,
    "operatingIncomeRatio": 0.1063681572,
    "totalOtherIncomeExpensesNet": -9828000,
    "incomeBeforeTax": 52929000,
    "incomeBeforeTaxRatio": 0.0897104736,
    "incomeTaxExpense": 15878000,
    "netIncome": 37051000,
    "netIncomeRatio": 0.062798518,
    "eps": 0.66,
    "epsdiluted": 0.65,
    "weightedAverageShsOut": 56383000,
    "weightedAverageShsOutDil": 56664000,
    "link": "https://www.sec.gov/Archives/edgar/data/91419/000095015208005018/0000950152-08-005018-index.htm",
    "finalLink": "https://www.sec.gov/Archives/edgar/data/91419/000095015208005018/l32070ae10vk.htm"
  },
  {
    "date": "2008-01-31",
    "symbol": "SJM",
    "reportedCurrency": "USD",
    "cik": "0000091419",
    "fillingDate": "2008-03-11",
    "acceptedDate": "2008-03-11 16:34:41",
    "calendarYear": "2008",
    "period": "Q3",
    "revenue": 665373000,
    "costOfRevenue": 469920000,
    "grossProfit": 195453000,
    "grossProfitRatio": 0.2937495209,
    "researchAndDevelopmentExpenses": 0,
    "generalAndAdministrativeExpenses": 0,
    "sellingAndMarketingExpenses": 0,
    "sellingGeneralAndAdministrativeExpenses": 122907000,
    "otherExpenses": 3605000,
    "operatingExpenses": 126512000,
    "costAndExpenses": 596432000,
    "interestIncome": 0,
    "interestExpense": 0,
    "depreciationAndAmortization": 16279000,
    "ebitda": 88825000,
    "ebitdaratio": 0.1334965501,
    "operatingIncome": 68941000,
    "operatingIncomeRatio": 0.1036125602,
    "totalOtherIncomeExpensesNet": -6781000,
    "incomeBeforeTax": 62160000,
    "incomeBeforeTaxRatio": 0.093421284,
    "incomeTaxExpense": 19759000,
    "netIncome": 42401000,
    "netIncomeRatio": 0.0637251587,
    "eps": 0.75,
    "epsdiluted": 0.75,
    "weightedAverageShsOut": 56535000,
    "weightedAverageShsOutDil": 56535000,
    "link": "https://www.sec.gov/Archives/edgar/data/91419/000095015208001844/0000950152-08-001844-index.htm",
    "finalLink": "https://www.sec.gov/Archives/edgar/data/91419/000095015208001844/l30453ae10vq.htm"
  },
  {
    "date": "2007-10-31",
    "symbol": "SJM",
    "reportedCurrency": "USD",
    "cik": "0000091419",
    "fillingDate": "2007-12-07",
    "acceptedDate": "2007-12-07 16:15:47",
    "calendarYear": "2008",
    "period": "Q2",
    "revenue": 707890000,
    "costOfRevenue": 489402000,
    "grossProfit": 218488000,
    "grossProfitRatio": 0.3086468237,
    "researchAndDevelopmentExpenses": 0,
    "generalAndAdministrativeExpenses": 0,
    "sellingAndMarketingExpenses": 0,
    "sellingGeneralAndAdministrativeExpenses": 131361000,
    "otherExpenses": 3140000,
    "operatingExpenses": 134501000,
    "costAndExpenses": 623903000,
    "interestIncome": 0,
    "interestExpense": 0,
    "depreciationAndAmortization": 15298000,
    "ebitda": 102425000,
    "ebitdaratio": 0.1446905593,
    "operatingIncome": 83987000,
    "operatingIncomeRatio": 0.1186441396,
    "totalOtherIncomeExpensesNet": -8111000,
    "incomeBeforeTax": 75876000,
    "incomeBeforeTaxRatio": 0.1071861447,
    "incomeTaxExpense": 25710000,
    "netIncome": 50166000,
    "netIncomeRatio": 0.0708669426,
    "eps": 0.88,
    "epsdiluted": 0.87,
    "weightedAverageShsOut": 57007000,
    "weightedAverageShsOutDil": 57662000,
    "link": "https://www.sec.gov/Archives/edgar/data/91419/000095015207009496/0000950152-07-009496-index.htm",
    "finalLink": "https://www.sec.gov/Archives/edgar/data/91419/000095015207009496/l28992ae10vq.htm"
  },
  {
    "date": "2007-07-31",
    "symbol": "SJM",
    "reportedCurrency": "USD",
    "cik": "0000091419",
    "fillingDate": "2007-09-07",
    "acceptedDate": "2007-09-07 16:01:44",
    "calendarYear": "2008",
    "period": "Q1",
    "revenue": 561513000,
    "costOfRevenue": 375529000,
    "grossProfit": 185984000,
    "grossProfitRatio": 0.3312194019,
    "researchAndDevelopmentExpenses": 0,
    "generalAndAdministrativeExpenses": 0,
    "sellingAndMarketingExpenses": 0,
    "sellingGeneralAndAdministrativeExpenses": 116750000,
    "otherExpenses": 745000,
    "operatingExpenses": 117495000,
    "costAndExpenses": 493024000,
    "interestIncome": 0,
    "interestExpense": 0,
    "depreciationAndAmortization": 14891000,
    "ebitda": 84125000,
    "ebitdaratio": 0.149818437,
    "operatingIncome": 68489000,
    "operatingIncomeRatio": 0.1219722429,
    "totalOtherIncomeExpensesNet": -4666000,
    "incomeBeforeTax": 63823000,
    "incomeBeforeTaxRatio": 0.113662551,
    "incomeTaxExpense": 23062000,
    "netIncome": 40761000,
    "netIncomeRatio": 0.0725913737,
    "eps": 0.72,
    "epsdiluted": 0.71,
    "weightedAverageShsOut": 56613000,
    "weightedAverageShsOutDil": 57410000,
    "link": "https://www.sec.gov/Archives/edgar/data/91419/000095015207007426/0000950152-07-007426-index.htm",
    "finalLink": "https://www.sec.gov/Archives/edgar/data/91419/000095015207007426/l27751ae10vq.htm"
  },
  {
    "date": "2007-04-30",
    "symbol": "SJM",
    "reportedCurrency": "USD",
    "cik": "0000091419",
    "fillingDate": "2007-06-26",
    "acceptedDate": "2007-06-26 16:12:56",
    "calendarYear": "2007",
    "period": "Q4",
    "revenue": 493472000,
    "costOfRevenue": 313569000,
    "grossProfit": 179903000,
    "grossProfitRatio": 0.3645657707,
    "researchAndDevelopmentExpenses": 0,
    "generalAndAdministrativeExpenses": 0,
    "sellingAndMarketingExpenses": 0,
    "sellingGeneralAndAdministrativeExpenses": 109540000,
    "otherExpenses": 844000,
    "operatingExpenses": 110384000,
    "costAndExpenses": 423953000,
    "interestIncome": 0,
    "interestExpense": 0,
    "depreciationAndAmortization": 15301000,
    "ebitda": 85664000,
    "ebitdaratio": 0.1735944491,
    "operatingIncome": 69519000,
    "operatingIncomeRatio": 0.1408772939,
    "totalOtherIncomeExpensesNet": -3790000,
    "incomeBeforeTax": 65729000,
    "incomeBeforeTaxRatio": 0.1331970203,
    "incomeTaxExpense": 23230000,
    "netIncome": 42499000,
    "netIncomeRatio": 0.0861224142,
    "eps": 0.75,
    "epsdiluted": 0.74,
    "weightedAverageShsOut": 56482000,
    "weightedAverageShsOutDil": 57186500,
    "link": "https://www.sec.gov/Archives/edgar/data/91419/000095015207005388/0000950152-07-005388-index.htm",
    "finalLink": "https://www.sec.gov/Archives/edgar/data/91419/000095015207005388/l26475ae10vk.htm"
  },
  {
    "date": "2007-01-31",
    "symbol": "SJM",
    "reportedCurrency": "USD",
    "cik": "0000091419",
    "fillingDate": "2007-03-09",
    "acceptedDate": "2007-03-09 16:34:56",
    "calendarYear": "2007",
    "period": "Q3",
    "revenue": 523081000,
    "costOfRevenue": 350114000,
    "grossProfit": 172967000,
    "grossProfitRatio": 0.3306696286,
    "researchAndDevelopmentExpenses": 0,
    "generalAndAdministrativeExpenses": 0,
    "sellingAndMarketingExpenses": 0,
    "sellingGeneralAndAdministrativeExpenses": 108789000,
    "otherExpenses": -199000,
    "operatingExpenses": 108590000,
    "costAndExpenses": 458704000,
    "interestIncome": 0,
    "interestExpense": 0,
    "depreciationAndAmortization": 14600000,
    "ebitda": 78778000,
    "ebitdaratio": 0.1506038262,
    "operatingIncome": 64377000,
    "operatingIncomeRatio": 0.1230727172,
    "totalOtherIncomeExpensesNet": -3929000,
    "incomeBeforeTax": 60448000,
    "incomeBeforeTaxRatio": 0.1155614522,
    "incomeTaxExpense": 20021000,
    "netIncome": 40427000,
    "netIncomeRatio": 0.0772863094,
    "eps": 0.72,
    "epsdiluted": 0.71,
    "weightedAverageShsOut": 56149000,
    "weightedAverageShsOutDil": 56939000,
    "link": "https://www.sec.gov/Archives/edgar/data/91419/000095015207001976/0000950152-07-001976-index.htm",
    "finalLink": "https://www.sec.gov/Archives/edgar/data/91419/000095015207001976/l25091ae10vq.htm"
  },
  {
    "date": "2006-10-31",
    "symbol": "SJM",
    "reportedCurrency": "USD",
    "cik": "0000091419",
    "fillingDate": "2006-12-08",
    "acceptedDate": "2006-12-08 16:40:56",
    "calendarYear": "2007",
    "period": "Q2",
    "revenue": 604955000,
    "costOfRevenue": 413764000,
    "grossProfit": 191191000,
    "grossProfitRatio": 0.3160416891,
    "researchAndDevelopmentExpenses": 0,
    "generalAndAdministrativeExpenses": 0,
    "sellingAndMarketingExpenses": 0,
    "sellingGeneralAndAdministrativeExpenses": 116088000,
    "otherExpenses": 805000,
    "operatingExpenses": 116893000,
    "costAndExpenses": 530657000,
    "interestIncome": 0,
    "interestExpense": 0,
    "depreciationAndAmortization": 13805000,
    "ebitda": 88908000,
    "ebitdaratio": 0.1469663033,
    "operatingIncome": 74298000,
    "operatingIncomeRatio": 0.1228157466,
    "totalOtherIncomeExpensesNet": -3662000,
    "incomeBeforeTax": 70636000,
    "incomeBeforeTaxRatio": 0.1167624038,
    "incomeTaxExpense": 25067000,
    "netIncome": 45569000,
    "netIncomeRatio": 0.0753262639,
    "eps": 0.8,
    "epsdiluted": 0.8,
    "weightedAverageShsOut": 56961000,
    "weightedAverageShsOutDil": 56961000,
    "link": "https://www.sec.gov/Archives/edgar/data/91419/000095015206009995/0000950152-06-009995-index.htm",
    "finalLink": "https://www.sec.gov/Archives/edgar/data/91419/000095015206009995/l23569ae10vq.htm"
  },
  {
    "date": "2006-07-31",
    "symbol": "SJM",
    "reportedCurrency": "USD",
    "cik": "0000091419",
    "fillingDate": "2006-09-08",
    "acceptedDate": "2006-09-08 15:09:47",
    "calendarYear": "2007",
    "period": "Q1",
    "revenue": 526509000,
    "costOfRevenue": 368515000,
    "grossProfit": 157994000,
    "grossProfitRatio": 0.3000784412,
    "researchAndDevelopmentExpenses": 0,
    "generalAndAdministrativeExpenses": 0,
    "sellingAndMarketingExpenses": 0,
    "sellingGeneralAndAdministrativeExpenses": 108397000,
    "otherExpenses": 731000,
    "operatingExpenses": 109128000,
    "costAndExpenses": 477643000,
    "interestIncome": 0,
    "interestExpense": 0,
    "depreciationAndAmortization": 15168000,
    "ebitda": 64765000,
    "ebitdaratio": 0.1230083436,
    "operatingIncome": 48866000,
    "operatingIncomeRatio": 0.092811329,
    "totalOtherIncomeExpensesNet": -4675000,
    "incomeBeforeTax": 44191000,
    "incomeBeforeTaxRatio": 0.0839320885,
    "incomeTaxExpense": 15467000,
    "netIncome": 28724000,
    "netIncomeRatio": 0.0545555726,
    "eps": 0.51,
    "epsdiluted": 0.5,
    "weightedAverageShsOut": 56322000,
    "weightedAverageShsOutDil": 57448000,
    "link": "https://www.sec.gov/Archives/edgar/data/91419/000095015206007519/0000950152-06-007519-index.htm",
    "finalLink": "https://www.sec.gov/Archives/edgar/data/91419/000095015206007519/l22182ae10vq.htm"
  },
  {
    "date": "2006-04-30",
    "symbol": "SJM",
    "reportedCurrency": "USD",
    "cik": "0000091419",
    "fillingDate": "2006-06-30",
    "acceptedDate": "2006-06-30 14:08:09",
    "calendarYear": "2006",
    "period": "Q4",
    "revenue": 501678000,
    "costOfRevenue": 341681000,
    "grossProfit": 159997000,
    "grossProfitRatio": 0.3189236921,
    "researchAndDevelopmentExpenses": 0,
    "generalAndAdministrativeExpenses": 0,
    "sellingAndMarketingExpenses": 0,
    "sellingGeneralAndAdministrativeExpenses": 104198000,
    "otherExpenses": 1759000,
    "operatingExpenses": 105957000,
    "costAndExpenses": 447638000,
    "interestIncome": 0,
    "interestExpense": 0,
    "depreciationAndAmortization": 17172000,
    "ebitda": 72106000,
    "ebitdaratio": 0.1437296433,
    "operatingIncome": 54040000,
    "operatingIncomeRatio": 0.1077184967,
    "totalOtherIncomeExpensesNet": -6180000,
    "incomeBeforeTax": 47860000,
    "incomeBeforeTaxRatio": 0.0953998381,
    "incomeTaxExpense": 12159000,
    "netIncome": 35701000,
    "netIncomeRatio": 0.0711631764,
    "eps": 0.63,
    "epsdiluted": 0.62,
    "weightedAverageShsOut": 57063000,
    "weightedAverageShsOutDil": 57980000,
    "link": "https://www.sec.gov/Archives/edgar/data/91419/000095015206005568/0000950152-06-005568-index.htm",
    "finalLink": "https://www.sec.gov/Archives/edgar/data/91419/000095015206005568/l20956ae10vk.htm"
  },
  {
    "date": "2006-01-31",
    "symbol": "SJM",
    "reportedCurrency": "USD",
    "cik": "0000091419",
    "fillingDate": "2006-03-10",
    "acceptedDate": "2006-03-10 13:48:11",
    "calendarYear": "2006",
    "period": "Q3",
    "revenue": 536453000,
    "costOfRevenue": 372599000,
    "grossProfit": 163854000,
    "grossProfitRatio": 0.3054396191,
    "researchAndDevelopmentExpenses": 0,
    "generalAndAdministrativeExpenses": 0,
    "sellingAndMarketingExpenses": 0,
    "sellingGeneralAndAdministrativeExpenses": 103610000,
    "otherExpenses": 12547000,
    "operatingExpenses": 116157000,
    "costAndExpenses": 488756000,
    "interestIncome": 0,
    "interestExpense": 0,
    "depreciationAndAmortization": 11913000,
    "ebitda": 72157000,
    "ebitdaratio": 0.1345075897,
    "operatingIncome": 47697000,
    "operatingIncomeRatio": 0.0889117966,
    "totalOtherIncomeExpensesNet": 1875000,
    "incomeBeforeTax": 49572000,
    "incomeBeforeTaxRatio": 0.0924069769,
    "incomeTaxExpense": 18260000,
    "netIncome": 31312000,
    "netIncomeRatio": 0.0583685803,
    "eps": 0.54,
    "epsdiluted": 0.54,
    "weightedAverageShsOut": 57985000,
    "weightedAverageShsOutDil": 57985000,
    "link": "https://www.sec.gov/Archives/edgar/data/91419/000095015206001948/0000950152-06-001948-index.htm",
    "finalLink": "https://www.sec.gov/Archives/edgar/data/91419/000095015206001948/l19041ae10vq.htm"
  },
  {
    "date": "2005-10-31",
    "symbol": "SJM",
    "reportedCurrency": "USD",
    "cik": "0000091419",
    "fillingDate": "2005-12-09",
    "acceptedDate": "2005-12-09 13:54:00",
    "calendarYear": "2006",
    "period": "Q2",
    "revenue": 606264000,
    "costOfRevenue": 402841000,
    "grossProfit": 203423000,
    "grossProfitRatio": 0.3355353443,
    "researchAndDevelopmentExpenses": 0,
    "generalAndAdministrativeExpenses": 0,
    "sellingAndMarketingExpenses": 0,
    "sellingGeneralAndAdministrativeExpenses": 120025000,
    "otherExpenses": 6068000,
    "operatingExpenses": 126093000,
    "costAndExpenses": 528934000,
    "interestIncome": 0,
    "interestExpense": 0,
    "depreciationAndAmortization": 19456000,
    "ebitda": 102854000,
    "ebitdaratio": 0.1696521647,
    "operatingIncome": 77330000,
    "operatingIncomeRatio": 0.1275516937,
    "totalOtherIncomeExpensesNet": -4771000,
    "incomeBeforeTax": 72559000,
    "incomeBeforeTaxRatio": 0.1196821847,
    "incomeTaxExpense": 26115000,
    "netIncome": 46444000,
    "netIncomeRatio": 0.0766068907,
    "eps": 0.8,
    "epsdiluted": 0.79,
    "weightedAverageShsOut": 58055000,
    "weightedAverageShsOutDil": 58790000,
    "link": "https://www.sec.gov/Archives/edgar/data/91419/000095015205009853/0000950152-05-009853-index.htm",
    "finalLink": "https://www.sec.gov/Archives/edgar/data/91419/000095015205009853/l17345ae10vq.htm"
  },
  {
    "date": "2005-07-31",
    "symbol": "SJM",
    "reportedCurrency": "USD",
    "cik": "0000091419",
    "fillingDate": "2005-09-08",
    "acceptedDate": "2005-09-08 16:06:40",
    "calendarYear": "2006",
    "period": "Q1",
    "revenue": 510331000,
    "costOfRevenue": 345618000,
    "grossProfit": 164713000,
    "grossProfitRatio": 0.3227571909,
    "researchAndDevelopmentExpenses": 0,
    "generalAndAdministrativeExpenses": 0,
    "sellingAndMarketingExpenses": 0,
    "sellingGeneralAndAdministrativeExpenses": 110624000,
    "otherExpenses": 4417000,
    "operatingExpenses": 115041000,
    "costAndExpenses": 460659000,
    "interestIncome": 0,
    "interestExpense": 0,
    "depreciationAndAmortization": 15838000,
    "ebitda": 69927000,
    "ebitdaratio": 0.1370228342,
    "operatingIncome": 49672000,
    "operatingIncomeRatio": 0.0973329075,
    "totalOtherIncomeExpensesNet": -4093000,
    "incomeBeforeTax": 45579000,
    "incomeBeforeTaxRatio": 0.0893126226,
    "incomeTaxExpense": 15682000,
    "netIncome": 29897000,
    "netIncomeRatio": 0.0585835468,
    "eps": 0.51,
    "epsdiluted": 0.51,
    "weightedAverageShsOut": 58622000,
    "weightedAverageShsOutDil": 58622000,
    "link": "https://www.sec.gov/Archives/edgar/data/91419/000095015205007541/0000950152-05-007541-index.htm",
    "finalLink": "https://www.sec.gov/Archives/edgar/data/91419/000095015205007541/l15935ae10vq.htm"
  },
  {
    "date": "2005-04-30",
    "symbol": "SJM",
    "reportedCurrency": "USD",
    "cik": "0000091419",
    "fillingDate": "2005-07-12",
    "acceptedDate": "2005-07-12 17:04:38",
    "calendarYear": "2005",
    "period": "Q4",
    "revenue": 491454000,
    "costOfRevenue": 341305000,
    "grossProfit": 150149000,
    "grossProfitRatio": 0.3055199469,
    "researchAndDevelopmentExpenses": 0,
    "generalAndAdministrativeExpenses": 0,
    "sellingAndMarketingExpenses": 0,
    "sellingGeneralAndAdministrativeExpenses": 95270000,
    "otherExpenses": 10565000,
    "operatingExpenses": 105835000,
    "costAndExpenses": 447140000,
    "interestIncome": 0,
    "interestExpense": 0,
    "depreciationAndAmortization": 17018000,
    "ebitda": 71897000,
    "ebitdaratio": 0.146294465,
    "operatingIncome": 44314000,
    "operatingIncomeRatio": 0.0901691715,
    "totalOtherIncomeExpensesNet": -2710000,
    "incomeBeforeTax": 41604000,
    "incomeBeforeTaxRatio": 0.0846549219,
    "incomeTaxExpense": 14818000,
    "netIncome": 22112000,
    "netIncomeRatio": 0.0449930207,
    "eps": 0.38,
    "epsdiluted": 0.38,
    "weightedAverageShsOut": 57867000,
    "weightedAverageShsOutDil": 58122000,
    "link": "https://www.sec.gov/Archives/edgar/data/91419/000095015205005873/0000950152-05-005873-index.htm",
    "finalLink": "https://www.sec.gov/Archives/edgar/data/91419/000095015205005873/l13520ae10vk.htm"
  },
  {
    "date": "2005-01-31",
    "symbol": "SJM",
    "reportedCurrency": "USD",
    "cik": "0000091419",
    "fillingDate": "2005-03-11",
    "acceptedDate": "2005-03-11 14:37:02",
    "calendarYear": "2005",
    "period": "Q3",
    "revenue": 550234000,
    "costOfRevenue": 376036000,
    "grossProfit": 174198000,
    "grossProfitRatio": 0.3165889422,
    "researchAndDevelopmentExpenses": 0,
    "generalAndAdministrativeExpenses": 0,
    "sellingAndMarketingExpenses": 0,
    "sellingGeneralAndAdministrativeExpenses": 106464000,
    "otherExpenses": 7989000,
    "operatingExpenses": 114453000,
    "costAndExpenses": 490489000,
    "interestIncome": 0,
    "interestExpense": 0,
    "depreciationAndAmortization": 14394000,
    "ebitda": 82128000,
    "ebitdaratio": 0.149260133,
    "operatingIncome": 59745000,
    "operatingIncomeRatio": 0.1085810764,
    "totalOtherIncomeExpensesNet": -4227000,
    "incomeBeforeTax": 55518000,
    "incomeBeforeTaxRatio": 0.1008988903,
    "incomeTaxExpense": 19994000,
    "netIncome": 36108000,
    "netIncomeRatio": 0.0656229895,
    "eps": 0.62,
    "epsdiluted": 0.61,
    "weightedAverageShsOut": 58239000,
    "weightedAverageShsOutDil": 59193000,
    "link": "https://www.sec.gov/Archives/edgar/data/91419/000095015205001997/0000950152-05-001997-index.htm",
    "finalLink": "https://www.sec.gov/Archives/edgar/data/91419/000095015205001997/l12701ae10vq.htm"
  },
  {
    "date": "2004-10-31",
    "symbol": "SJM",
    "reportedCurrency": "USD",
    "cik": "0000091419",
    "fillingDate": "2004-12-09",
    "acceptedDate": "2004-12-09 14:51:30",
    "calendarYear": "2005",
    "period": "Q2",
    "revenue": 588922000,
    "costOfRevenue": 400041000,
    "grossProfit": 188881000,
    "grossProfitRatio": 0.3207232876,
    "researchAndDevelopmentExpenses": 0,
    "generalAndAdministrativeExpenses": 0,
    "sellingAndMarketingExpenses": 0,
    "sellingGeneralAndAdministrativeExpenses": 115279000,
    "otherExpenses": 5136000,
    "operatingExpenses": 120415000,
    "costAndExpenses": 520456000,
    "interestIncome": 0,
    "interestExpense": 0,
    "depreciationAndAmortization": 13833000,
    "ebitda": 87435000,
    "ebitdaratio": 0.1484661806,
    "operatingIncome": 68466000,
    "operatingIncomeRatio": 0.1162564822,
    "totalOtherIncomeExpensesNet": -4331000,
    "incomeBeforeTax": 64135000,
    "incomeBeforeTaxRatio": 0.1089023674,
    "incomeTaxExpense": 23472000,
    "netIncome": 38005000,
    "netIncomeRatio": 0.064533164,
    "eps": 0.65,
    "epsdiluted": 0.65,
    "weightedAverageShsOut": 58469000,
    "weightedAverageShsOutDil": 58469000,
    "link": "https://www.sec.gov/Archives/edgar/data/91419/000095015204008859/0000950152-04-008859-index.htm",
    "finalLink": "https://www.sec.gov/Archives/edgar/data/91419/000095015204008859/l10839ae10vq.htm"
  },
  {
    "date": "2004-07-31",
    "symbol": "SJM",
    "reportedCurrency": "USD",
    "cik": "0000091419",
    "fillingDate": "2004-09-09",
    "acceptedDate": "2004-09-09 14:30:57",
    "calendarYear": "2005",
    "period": "Q1",
    "revenue": 413267000,
    "costOfRevenue": 269079000,
    "grossProfit": 144596000,
    "grossProfitRatio": 0.3498851832,
    "researchAndDevelopmentExpenses": 0,
    "generalAndAdministrativeExpenses": 0,
    "sellingAndMarketingExpenses": 0,
    "sellingGeneralAndAdministrativeExpenses": 90826000,
    "otherExpenses": 5118000,
    "operatingExpenses": 95944000,
    "costAndExpenses": 365023000,
    "interestIncome": 0,
    "interestExpense": 0,
    "depreciationAndAmortization": 10803000,
    "ebitda": 64165000,
    "ebitdaratio": 0.1552628204,
    "operatingIncome": 48244000,
    "operatingIncomeRatio": 0.1167380894,
    "totalOtherIncomeExpensesNet": -4887000,
    "incomeBeforeTax": 43357000,
    "incomeBeforeTaxRatio": 0.1049128046,
    "incomeTaxExpense": 15870000,
    "netIncome": 32848000,
    "netIncomeRatio": 0.0794837236,
    "eps": 0.61,
    "epsdiluted": 0.6,
    "weightedAverageShsOut": 53849000,
    "weightedAverageShsOutDil": 54747000,
    "link": "https://www.sec.gov/Archives/edgar/data/91419/000095015204006775/0000950152-04-006775-index.htm",
    "finalLink": "https://www.sec.gov/Archives/edgar/data/91419/000095015204006775/l09424ae10vq.htm"
  },
  {
    "date": "2004-04-30",
    "symbol": "SJM",
    "reportedCurrency": "USD",
    "cik": "0000091419",
    "fillingDate": "2004-07-13",
    "acceptedDate": "2004-07-13 16:06:51",
    "calendarYear": "2004",
    "period": "Q4",
    "revenue": 325409000,
    "costOfRevenue": 221586000,
    "grossProfit": 103823000,
    "grossProfitRatio": 0.3190538676,
    "researchAndDevelopmentExpenses": 0,
    "generalAndAdministrativeExpenses": 0,
    "sellingAndMarketingExpenses": 0,
    "sellingGeneralAndAdministrativeExpenses": 70812000,
    "otherExpenses": -191000,
    "operatingExpenses": 70621000,
    "costAndExpenses": 292207000,
    "interestIncome": 0,
    "interestExpense": 0,
    "depreciationAndAmortization": 7962000,
    "ebitda": 37354000,
    "ebitdaratio": 0.1147909247,
    "operatingIncome": 33202000,
    "operatingIncomeRatio": 0.1020315972,
    "totalOtherIncomeExpensesNet": 2945000,
    "incomeBeforeTax": 36147000,
    "incomeBeforeTaxRatio": 0.1110817464,
    "incomeTaxExpense": 13967000,
    "netIncome": 22180000,
    "netIncomeRatio": 0.0681603766,
    "eps": 0.45,
    "epsdiluted": 0.44,
    "weightedAverageShsOut": 49710500,
    "weightedAverageShsOutDil": 50446000,
    "link": "https://www.sec.gov/Archives/edgar/data/91419/000095015204005304/0000950152-04-005304-index.htm",
    "finalLink": "https://www.sec.gov/Archives/edgar/data/91419/000095015204005304/l08405ae10vk.htm"
  },
  {
    "date": "2004-01-31",
    "symbol": "SJM",
    "reportedCurrency": "USD",
    "cik": "0000091419",
    "fillingDate": "2004-03-11",
    "acceptedDate": "2004-03-11 14:40:02",
    "calendarYear": "2004",
    "period": "Q3",
    "revenue": 343788000,
    "costOfRevenue": 217262000,
    "grossProfit": 126526000,
    "grossProfitRatio": 0.3680349518,
    "researchAndDevelopmentExpenses": 0,
    "generalAndAdministrativeExpenses": 0,
    "sellingAndMarketingExpenses": 0,
    "sellingGeneralAndAdministrativeExpenses": 74956000,
    "otherExpenses": 2074000,
    "operatingExpenses": 77030000,
    "costAndExpenses": 294292000,
    "interestIncome": 0,
    "interestExpense": 0,
    "depreciationAndAmortization": 9414000,
    "ebitda": 60984000,
    "ebitdaratio": 0.1773883905,
    "operatingIncome": 49496000,
    "operatingIncomeRatio": 0.1439724481,
    "totalOtherIncomeExpensesNet": -138000,
    "incomeBeforeTax": 49358000,
    "incomeBeforeTaxRatio": 0.143571038,
    "incomeTaxExpense": 18238000,
    "netIncome": 31318000,
    "netIncomeRatio": 0.0910968387,
    "eps": 0.63,
    "epsdiluted": 0.62,
    "weightedAverageShsOut": 49711000,
    "weightedAverageShsOutDil": 50513000,
    "link": "https://www.sec.gov/Archives/edgar/data/91419/000095015204001816/0000950152-04-001816-index.htm",
    "finalLink": "https://www.sec.gov/Archives/edgar/data/91419/000095015204001816/l06271ae10vq.htm"
  },
  {
    "date": "2003-10-31",
    "symbol": "SJM",
    "reportedCurrency": "USD",
    "cik": "0000091419",
    "fillingDate": "2003-12-11",
    "acceptedDate": "2003-12-11 15:33:21",
    "calendarYear": "2004",
    "period": "Q2",
    "revenue": 374203000,
    "costOfRevenue": 241233000,
    "grossProfit": 132970000,
    "grossProfitRatio": 0.3553418866,
    "researchAndDevelopmentExpenses": 0,
    "generalAndAdministrativeExpenses": 0,
    "sellingAndMarketingExpenses": 0,
    "sellingGeneralAndAdministrativeExpenses": 78775000,
    "otherExpenses": 1301000,
    "operatingExpenses": 80076000,
    "costAndExpenses": 321309000,
    "interestIncome": 0,
    "interestExpense": 0,
    "depreciationAndAmortization": 11099000,
    "ebitda": 65294000,
    "ebitdaratio": 0.1744881789,
    "operatingIncome": 52894000,
    "operatingIncomeRatio": 0.1413510848,
    "totalOtherIncomeExpensesNet": -1001000,
    "incomeBeforeTax": 51893000,
    "incomeBeforeTaxRatio": 0.1386760662,
    "incomeTaxExpense": 19174000,
    "netIncome": 32067000,
    "netIncomeRatio": 0.0856941286,
    "eps": 0.64,
    "epsdiluted": 0.64,
    "weightedAverageShsOut": 50105000,
    "weightedAverageShsOutDil": 50105000,
    "link": "https://www.sec.gov/Archives/edgar/data/91419/000095015203010262/0000950152-03-010262-index.htm",
    "finalLink": "https://www.sec.gov/Archives/edgar/data/91419/000095015203010262/l04511ae10vq.htm"
  },
  {
    "date": "2003-07-31",
    "symbol": "SJM",
    "reportedCurrency": "USD",
    "cik": "0000091419",
    "fillingDate": "2003-09-11",
    "acceptedDate": "2003-09-11 14:50:40",
    "calendarYear": "2004",
    "period": "Q1",
    "revenue": 341912000,
    "costOfRevenue": 223511000,
    "grossProfit": 118401000,
    "grossProfitRatio": 0.3462908585,
    "researchAndDevelopmentExpenses": 0,
    "generalAndAdministrativeExpenses": 0,
    "sellingAndMarketingExpenses": 0,
    "sellingGeneralAndAdministrativeExpenses": 75057000,
    "otherExpenses": 1825000,
    "operatingExpenses": 76882000,
    "costAndExpenses": 300393000,
    "interestIncome": 0,
    "interestExpense": 0,
    "depreciationAndAmortization": 10358000,
    "ebitda": 53702000,
    "ebitdaratio": 0.1570638059,
    "operatingIncome": 41519000,
    "operatingIncomeRatio": 0.1214318304,
    "totalOtherIncomeExpensesNet": -1125000,
    "incomeBeforeTax": 40394000,
    "incomeBeforeTaxRatio": 0.1181415101,
    "incomeTaxExpense": 15148000,
    "netIncome": 25785000,
    "netIncomeRatio": 0.0754141417,
    "eps": 0.52,
    "epsdiluted": 0.51,
    "weightedAverageShsOut": 49587000,
    "weightedAverageShsOutDil": 50559000,
    "link": "https://www.sec.gov/Archives/edgar/data/91419/000095015203008196/0000950152-03-008196-index.htm",
    "finalLink": "https://www.sec.gov/Archives/edgar/data/91419/000095015203008196/l03001ae10vq.htm"
  },
  {
    "date": "2003-04-30",
    "symbol": "SJM",
    "reportedCurrency": "USD",
    "cik": "0000091419",
    "fillingDate": "2003-07-24",
    "acceptedDate": "2003-07-24 15:29:40",
    "calendarYear": "2003",
    "period": "Q4",
    "revenue": 329007000,
    "costOfRevenue": 214621000,
    "grossProfit": 114386000,
    "grossProfitRatio": 0.3476704143,
    "researchAndDevelopmentExpenses": 0,
    "generalAndAdministrativeExpenses": 0,
    "sellingAndMarketingExpenses": 0,
    "sellingGeneralAndAdministrativeExpenses": 72958000,
    "otherExpenses": 2911000,
    "operatingExpenses": 75869000,
    "costAndExpenses": 290490000,
    "interestIncome": 0,
    "interestExpense": 0,
    "depreciationAndAmortization": 11380000,
    "ebitda": 52808000,
    "ebitdaratio": 0.1605072233,
    "operatingIncome": 38517000,
    "operatingIncomeRatio": 0.1170704575,
    "totalOtherIncomeExpensesNet": -1025000,
    "incomeBeforeTax": 37492000,
    "incomeBeforeTaxRatio": 0.1139550222,
    "incomeTaxExpense": 14247000,
    "netIncome": 23245000,
    "netIncomeRatio": 0.0706519922,
    "eps": 0.48,
    "epsdiluted": 0.47,
    "weightedAverageShsOut": 48406500,
    "weightedAverageShsOutDil": 49126500,
    "link": "https://www.sec.gov/Archives/edgar/data/91419/000095015203007045/0000950152-03-007045-index.htm",
    "finalLink": "https://www.sec.gov/Archives/edgar/data/91419/000095015203007045/l02007ae10vk.htm"
  },
  {
    "date": "2003-01-31",
    "symbol": "SJM",
    "reportedCurrency": "USD",
    "cik": "0000091419",
    "fillingDate": "2003-03-13",
    "acceptedDate": "2003-03-13 16:30:10",
    "calendarYear": "2003",
    "period": "Q3",
    "revenue": 340826000,
    "costOfRevenue": 217895000,
    "grossProfit": 122931000,
    "grossProfitRatio": 0.3606855111,
    "researchAndDevelopmentExpenses": 0,
    "generalAndAdministrativeExpenses": 0,
    "sellingAndMarketingExpenses": 0,
    "sellingGeneralAndAdministrativeExpenses": 71907000,
    "otherExpenses": 1524000,
    "operatingExpenses": 73431000,
    "costAndExpenses": 291326000,
    "interestIncome": 0,
    "interestExpense": 0,
    "depreciationAndAmortization": 8927000,
    "ebitda": 59951000,
    "ebitdaratio": 0.1758991392,
    "operatingIncome": 49500000,
    "operatingIncomeRatio": 0.1452353987,
    "totalOtherIncomeExpensesNet": -4351000,
    "incomeBeforeTax": 45149000,
    "incomeBeforeTaxRatio": 0.1324693539,
    "incomeTaxExpense": 17156000,
    "netIncome": 27993000,
    "netIncomeRatio": 0.0821328185,
    "eps": 0.56,
    "epsdiluted": 0.56,
    "weightedAverageShsOut": 49988000,
    "weightedAverageShsOutDil": 49988000,
    "link": "https://www.sec.gov/Archives/edgar/data/91419/000095015203002890/0000950152-03-002890-index.htm",
    "finalLink": "https://www.sec.gov/Archives/edgar/data/91419/000095015203002890/l99542ae10vq.htm"
  },
  {
    "date": "2002-10-31",
    "symbol": "SJM",
    "reportedCurrency": "USD",
    "cik": "0000091419",
    "fillingDate": "2002-12-13",
    "acceptedDate": "2002-12-13 14:13:24",
    "calendarYear": "2003",
    "period": "Q2",
    "revenue": 366975000,
    "costOfRevenue": 240563000,
    "grossProfit": 126412000,
    "grossProfitRatio": 0.3444703318,
    "researchAndDevelopmentExpenses": 0,
    "generalAndAdministrativeExpenses": 0,
    "sellingAndMarketingExpenses": 0,
    "sellingGeneralAndAdministrativeExpenses": 74948000,
    "otherExpenses": 2470000,
    "operatingExpenses": 77418000,
    "costAndExpenses": 317981000,
    "interestIncome": 0,
    "interestExpense": 0,
    "depreciationAndAmortization": 9281000,
    "ebitda": 60745000,
    "ebitdaratio": 0.165528987,
    "operatingIncome": 48994000,
    "operatingIncomeRatio": 0.1335077321,
    "totalOtherIncomeExpensesNet": -2079000,
    "incomeBeforeTax": 46915000,
    "incomeBeforeTaxRatio": 0.1278424961,
    "incomeTaxExpense": 17828000,
    "netIncome": 29087000,
    "netIncomeRatio": 0.0792615301,
    "eps": 0.59,
    "epsdiluted": 0.58,
    "weightedAverageShsOut": 49300000,
    "weightedAverageShsOutDil": 50150000,
    "link": "https://www.sec.gov/Archives/edgar/data/91419/000095015202009289/0000950152-02-009289-index.htm",
    "finalLink": "https://www.sec.gov/Archives/edgar/data/91419/000095015202009289/l97773ae10vq.htm"
  },
  {
    "date": "2002-07-31",
    "symbol": "SJM",
    "reportedCurrency": "USD",
    "cik": "0000091419",
    "fillingDate": "2002-09-13",
    "acceptedDate": "2002-09-13 14:20:27",
    "calendarYear": "2003",
    "period": "Q1",
    "revenue": 274936000,
    "costOfRevenue": 182584000,
    "grossProfit": 92352000,
    "grossProfitRatio": 0.3359036285,
    "researchAndDevelopmentExpenses": 0,
    "generalAndAdministrativeExpenses": 0,
    "sellingAndMarketingExpenses": 0,
    "sellingGeneralAndAdministrativeExpenses": 59947000,
    "otherExpenses": 4887000,
    "operatingExpenses": 64834000,
    "costAndExpenses": 247418000,
    "interestIncome": 0,
    "interestExpense": 0,
    "depreciationAndAmortization": 8163000,
    "ebitda": 40568000,
    "ebitdaratio": 0.1475543399,
    "operatingIncome": 27518000,
    "operatingIncomeRatio": 0.1000887479,
    "totalOtherIncomeExpensesNet": -1684000,
    "incomeBeforeTax": 25834000,
    "incomeBeforeTaxRatio": 0.0939636861,
    "incomeTaxExpense": 9817000,
    "netIncome": 16017000,
    "netIncomeRatio": 0.0582571944,
    "eps": 0.39,
    "epsdiluted": 0.39,
    "weightedAverageShsOut": 41069000,
    "weightedAverageShsOutDil": 41069000,
    "link": "https://www.sec.gov/Archives/edgar/data/91419/000095015202006989/0000950152-02-006989-index.htm",
    "finalLink": "https://www.sec.gov/Archives/edgar/data/91419/000095015202006989/l96177ae10vq.htm"
  },
  {
    "date": "2002-04-30",
    "symbol": "SJM",
    "reportedCurrency": "USD",
    "cik": "0000091419",
    "fillingDate": "2002-07-26",
    "acceptedDate": "2002-07-26 14:06:51",
    "calendarYear": "2002",
    "period": "Q4",
    "revenue": 176120000,
    "costOfRevenue": 119130000,
    "grossProfit": 56990000,
    "grossProfitRatio": 0.3235861912,
    "researchAndDevelopmentExpenses": 0,
    "generalAndAdministrativeExpenses": 0,
    "sellingAndMarketingExpenses": 0,
    "sellingGeneralAndAdministrativeExpenses": 42393000,
    "otherExpenses": 4117000,
    "operatingExpenses": 46510000,
    "costAndExpenses": 165640000,
    "interestIncome": 0,
    "interestExpense": 0,
    "depreciationAndAmortization": 6947000,
    "ebitda": 21544000,
    "ebitdaratio": 0.122325687,
    "operatingIncome": 10480000,
    "operatingIncomeRatio": 0.059504883,
    "totalOtherIncomeExpensesNet": 49000,
    "incomeBeforeTax": 10529000,
    "incomeBeforeTaxRatio": 0.0597831024,
    "incomeTaxExpense": 3876000,
    "netIncome": 6653000,
    "netIncomeRatio": 0.0377753804,
    "eps": 0.29,
    "epsdiluted": 0.28,
    "weightedAverageShsOut": 23332242,
    "weightedAverageShsOutDil": 23509242,
    "link": "https://www.sec.gov/Archives/edgar/data/91419/000095015202005702/0000950152-02-005702-index.htm",
    "finalLink": "https://www.sec.gov/Archives/edgar/data/91419/000095015202005702/l95505ae10vk.htm"
  },
  {
    "date": "2002-01-31",
    "symbol": "SJM",
    "reportedCurrency": "USD",
    "cik": "0000091419",
    "fillingDate": "2002-03-11",
    "acceptedDate": "2002-03-11 00:00:00",
    "calendarYear": "2002",
    "period": "Q3",
    "revenue": 168392000,
    "costOfRevenue": 113391000,
    "grossProfit": 55001000,
    "grossProfitRatio": 0.3266247803,
    "researchAndDevelopmentExpenses": 0,
    "generalAndAdministrativeExpenses": 0,
    "sellingAndMarketingExpenses": 0,
    "sellingGeneralAndAdministrativeExpenses": 39787000,
    "otherExpenses": 914000,
    "operatingExpenses": 40701000,
    "costAndExpenses": 154092000,
    "interestIncome": 0,
    "interestExpense": 0,
    "depreciationAndAmortization": 7138000,
    "ebitda": 22352000,
    "ebitdaratio": 0.1327378973,
    "operatingIncome": 14300000,
    "operatingIncomeRatio": 0.0849208989,
    "totalOtherIncomeExpensesNet": -1272000,
    "incomeBeforeTax": 13028000,
    "incomeBeforeTaxRatio": 0.0773670958,
    "incomeTaxExpense": 5081000,
    "netIncome": 7947000,
    "netIncomeRatio": 0.0471934534,
    "eps": 0.34,
    "epsdiluted": 0.34,
    "weightedAverageShsOut": 23468484,
    "weightedAverageShsOutDil": 23468484,
    "link": "https://www.sec.gov/Archives/edgar/data/91419/000095015202001666/0000950152-02-001666-index.htm",
    "finalLink": "https://www.sec.gov/Archives/edgar/data/91419/000095015202001666/l93221ae10-q.htm"
  },
  {
    "date": "2001-10-31",
    "symbol": "SJM",
    "reportedCurrency": "USD",
    "cik": "0000091419",
    "fillingDate": "2001-12-07",
    "acceptedDate": "2001-12-07 00:00:00",
    "calendarYear": "2002",
    "period": "Q2",
    "revenue": 172844000,
    "costOfRevenue": 116761000,
    "grossProfit": 56083000,
    "grossProfitRatio": 0.324471778,
    "researchAndDevelopmentExpenses": 0,
    "generalAndAdministrativeExpenses": 0,
    "sellingAndMarketingExpenses": 0,
    "sellingGeneralAndAdministrativeExpenses": 41307000,
    "otherExpenses": 0,
    "operatingExpenses": 41307000,
    "costAndExpenses": 158068000,
    "interestIncome": 0,
    "interestExpense": 0,
    "depreciationAndAmortization": 7302000,
    "ebitda": 22078000,
    "ebitdaratio": 0.1277336789,
    "operatingIncome": 14776000,
    "operatingIncomeRatio": 0.0854874916,
    "totalOtherIncomeExpensesNet": -1884000,
    "incomeBeforeTax": 12892000,
    "incomeBeforeTaxRatio": 0.0745874893,
    "incomeTaxExpense": 5028000,
    "netIncome": 7864000,
    "netIncomeRatio": 0.0454976742,
    "eps": 0.34,
    "epsdiluted": 0.34,
    "weightedAverageShsOut": 23223000,
    "weightedAverageShsOutDil": 23223000,
    "link": "https://www.sec.gov/Archives/edgar/data/91419/000095015201506227/0000950152-01-506227-index.htm",
    "finalLink": "https://www.sec.gov/Archives/edgar/data/91419/000095015201506227/l91107ae10-q.htm"
  },
  {
    "date": "2001-07-31",
    "symbol": "SJM",
    "reportedCurrency": "USD",
    "cik": "0000091419",
    "fillingDate": "2001-09-12",
    "acceptedDate": "2001-09-12 00:00:00",
    "calendarYear": "2002",
    "period": "Q1",
    "revenue": 169792000,
    "costOfRevenue": 112875000,
    "grossProfit": 56917000,
    "grossProfitRatio": 0.335216029,
    "researchAndDevelopmentExpenses": 0,
    "generalAndAdministrativeExpenses": 0,
    "sellingAndMarketingExpenses": 0,
    "sellingGeneralAndAdministrativeExpenses": 41685000,
    "otherExpenses": 0,
    "operatingExpenses": 41685000,
    "costAndExpenses": 154560000,
    "interestIncome": 0,
    "interestExpense": 0,
    "depreciationAndAmortization": 7170000,
    "ebitda": 22402000,
    "ebitdaratio": 0.1319379005,
    "operatingIncome": 15232000,
    "operatingIncomeRatio": 0.0897097625,
    "totalOtherIncomeExpensesNet": -1483000,
    "incomeBeforeTax": 13749000,
    "incomeBeforeTaxRatio": 0.0809755466,
    "incomeTaxExpense": 5362000,
    "netIncome": 8387000,
    "netIncomeRatio": 0.0493957312,
    "eps": 0.37,
    "epsdiluted": 0.36,
    "weightedAverageShsOut": 22645000,
    "weightedAverageShsOutDil": 23311000,
    "link": "https://www.sec.gov/Archives/edgar/data/91419/000095015201504447/0000950152-01-504447-index.htm",
    "finalLink": "https://www.sec.gov/Archives/edgar/data/91419/000095015201504447/l90267ae10-q.htm"
  },
  {
    "date": "2001-04-30",
    "symbol": "SJM",
    "reportedCurrency": "USD",
    "cik": "0000091419",
    "fillingDate": "2001-07-24",
    "acceptedDate": "2001-07-24 00:00:00",
    "calendarYear": "2001",
    "period": "Q4",
    "revenue": 169693000,
    "costOfRevenue": 126004000,
    "grossProfit": 43689000,
    "grossProfitRatio": 0.2574590584,
    "researchAndDevelopmentExpenses": 0,
    "generalAndAdministrativeExpenses": 0,
    "sellingAndMarketingExpenses": 0,
    "sellingGeneralAndAdministrativeExpenses": 29430000,
    "otherExpenses": 0,
    "operatingExpenses": 29430000,
    "costAndExpenses": 155434000,
    "interestIncome": 0,
    "interestExpense": 0,
    "depreciationAndAmortization": 7231000,
    "ebitda": 21490000,
    "ebitdaratio": 0.1266404625,
    "operatingIncome": 14259000,
    "operatingIncomeRatio": 0.0840282157,
    "totalOtherIncomeExpensesNet": -1418000,
    "incomeBeforeTax": 12841000,
    "incomeBeforeTaxRatio": 0.0756719488,
    "incomeTaxExpense": 4118000,
    "netIncome": 7731000,
    "netIncomeRatio": 0.0455587443,
    "eps": 0.3,
    "epsdiluted": 0.3,
    "weightedAverageShsOut": 25614000,
    "weightedAverageShsOutDil": 25897500,
    "link": "https://www.sec.gov/Archives/edgar/data/91419/000095015201503334/0000950152-01-503334-index.htm",
    "finalLink": "https://www.sec.gov/Archives/edgar/data/91419/000095015201503334/l89499ae10-k.htm"
  },
  {
    "date": "2001-01-31",
    "symbol": "SJM",
    "reportedCurrency": "USD",
    "cik": "0000091419",
    "fillingDate": "2001-03-16",
    "acceptedDate": "2001-03-16 00:00:00",
    "calendarYear": "2001",
    "period": "Q3",
    "revenue": 153628000,
    "costOfRevenue": 101185000,
    "grossProfit": 52443000,
    "grossProfitRatio": 0.3413635535,
    "researchAndDevelopmentExpenses": 0,
    "generalAndAdministrativeExpenses": 0,
    "sellingAndMarketingExpenses": 0,
    "sellingGeneralAndAdministrativeExpenses": 39691000,
    "otherExpenses": 0,
    "operatingExpenses": 39691000,
    "costAndExpenses": 140876000,
    "interestIncome": 0,
    "interestExpense": 0,
    "depreciationAndAmortization": 6635000,
    "ebitda": 19387000,
    "ebitdaratio": 0.1261944437,
    "operatingIncome": 12752000,
    "operatingIncomeRatio": 0.0830057021,
    "totalOtherIncomeExpensesNet": -1662000,
    "incomeBeforeTax": 11090000,
    "incomeBeforeTaxRatio": 0.0721873617,
    "incomeTaxExpense": 4051000,
    "netIncome": 7039000,
    "netIncomeRatio": 0.0458184706,
    "eps": 0.29,
    "epsdiluted": 0.29,
    "weightedAverageShsOut": 24089000,
    "weightedAverageShsOutDil": 24414000,
    "link": "https://www.sec.gov/Archives/edgar/data/91419/000095015201001340/0000950152-01-001340-index.htm",
    "finalLink": "https://www.sec.gov/Archives/edgar/data/91419/000095015201001340/l87046ae10-q.htm"
  },
  {
    "date": "2000-10-31",
    "symbol": "SJM",
    "reportedCurrency": "USD",
    "cik": "0000091419",
    "fillingDate": "2000-12-12",
    "acceptedDate": "2000-12-12 00:00:00",
    "calendarYear": "2001",
    "period": "Q2",
    "revenue": 169837000,
    "costOfRevenue": 115465000,
    "grossProfit": 54372000,
    "grossProfitRatio": 0.320142254,
    "researchAndDevelopmentExpenses": 0,
    "generalAndAdministrativeExpenses": 0,
    "sellingAndMarketingExpenses": 0,
    "sellingGeneralAndAdministrativeExpenses": 40660000,
    "otherExpenses": 2152000,
    "operatingExpenses": 42812000,
    "costAndExpenses": 158277000,
    "interestIncome": 0,
    "interestExpense": 0,
    "depreciationAndAmortization": 6766000,
    "ebitda": 18326000,
    "ebitdaratio": 0.1079034604,
    "operatingIncome": 11560000,
    "operatingIncomeRatio": 0.0680652626,
    "totalOtherIncomeExpensesNet": -1406000,
    "incomeBeforeTax": 10154000,
    "incomeBeforeTaxRatio": 0.0597867367,
    "incomeTaxExpense": 3945000,
    "netIncome": 6209000,
    "netIncomeRatio": 0.0365585826,
    "eps": 0.25,
    "epsdiluted": 0.24,
    "weightedAverageShsOut": 25213864,
    "weightedAverageShsOutDil": 25403573,
    "link": "https://www.sec.gov/Archives/edgar/data/91419/000095015200008462/0000950152-00-008462-index.htm",
    "finalLink": "https://www.sec.gov/Archives/edgar/data/91419/000095015200008462/l84077ae10-q.htm"
  },
  {
    "date": "2000-07-31",
    "symbol": "SJM",
    "reportedCurrency": "USD",
    "cik": "0000091419",
    "fillingDate": "2000-09-12",
    "acceptedDate": "2000-09-12 00:00:00",
    "calendarYear": "2001",
    "period": "Q1",
    "revenue": 166328000,
    "costOfRevenue": 110404000,
    "grossProfit": 55924000,
    "grossProfitRatio": 0.3362272137,
    "researchAndDevelopmentExpenses": 0,
    "generalAndAdministrativeExpenses": 0,
    "sellingAndMarketingExpenses": 0,
    "sellingGeneralAndAdministrativeExpenses": 39858000,
    "otherExpenses": 0,
    "operatingExpenses": 39858000,
    "costAndExpenses": 150262000,
    "interestIncome": 0,
    "interestExpense": 0,
    "depreciationAndAmortization": 6289000,
    "ebitda": 22355000,
    "ebitdaratio": 0.1344031071,
    "operatingIncome": 16066000,
    "operatingIncomeRatio": 0.0965922755,
    "totalOtherIncomeExpensesNet": -347000,
    "incomeBeforeTax": 15719000,
    "incomeBeforeTaxRatio": 0.0945060363,
    "incomeTaxExpense": 6161000,
    "netIncome": 8566000,
    "netIncomeRatio": 0.0515006493,
    "eps": 0.3,
    "epsdiluted": 0.3,
    "weightedAverageShsOut": 28187349,
    "weightedAverageShsOutDil": 28240405,
    "link": "https://www.sec.gov/Archives/edgar/data/91419/000095015200006634/0000950152-00-006634-index.htm",
    "finalLink": "https://www.sec.gov/Archives/edgar/data/91419/000095015200006634/l83795ae10-q.htm"
  },
  {
    "date": "2000-04-30",
    "symbol": "SJM",
    "reportedCurrency": "USD",
    "cik": "0000091419",
    "fillingDate": "2000-07-11",
    "acceptedDate": "2000-07-11 00:00:00",
    "calendarYear": "2000",
    "period": "Q4",
    "revenue": 156598000,
    "costOfRevenue": 105980000,
    "grossProfit": 50618000,
    "grossProfitRatio": 0.3232352904,
    "researchAndDevelopmentExpenses": 0,
    "generalAndAdministrativeExpenses": 0,
    "sellingAndMarketingExpenses": 0,
    "sellingGeneralAndAdministrativeExpenses": 40247000,
    "otherExpenses": 9687000,
    "operatingExpenses": 49934000,
    "costAndExpenses": 155914000,
    "interestIncome": 0,
    "interestExpense": 0,
    "depreciationAndAmortization": 0,
    "ebitda": 684000,
    "ebitdaratio": 0.0043678719,
    "operatingIncome": 684000,
    "operatingIncomeRatio": 0.0043678719,
    "totalOtherIncomeExpensesNet": 67000,
    "incomeBeforeTax": 751000,
    "incomeBeforeTaxRatio": 0.004795719,
    "incomeTaxExpense": -217000,
    "netIncome": 968000,
    "netIncomeRatio": 0.0061814327,
    "eps": 0.0465,
    "epsdiluted": 0.0464,
    "weightedAverageShsOut": 20830175,
    "weightedAverageShsOutDil": 20856703,
    "link": "https://www.sec.gov/Archives/edgar/data/91419/000095012800000972/0000950128-00-000972-index.htm",
    "finalLink": "https://www.sec.gov/Archives/edgar/data/91419/000095012800000972/e10-k405.htm"
  },
  {
    "date": "2000-01-31",
    "symbol": "SJM",
    "reportedCurrency": "USD",
    "cik": "0000091419",
    "fillingDate": "2000-03-15",
    "acceptedDate": "2000-03-15 00:00:00",
    "calendarYear": "2000",
    "period": "Q3",
    "revenue": 150428000,
    "costOfRevenue": 95937000,
    "grossProfit": 54491000,
    "grossProfitRatio": 0.3622397426,
    "researchAndDevelopmentExpenses": 0,
    "generalAndAdministrativeExpenses": 0,
    "sellingAndMarketingExpenses": 0,
    "sellingGeneralAndAdministrativeExpenses": 41437000,
    "otherExpenses": 4805000,
    "operatingExpenses": 46242000,
    "costAndExpenses": 142179000,
    "interestIncome": 0,
    "interestExpense": 0,
    "depreciationAndAmortization": 0,
    "ebitda": 8249000,
    "ebitdaratio": 0.0548368655,
    "operatingIncome": 8249000,
    "operatingIncomeRatio": 0.0548368655,
    "totalOtherIncomeExpensesNet": -533000,
    "incomeBeforeTax": 7716000,
    "incomeBeforeTaxRatio": 0.0512936421,
    "incomeTaxExpense": 2753000,
    "netIncome": 4963000,
    "netIncomeRatio": 0.032992528,
    "eps": 0.24,
    "epsdiluted": 0.24,
    "weightedAverageShsOut": 20675588,
    "weightedAverageShsOutDil": 20688852,
    "link": "https://www.sec.gov/Archives/edgar/data/91419/000095015200001696/0000950152-00-001696-index.html",
    "finalLink": "https://www.sec.gov/Archives/edgar/data/91419/000095015200001696/0000950152-00-001696-d1.html"
  },
  {
    "date": "1999-10-31",
    "symbol": "SJM",
    "reportedCurrency": "USD",
    "cik": "0000091419",
    "fillingDate": "1999-12-13",
    "acceptedDate": "1999-12-13 00:00:00",
    "calendarYear": "2000",
    "period": "Q2",
    "revenue": 164000000,
    "costOfRevenue": 109100000,
    "grossProfit": 54900000,
    "grossProfitRatio": 0.3347560976,
    "researchAndDevelopmentExpenses": 0,
    "generalAndAdministrativeExpenses": 0,
    "sellingAndMarketingExpenses": 0,
    "sellingGeneralAndAdministrativeExpenses": 39800000,
    "otherExpenses": 15100000,
    "operatingExpenses": 54900000,
    "costAndExpenses": 164000000,
    "interestIncome": 0,
    "interestExpense": 0,
    "depreciationAndAmortization": 0,
    "ebitda": 15100000,
    "ebitdaratio": 0.0920731707,
    "operatingIncome": 15100000,
    "operatingIncomeRatio": 0.0920731707,
    "totalOtherIncomeExpensesNet": 100000,
    "incomeBeforeTax": 15200000,
    "incomeBeforeTaxRatio": 0.0926829268,
    "incomeTaxExpense": 5800000,
    "netIncome": 9400000,
    "netIncomeRatio": 0.0573170732,
    "eps": 0.45,
    "epsdiluted": 0.45,
    "weightedAverageShsOut": 20675588,
    "weightedAverageShsOutDil": 20688852,
    "link": "https://www.sec.gov/Archives/edgar/data/91419/000095015299009620/0000950152-99-009620-index.html",
    "finalLink": "https://www.sec.gov/Archives/edgar/data/91419/000095015299009620/0000950152-99-009620-d1.html"
  },
  {
    "date": "1999-07-31",
    "symbol": "SJM",
    "reportedCurrency": "USD",
    "cik": "0000091419",
    "fillingDate": "1999-09-10",
    "acceptedDate": "1999-09-10 00:00:00",
    "calendarYear": "2000",
    "period": "Q1",
    "revenue": 161500000,
    "costOfRevenue": 103500000,
    "grossProfit": 58000000,
    "grossProfitRatio": 0.3591331269,
    "researchAndDevelopmentExpenses": 0,
    "generalAndAdministrativeExpenses": 0,
    "sellingAndMarketingExpenses": 0,
    "sellingGeneralAndAdministrativeExpenses": 40800000,
    "otherExpenses": 17200000,
    "operatingExpenses": 58000000,
    "costAndExpenses": 161500000,
    "interestIncome": 0,
    "interestExpense": 0,
    "depreciationAndAmortization": 0,
    "ebitda": 17200000,
    "ebitdaratio": 0.106501548,
    "operatingIncome": 17200000,
    "operatingIncomeRatio": 0.106501548,
    "totalOtherIncomeExpensesNet": 600000,
    "incomeBeforeTax": 17800000,
    "incomeBeforeTaxRatio": 0.1102167183,
    "incomeTaxExpense": 6800000,
    "netIncome": 11000000,
    "netIncomeRatio": 0.0681114551,
    "eps": 0.53,
    "epsdiluted": 0.53,
    "weightedAverageShsOut": 20675588,
    "weightedAverageShsOutDil": 20688852,
    "link": "https://www.sec.gov/Archives/edgar/data/91419/000095015299007499/0000950152-99-007499-index.html",
    "finalLink": "https://www.sec.gov/Archives/edgar/data/91419/000095015299007499/"
  },
  {
    "date": "1999-04-30",
    "symbol": "SJM",
    "reportedCurrency": "USD",
    "cik": "0000091419",
    "fillingDate": "1999-07-23",
    "acceptedDate": "1999-07-23 00:00:00",
    "calendarYear": "1999",
    "period": "Q4",
    "revenue": 156257000,
    "costOfRevenue": 104344000,
    "grossProfit": 51913000,
    "grossProfitRatio": 0.3322283162,
    "researchAndDevelopmentExpenses": 0,
    "generalAndAdministrativeExpenses": 0,
    "sellingAndMarketingExpenses": 0,
    "sellingGeneralAndAdministrativeExpenses": 37338000,
    "otherExpenses": 14575000,
    "operatingExpenses": 51913000,
    "costAndExpenses": 156257000,
    "interestIncome": 0,
    "interestExpense": 0,
    "depreciationAndAmortization": 0,
    "ebitda": 14575000,
    "ebitdaratio": 0.0932758212,
    "operatingIncome": 14575000,
    "operatingIncomeRatio": 0.0932758212,
    "totalOtherIncomeExpensesNet": 1156000,
    "incomeBeforeTax": 15731000,
    "incomeBeforeTaxRatio": 0.1006738898,
    "incomeTaxExpense": 5668000,
    "netIncome": 10063000,
    "netIncomeRatio": 0.0644003149,
    "eps": 0.49,
    "epsdiluted": 0.49,
    "weightedAverageShsOut": 20675588,
    "weightedAverageShsOutDil": 20688852,
    "link": "https://www.sec.gov/Archives/edgar/data/91419/000095015299006180/0000950152-99-006180-index.html",
    "finalLink": "https://www.sec.gov/Archives/edgar/data/91419/000095015299006180/"
  },
  {
    "date": "1999-01-31",
    "symbol": "SJM",
    "reportedCurrency": "USD",
    "cik": "0000091419",
    "fillingDate": "1999-03-12",
    "acceptedDate": "1999-03-12 00:00:00",
    "calendarYear": "1999",
    "period": "Q3",
    "revenue": 140800000,
    "costOfRevenue": 91700000,
    "grossProfit": 49100000,
    "grossProfitRatio": 0.3487215909,
    "researchAndDevelopmentExpenses": 0,
    "generalAndAdministrativeExpenses": 0,
    "sellingAndMarketingExpenses": 0,
    "sellingGeneralAndAdministrativeExpenses": 35500000,
    "otherExpenses": 13600000,
    "operatingExpenses": 49100000,
    "costAndExpenses": 140800000,
    "interestIncome": 0,
    "interestExpense": 0,
    "depreciationAndAmortization": 0,
    "ebitda": 13600000,
    "ebitdaratio": 0.0965909091,
    "operatingIncome": 13600000,
    "operatingIncomeRatio": 0.0965909091,
    "totalOtherIncomeExpensesNet": 200000,
    "incomeBeforeTax": 13800000,
    "incomeBeforeTaxRatio": 0.0980113636,
    "incomeTaxExpense": 5600000,
    "netIncome": 8200000,
    "netIncomeRatio": 0.0582386364,
    "eps": 0.4,
    "epsdiluted": 0.4,
    "weightedAverageShsOut": 20675588,
    "weightedAverageShsOutDil": 20688852,
    "link": "https://www.sec.gov/Archives/edgar/data/91419/000095015299001838/0000950152-99-001838-index.html",
    "finalLink": "https://www.sec.gov/Archives/edgar/data/91419/"
  },
  {
    "date": "1998-10-31",
    "symbol": "SJM",
    "reportedCurrency": "USD",
    "cik": "0000091419",
    "fillingDate": "1998-12-11",
    "acceptedDate": "1998-12-11 00:00:00",
    "calendarYear": "1999",
    "period": "Q2",
    "revenue": 154900000,
    "costOfRevenue": 103200000,
    "grossProfit": 51700000,
    "grossProfitRatio": 0.3337637185,
    "researchAndDevelopmentExpenses": 0,
    "generalAndAdministrativeExpenses": 0,
    "sellingAndMarketingExpenses": 0,
    "sellingGeneralAndAdministrativeExpenses": 37400000,
    "otherExpenses": 14300000,
    "operatingExpenses": 51700000,
    "costAndExpenses": 154900000,
    "interestIncome": 0,
    "interestExpense": 0,
    "depreciationAndAmortization": 0,
    "ebitda": 14300000,
    "ebitdaratio": 0.0923176243,
    "operatingIncome": 14300000,
    "operatingIncomeRatio": 0.0923176243,
    "totalOtherIncomeExpensesNet": 400000,
    "incomeBeforeTax": 14700000,
    "incomeBeforeTaxRatio": 0.0948999354,
    "incomeTaxExpense": 5600000,
    "netIncome": 9100000,
    "netIncomeRatio": 0.0587475791,
    "eps": 0.44,
    "epsdiluted": 0.44,
    "weightedAverageShsOut": 20675588,
    "weightedAverageShsOutDil": 20688852,
    "link": "https://www.sec.gov/Archives/edgar/data/91419/000095015298009517/0000950152-98-009517-index.html",
    "finalLink": "https://www.sec.gov/Archives/edgar/data/91419/"
  },
  {
    "date": "1998-07-31",
    "symbol": "SJM",
    "reportedCurrency": "USD",
    "cik": "0000091419",
    "fillingDate": "1998-09-11",
    "acceptedDate": "1998-09-11 00:00:00",
    "calendarYear": "1999",
    "period": "Q1",
    "revenue": 150500000,
    "costOfRevenue": 96600000,
    "grossProfit": 53900000,
    "grossProfitRatio": 0.3581395349,
    "researchAndDevelopmentExpenses": 0,
    "generalAndAdministrativeExpenses": 0,
    "sellingAndMarketingExpenses": 0,
    "sellingGeneralAndAdministrativeExpenses": 37300000,
    "otherExpenses": 16600000,
    "operatingExpenses": 53900000,
    "costAndExpenses": 150500000,
    "interestIncome": 0,
    "interestExpense": 0,
    "depreciationAndAmortization": 0,
    "ebitda": 16600000,
    "ebitdaratio": 0.1102990033,
    "operatingIncome": 16600000,
    "operatingIncomeRatio": 0.1102990033,
    "totalOtherIncomeExpensesNet": 800000,
    "incomeBeforeTax": 17400000,
    "incomeBeforeTaxRatio": 0.1156146179,
    "incomeTaxExpense": 7000000,
    "netIncome": 10400000,
    "netIncomeRatio": 0.06910299,
    "eps": 0.5,
    "epsdiluted": 0.5,
    "weightedAverageShsOut": 20675588,
    "weightedAverageShsOutDil": 20688852,
    "link": "https://www.sec.gov/Archives/edgar/data/91419/000095015298007533/0000950152-98-007533-index.html",
    "finalLink": "https://www.sec.gov/Archives/edgar/data/91419/"
  },
  {
    "date": "1998-04-30",
    "symbol": "SJM",
    "reportedCurrency": "USD",
    "cik": "0000091419",
    "fillingDate": "1998-07-24",
    "acceptedDate": "1998-07-24 00:00:00",
    "calendarYear": "1998",
    "period": "Q4",
    "revenue": 142276000,
    "costOfRevenue": 90213000,
    "grossProfit": 52063000,
    "grossProfitRatio": 0.3659296016,
    "researchAndDevelopmentExpenses": 0,
    "generalAndAdministrativeExpenses": 0,
    "sellingAndMarketingExpenses": 0,
    "sellingGeneralAndAdministrativeExpenses": 37099000,
    "otherExpenses": 14964000,
    "operatingExpenses": 52063000,
    "costAndExpenses": 142276000,
    "interestIncome": 0,
    "interestExpense": 0,
    "depreciationAndAmortization": 0,
    "ebitda": 14964000,
    "ebitdaratio": 0.1051758554,
    "operatingIncome": 14964000,
    "operatingIncomeRatio": 0.1051758554,
    "totalOtherIncomeExpensesNet": 1395000,
    "incomeBeforeTax": 16359000,
    "incomeBeforeTaxRatio": 0.1149807417,
    "incomeTaxExpense": 6611000,
    "netIncome": 9790000,
    "netIncomeRatio": 0.0688099187,
    "eps": 0.47,
    "epsdiluted": 0.47,
    "weightedAverageShsOut": 20675588,
    "weightedAverageShsOutDil": 20688852,
    "link": "https://www.sec.gov/Archives/edgar/data/91419/000095015298006161/0000950152-98-006161-index.html",
    "finalLink": "https://www.sec.gov/Archives/edgar/data/91419/"
  },
  {
    "date": "1998-01-31",
    "symbol": "SJM",
    "reportedCurrency": "USD",
    "cik": "0000091419",
    "fillingDate": "1998-03-16",
    "acceptedDate": "1998-03-16 00:00:00",
    "calendarYear": "1998",
    "period": "Q3",
    "revenue": 130700000,
    "costOfRevenue": 83400000,
    "grossProfit": 47300000,
    "grossProfitRatio": 0.3618974751,
    "researchAndDevelopmentExpenses": 0,
    "generalAndAdministrativeExpenses": 0,
    "sellingAndMarketingExpenses": 0,
    "sellingGeneralAndAdministrativeExpenses": 35000000,
    "otherExpenses": 12300000,
    "operatingExpenses": 47300000,
    "costAndExpenses": 130700000,
    "interestIncome": 0,
    "interestExpense": 0,
    "depreciationAndAmortization": 0,
    "ebitda": 12300000,
    "ebitdaratio": 0.0941086458,
    "operatingIncome": 12300000,
    "operatingIncomeRatio": 0.0941086458,
    "totalOtherIncomeExpensesNet": 800000,
    "incomeBeforeTax": 13100000,
    "incomeBeforeTaxRatio": 0.1002295333,
    "incomeTaxExpense": 5100000,
    "netIncome": 5000000,
    "netIncomeRatio": 0.0382555471,
    "eps": 0.24,
    "epsdiluted": 0.24,
    "weightedAverageShsOut": 20675588,
    "weightedAverageShsOutDil": 20688852,
    "link": "https://www.sec.gov/Archives/edgar/data/91419/000095015298002025/0000950152-98-002025-index.html",
    "finalLink": "https://www.sec.gov/Archives/edgar/data/91419/"
  },
  {
    "date": "1997-10-31",
    "symbol": "SJM",
    "reportedCurrency": "USD",
    "cik": "0000091419",
    "fillingDate": "1997-12-11",
    "acceptedDate": "1997-12-11 00:00:00",
    "calendarYear": "1998",
    "period": "Q2",
    "revenue": 145200000,
    "costOfRevenue": 96000000,
    "grossProfit": 49200000,
    "grossProfitRatio": 0.3388429752,
    "researchAndDevelopmentExpenses": 0,
    "generalAndAdministrativeExpenses": 0,
    "sellingAndMarketingExpenses": 0,
    "sellingGeneralAndAdministrativeExpenses": 35300000,
    "otherExpenses": 13900000,
    "operatingExpenses": 49200000,
    "costAndExpenses": 145200000,
    "interestIncome": 0,
    "interestExpense": 0,
    "depreciationAndAmortization": 0,
    "ebitda": 13900000,
    "ebitdaratio": 0.0957300275,
    "operatingIncome": 13900000,
    "operatingIncomeRatio": 0.0957300275,
    "totalOtherIncomeExpensesNet": 500000,
    "incomeBeforeTax": 14400000,
    "incomeBeforeTaxRatio": 0.0991735537,
    "incomeTaxExpense": 5800000,
    "netIncome": 8600000,
    "netIncomeRatio": 0.0592286501,
    "eps": 0.42,
    "epsdiluted": 0.42,
    "weightedAverageShsOut": 20675588,
    "weightedAverageShsOutDil": 20688852,
    "link": "https://www.sec.gov/Archives/edgar/data/91419/000095015297008567/0000950152-97-008567-index.html",
    "finalLink": "https://www.sec.gov/Archives/edgar/data/91419/"
  },
  {
    "date": "1997-07-31",
    "symbol": "SJM",
    "reportedCurrency": "USD",
    "cik": "0000091419",
    "fillingDate": "1997-09-12",
    "acceptedDate": "1997-09-12 00:00:00",
    "calendarYear": "1998",
    "period": "Q1",
    "revenue": 147400000,
    "costOfRevenue": 96000000,
    "grossProfit": 51400000,
    "grossProfitRatio": 0.3487109905,
    "researchAndDevelopmentExpenses": 0,
    "generalAndAdministrativeExpenses": 0,
    "sellingAndMarketingExpenses": 0,
    "sellingGeneralAndAdministrativeExpenses": 35400000,
    "otherExpenses": 16000000,
    "operatingExpenses": 51400000,
    "costAndExpenses": 147400000,
    "interestIncome": 0,
    "interestExpense": 0,
    "depreciationAndAmortization": 0,
    "ebitda": 16000000,
    "ebitdaratio": 0.1085481682,
    "operatingIncome": 16000000,
    "operatingIncomeRatio": 0.1085481682,
    "totalOtherIncomeExpensesNet": 900000,
    "incomeBeforeTax": 16900000,
    "incomeBeforeTaxRatio": 0.1146540027,
    "incomeTaxExpense": 6900000,
    "netIncome": 10000000,
    "netIncomeRatio": 0.0678426052,
    "eps": 0.48,
    "epsdiluted": 0.48,
    "weightedAverageShsOut": 20675588,
    "weightedAverageShsOutDil": 20688852,
    "link": "https://www.sec.gov/Archives/edgar/data/91419/000095015297006550/0000950152-97-006550-index.html",
    "finalLink": "https://www.sec.gov/Archives/edgar/data/91419/"
  },
  {
    "date": "1997-04-30",
    "symbol": "SJM",
    "reportedCurrency": "USD",
    "cik": "0000091419",
    "fillingDate": "1997-07-23",
    "acceptedDate": "1997-07-23 00:00:00",
    "calendarYear": "1997",
    "period": "Q4",
    "revenue": 141102000,
    "costOfRevenue": 88549000,
    "grossProfit": 52553000,
    "grossProfitRatio": 0.3724468824,
    "researchAndDevelopmentExpenses": 0,
    "generalAndAdministrativeExpenses": 0,
    "sellingAndMarketingExpenses": 0,
    "sellingGeneralAndAdministrativeExpenses": 37249000,
    "otherExpenses": 15304000,
    "operatingExpenses": 52553000,
    "costAndExpenses": 141102000,
    "interestIncome": 0,
    "interestExpense": 0,
    "depreciationAndAmortization": 0,
    "ebitda": 15304000,
    "ebitdaratio": 0.1084605463,
    "operatingIncome": 15304000,
    "operatingIncomeRatio": 0.1084605463,
    "totalOtherIncomeExpensesNet": 762000,
    "incomeBeforeTax": 16066000,
    "incomeBeforeTaxRatio": 0.113860895,
    "incomeTaxExpense": 6931000,
    "netIncome": 9135000,
    "netIncomeRatio": 0.0647404006,
    "eps": 0.44,
    "epsdiluted": 0.44,
    "weightedAverageShsOut": 20675588,
    "weightedAverageShsOutDil": 20688852,
    "link": "https://www.sec.gov/Archives/edgar/data/91419/000095015297005304/0000950152-97-005304-index.html",
    "finalLink": "https://www.sec.gov/Archives/edgar/data/91419/"
  },
  {
    "date": "1997-01-31",
    "symbol": "SJM",
    "reportedCurrency": "USD",
    "cik": "0000091419",
    "fillingDate": "1997-03-12",
    "acceptedDate": "1997-03-12 00:00:00",
    "calendarYear": "1997",
    "period": "Q3",
    "revenue": 124500000,
    "costOfRevenue": 80400000,
    "grossProfit": 44100000,
    "grossProfitRatio": 0.3542168675,
    "researchAndDevelopmentExpenses": 0,
    "generalAndAdministrativeExpenses": 0,
    "sellingAndMarketingExpenses": 0,
    "sellingGeneralAndAdministrativeExpenses": 28900000,
    "otherExpenses": 11000000,
    "operatingExpenses": 39900000,
    "costAndExpenses": 120300000,
    "interestIncome": 0,
    "interestExpense": 0,
    "depreciationAndAmortization": 0,
    "ebitda": 11000000,
    "ebitdaratio": 0.0883534137,
    "operatingIncome": 11000000,
    "operatingIncomeRatio": 0.0883534137,
    "totalOtherIncomeExpensesNet": 0,
    "incomeBeforeTax": 11000000,
    "incomeBeforeTaxRatio": 0.0883534137,
    "incomeTaxExpense": 4500000,
    "netIncome": 6500000,
    "netIncomeRatio": 0.0522088353,
    "eps": 0.31,
    "epsdiluted": 0.31,
    "weightedAverageShsOut": 20675588,
    "weightedAverageShsOutDil": 20688852,
    "link": "https://www.sec.gov/Archives/edgar/data/91419/000095015297001801/0000950152-97-001801-index.html",
    "finalLink": "https://www.sec.gov/Archives/edgar/data/91419/"
  },
  {
    "date": "1996-10-31",
    "symbol": "SJM",
    "reportedCurrency": "USD",
    "cik": "0000091419",
    "fillingDate": "1996-12-13",
    "acceptedDate": "1996-12-13 00:00:00",
    "calendarYear": "1997",
    "period": "Q2",
    "revenue": 142800000,
    "costOfRevenue": 94200000,
    "grossProfit": 48600000,
    "grossProfitRatio": 0.3403361345,
    "researchAndDevelopmentExpenses": 0,
    "generalAndAdministrativeExpenses": 0,
    "sellingAndMarketingExpenses": 0,
    "sellingGeneralAndAdministrativeExpenses": 35100000,
    "otherExpenses": 13500000,
    "operatingExpenses": 48600000,
    "costAndExpenses": 142800000,
    "interestIncome": 0,
    "interestExpense": 0,
    "depreciationAndAmortization": 0,
    "ebitda": 13500000,
    "ebitdaratio": 0.0945378151,
    "operatingIncome": 13500000,
    "operatingIncomeRatio": 0.0945378151,
    "totalOtherIncomeExpensesNet": -200000,
    "incomeBeforeTax": 13300000,
    "incomeBeforeTaxRatio": 0.0931372549,
    "incomeTaxExpense": 5500000,
    "netIncome": 7800000,
    "netIncomeRatio": 0.0546218487,
    "eps": 0.38,
    "epsdiluted": 0.38,
    "weightedAverageShsOut": 20675588,
    "weightedAverageShsOutDil": 20688852,
    "link": "https://www.sec.gov/Archives/edgar/data/91419/000095015296006605/0000950152-96-006605-index.html",
    "finalLink": "https://www.sec.gov/Archives/edgar/data/91419/"
  },
  {
    "date": "1996-07-31",
    "symbol": "SJM",
    "reportedCurrency": "USD",
    "cik": "0000091419",
    "fillingDate": "1996-09-13",
    "acceptedDate": "1996-09-13 00:00:00",
    "calendarYear": "1997",
    "period": "Q1",
    "revenue": 134200000,
    "costOfRevenue": 85900000,
    "grossProfit": 48300000,
    "grossProfitRatio": 0.3599105812,
    "researchAndDevelopmentExpenses": 0,
    "generalAndAdministrativeExpenses": 0,
    "sellingAndMarketingExpenses": 0,
    "sellingGeneralAndAdministrativeExpenses": 30500000,
    "otherExpenses": 13200000,
    "operatingExpenses": 43700000,
    "costAndExpenses": 129600000,
    "interestIncome": 0,
    "interestExpense": 0,
    "depreciationAndAmortization": 0,
    "ebitda": 13200000,
    "ebitdaratio": 0.0983606557,
    "operatingIncome": 13200000,
    "operatingIncomeRatio": 0.0983606557,
    "totalOtherIncomeExpensesNet": -400000,
    "incomeBeforeTax": 12800000,
    "incomeBeforeTaxRatio": 0.0953800298,
    "incomeTaxExpense": 5300000,
    "netIncome": 7500000,
    "netIncomeRatio": 0.0558867362,
    "eps": 0.36,
    "epsdiluted": 0.36,
    "weightedAverageShsOut": 20675588,
    "weightedAverageShsOutDil": 20688852,
    "link": "https://www.sec.gov/Archives/edgar/data/91419/000095015296004657/0000950152-96-004657-index.html",
    "finalLink": "https://www.sec.gov/Archives/edgar/data/91419/"
  },
  {
    "date": "1996-04-30",
    "symbol": "SJM",
    "reportedCurrency": "USD",
    "cik": "0000091419",
    "fillingDate": "1996-07-22",
    "acceptedDate": "1996-07-22 00:00:00",
    "calendarYear": "1996",
    "period": "Q4",
    "revenue": 41776000,
    "costOfRevenue": 17495000,
    "grossProfit": 24281000,
    "grossProfitRatio": 0.5812188817,
    "researchAndDevelopmentExpenses": 0,
    "generalAndAdministrativeExpenses": 0,
    "sellingAndMarketingExpenses": 0,
    "sellingGeneralAndAdministrativeExpenses": 15987000,
    "otherExpenses": 8294000,
    "operatingExpenses": 24281000,
    "costAndExpenses": 41776000,
    "interestIncome": 0,
    "interestExpense": 0,
    "depreciationAndAmortization": 0,
    "ebitda": 8294000,
    "ebitdaratio": 0.198535044,
    "operatingIncome": 8294000,
    "operatingIncomeRatio": 0.198535044,
    "totalOtherIncomeExpensesNet": -299000,
    "incomeBeforeTax": 7995000,
    "incomeBeforeTaxRatio": 0.1913778246,
    "incomeTaxExpense": 3842000,
    "netIncome": 4013000,
    "netIncomeRatio": 0.0960599387,
    "eps": 0.19,
    "epsdiluted": 0.19,
    "weightedAverageShsOut": 20675588,
    "weightedAverageShsOutDil": 20688852,
    "link": "https://www.sec.gov/Archives/edgar/data/91419/000095015296003534/0000950152-96-003534-index.html",
    "finalLink": "https://www.sec.gov/Archives/edgar/data/91419/"
  },
  {
    "date": "1996-01-31",
    "symbol": "SJM",
    "reportedCurrency": "USD",
    "cik": "0000091419",
    "fillingDate": "1996-03-15",
    "acceptedDate": "1996-03-15 00:00:00",
    "calendarYear": "1996",
    "period": "Q3",
    "revenue": 159700000,
    "costOfRevenue": 104500000,
    "grossProfit": 55200000,
    "grossProfitRatio": 0.3456480902,
    "researchAndDevelopmentExpenses": 0,
    "generalAndAdministrativeExpenses": 0,
    "sellingAndMarketingExpenses": 0,
    "sellingGeneralAndAdministrativeExpenses": 42500000,
    "otherExpenses": 12700000,
    "operatingExpenses": 55200000,
    "costAndExpenses": 159700000,
    "interestIncome": 0,
    "interestExpense": 0,
    "depreciationAndAmortization": 0,
    "ebitda": 12700000,
    "ebitdaratio": 0.0795241077,
    "operatingIncome": 12700000,
    "operatingIncomeRatio": 0.0795241077,
    "totalOtherIncomeExpensesNet": -1300000,
    "incomeBeforeTax": 11400000,
    "incomeBeforeTaxRatio": 0.0713838447,
    "incomeTaxExpense": 5100000,
    "netIncome": 6300000,
    "netIncomeRatio": 0.0394489668,
    "eps": 0.3,
    "epsdiluted": 0.3,
    "weightedAverageShsOut": 20675588,
    "weightedAverageShsOutDil": 20688852,
    "link": "https://www.sec.gov/Archives/edgar/data/91419/000095015296001020/0000950152-96-001020-index.html",
    "finalLink": "https://www.sec.gov/Archives/edgar/data/91419/"
  },
  {
    "date": "1995-10-31",
    "symbol": "SJM",
    "reportedCurrency": "USD",
    "cik": "0000091419",
    "fillingDate": "1995-12-13",
    "acceptedDate": "1995-12-13 00:00:00",
    "calendarYear": "1996",
    "period": "Q2",
    "revenue": 179200000,
    "costOfRevenue": 120400000,
    "grossProfit": 58800000,
    "grossProfitRatio": 0.328125,
    "researchAndDevelopmentExpenses": 0,
    "generalAndAdministrativeExpenses": 0,
    "sellingAndMarketingExpenses": 0,
    "sellingGeneralAndAdministrativeExpenses": 42100000,
    "otherExpenses": 16700000,
    "operatingExpenses": 58800000,
    "costAndExpenses": 179200000,
    "interestIncome": 0,
    "interestExpense": 0,
    "depreciationAndAmortization": 0,
    "ebitda": 16700000,
    "ebitdaratio": 0.0931919643,
    "operatingIncome": 16700000,
    "operatingIncomeRatio": 0.0931919643,
    "totalOtherIncomeExpensesNet": -600000,
    "incomeBeforeTax": 16100000,
    "incomeBeforeTaxRatio": 0.08984375,
    "incomeTaxExpense": 6700000,
    "netIncome": 9400000,
    "netIncomeRatio": 0.0524553571,
    "eps": 0.45,
    "epsdiluted": 0.45,
    "weightedAverageShsOut": 20675588,
    "weightedAverageShsOutDil": 20688852,
    "link": "https://www.sec.gov/Archives/edgar/data/91419/000095015295002924/0000950152-95-002924-index.html",
    "finalLink": "https://www.sec.gov/Archives/edgar/data/91419/"
  }
]