[
  {
    "date": "2025-04-30",
    "symbol": "SJM",
    "reportedCurrency": "USD",
    "cik": "0000091419",
    "fillingDate": "2025-06-18",
    "acceptedDate": "2025-06-18 16:15:54",
    "calendarYear": "2025",
    "period": "FY",
    "revenue": 8726100000,
    "costOfRevenue": 5341400000,
    "grossProfit": 3384700000,
    "grossProfitRatio": 0.38788233,
    "researchAndDevelopmentExpenses": 0,
    "generalAndAdministrativeExpenses": 0,
    "sellingAndMarketingExpenses": 0,
    "sellingGeneralAndAdministrativeExpenses": 1529000000,
    "otherExpenses": 2529600000,
    "operatingExpenses": 4058600000,
    "costAndExpenses": 9400000000,
    "interestIncome": 0,
    "interestExpense": 358500000,
    "depreciationAndAmortization": 502500000,
    "ebitda": -155600000,
    "ebitdaratio": -0.0178315628,
    "operatingIncome": -673900000,
    "operatingIncomeRatio": -0.0772280859,
    "totalOtherIncomeExpensesNet": -372900000,
    "incomeBeforeTax": -1046800000,
    "incomeBeforeTaxRatio": -0.1199619532,
    "incomeTaxExpense": 184000000,
    "netIncome": -1230800000,
    "netIncomeRatio": -0.14104812,
    "eps": -11.57,
    "epsdiluted": -11.57,
    "weightedAverageShsOut": 106400000,
    "weightedAverageShsOutDil": 106400000,
    "link": "https://www.sec.gov/Archives/edgar/data/91419/000009141925000056/0000091419-25-000056-index.htm",
    "finalLink": "https://www.sec.gov/Archives/edgar/data/91419/000009141925000056/sjm-20250430.htm"
  },
  {
    "date": "2024-04-30",
    "symbol": "SJM",
    "reportedCurrency": "USD",
    "cik": "0000091419",
    "fillingDate": "2024-06-18",
    "acceptedDate": "2024-06-18 16:49:10",
    "calendarYear": "2024",
    "period": "FY",
    "revenue": 8178700000,
    "costOfRevenue": 5063300000,
    "grossProfit": 3115400000,
    "grossProfitRatio": 0.3809162825,
    "researchAndDevelopmentExpenses": 0,
    "generalAndAdministrativeExpenses": 0,
    "sellingAndMarketingExpenses": 0,
    "sellingGeneralAndAdministrativeExpenses": 1446200000,
    "otherExpenses": 363400000,
    "operatingExpenses": 1809600000,
    "costAndExpenses": 6872900000,
    "interestIncome": 0,
    "interestExpense": 250700000,
    "depreciationAndAmortization": 430800000,
    "ebitda": 1691500000,
    "ebitdaratio": 0.2068177094,
    "operatingIncome": 1305800000,
    "operatingIncomeRatio": 0.1596586255,
    "totalOtherIncomeExpensesNet": -309400000,
    "incomeBeforeTax": 996400000,
    "incomeBeforeTaxRatio": 0.1218286525,
    "incomeTaxExpense": 252400000,
    "netIncome": 744000000,
    "netIncomeRatio": 0.0909680022,
    "eps": 7.14,
    "epsdiluted": 7.13,
    "weightedAverageShsOut": 104100000,
    "weightedAverageShsOutDil": 104400000,
    "link": "https://www.sec.gov/Archives/edgar/data/91419/000009141924000054/0000091419-24-000054-index.htm",
    "finalLink": "https://www.sec.gov/Archives/edgar/data/91419/000009141924000054/sjm-20240430.htm"
  },
  {
    "date": "2023-04-30",
    "symbol": "SJM",
    "reportedCurrency": "USD",
    "cik": "0000091419",
    "fillingDate": "2023-06-20",
    "acceptedDate": "2023-06-20 08:49:13",
    "calendarYear": "2023",
    "period": "FY",
    "revenue": 8529200000,
    "costOfRevenue": 5727400000,
    "grossProfit": 2801800000,
    "grossProfitRatio": 0.3284950523,
    "researchAndDevelopmentExpenses": 0,
    "generalAndAdministrativeExpenses": 0,
    "sellingAndMarketingExpenses": 0,
    "sellingGeneralAndAdministrativeExpenses": 1455000000,
    "otherExpenses": 1189300000,
    "operatingExpenses": 2644300000,
    "costAndExpenses": 8371700000,
    "interestIncome": 0,
    "interestExpense": 152000000,
    "depreciationAndAmortization": 431000000,
    "ebitda": 573800000,
    "ebitdaratio": 0.0672747737,
    "operatingIncome": 157500000,
    "operatingIncomeRatio": 0.0184659757,
    "totalOtherIncomeExpensesNet": -166700000,
    "incomeBeforeTax": -9200000,
    "incomeBeforeTaxRatio": -0.0010786475,
    "incomeTaxExpense": 82100000,
    "netIncome": -91300000,
    "netIncomeRatio": -0.0107044037,
    "eps": -0.86,
    "epsdiluted": -0.86,
    "weightedAverageShsOut": 106200000,
    "weightedAverageShsOutDil": 106200000,
    "link": "https://www.sec.gov/Archives/edgar/data/91419/000009141923000072/0000091419-23-000072-index.htm",
    "finalLink": "https://www.sec.gov/Archives/edgar/data/91419/000009141923000072/sjm-20230430.htm"
  },
  {
    "date": "2022-04-30",
    "symbol": "SJM",
    "reportedCurrency": "USD",
    "cik": "0000091419",
    "fillingDate": "2022-06-16",
    "acceptedDate": "2022-06-16 16:16:23",
    "calendarYear": "2022",
    "period": "FY",
    "revenue": 7998900000,
    "costOfRevenue": 5298200000,
    "grossProfit": 2700700000,
    "grossProfitRatio": 0.3376339247,
    "researchAndDevelopmentExpenses": 0,
    "generalAndAdministrativeExpenses": 0,
    "sellingAndMarketingExpenses": 0,
    "sellingGeneralAndAdministrativeExpenses": 1360300000,
    "otherExpenses": 316600000,
    "operatingExpenses": 1676900000,
    "costAndExpenses": 6975100000,
    "interestIncome": 0,
    "interestExpense": 160900000,
    "depreciationAndAmortization": 459100000,
    "ebitda": 1463800000,
    "ebitdaratio": 0.1830001625,
    "operatingIncome": 1023800000,
    "operatingIncomeRatio": 0.127992599,
    "totalOtherIncomeExpensesNet": -180000000,
    "incomeBeforeTax": 843800000,
    "incomeBeforeTaxRatio": 0.1054895048,
    "incomeTaxExpense": 212100000,
    "netIncome": 631700000,
    "netIncomeRatio": 0.0789733588,
    "eps": 5.84,
    "epsdiluted": 5.83,
    "weightedAverageShsOut": 108200000,
    "weightedAverageShsOutDil": 108400000,
    "link": "https://www.sec.gov/Archives/edgar/data/91419/000009141922000049/0000091419-22-000049-index.htm",
    "finalLink": "https://www.sec.gov/Archives/edgar/data/91419/000009141922000049/sjm-20220430.htm"
  },
  {
    "date": "2021-04-30",
    "symbol": "SJM",
    "reportedCurrency": "USD",
    "cik": "0000091419",
    "fillingDate": "2021-06-17",
    "acceptedDate": "2021-06-17 16:20:08",
    "calendarYear": "2021",
    "period": "FY",
    "revenue": 8002700000,
    "costOfRevenue": 4864000000,
    "grossProfit": 3138700000,
    "grossProfitRatio": 0.3922051308,
    "researchAndDevelopmentExpenses": 0,
    "generalAndAdministrativeExpenses": 0,
    "sellingAndMarketingExpenses": 0,
    "sellingGeneralAndAdministrativeExpenses": 1523100000,
    "otherExpenses": 228800000,
    "operatingExpenses": 1751900000,
    "costAndExpenses": 6615900000,
    "interestIncome": 0,
    "interestExpense": 177100000,
    "depreciationAndAmortization": 452500000,
    "ebitda": 1801500000,
    "ebitdaratio": 0.2251115249,
    "operatingIncome": 1386800000,
    "operatingIncomeRatio": 0.1732915141,
    "totalOtherIncomeExpensesNet": -214900000,
    "incomeBeforeTax": 1171900000,
    "incomeBeforeTaxRatio": 0.1464380771,
    "incomeTaxExpense": 295600000,
    "netIncome": 876300000,
    "netIncomeRatio": 0.1095005436,
    "eps": 7.79,
    "epsdiluted": 7.79,
    "weightedAverageShsOut": 112400000,
    "weightedAverageShsOutDil": 112400000,
    "link": "https://www.sec.gov/Archives/edgar/data/91419/000009141921000048/0000091419-21-000048-index.htm",
    "finalLink": "https://www.sec.gov/Archives/edgar/data/91419/000009141921000048/sjm-20210430.htm"
  },
  {
    "date": "2020-04-30",
    "symbol": "SJM",
    "reportedCurrency": "USD",
    "cik": "0000091419",
    "fillingDate": "2020-06-19",
    "acceptedDate": "2020-06-19 16:12:34",
    "calendarYear": "2020",
    "period": "FY",
    "revenue": 7801000000,
    "costOfRevenue": 4799000000,
    "grossProfit": 3002000000,
    "grossProfitRatio": 0.3848224587,
    "researchAndDevelopmentExpenses": 0,
    "generalAndAdministrativeExpenses": 0,
    "sellingAndMarketingExpenses": 0,
    "sellingGeneralAndAdministrativeExpenses": 1474300000,
    "otherExpenses": 304600000,
    "operatingExpenses": 1778900000,
    "costAndExpenses": 6577900000,
    "interestIncome": 0,
    "interestExpense": 189200000,
    "depreciationAndAmortization": 446500000,
    "ebitda": 1662400000,
    "ebitdaratio": 0.2131008845,
    "operatingIncome": 1223100000,
    "operatingIncomeRatio": 0.1567875913,
    "totalOtherIncomeExpensesNet": -196400000,
    "incomeBeforeTax": 1026700000,
    "incomeBeforeTaxRatio": 0.1316113319,
    "incomeTaxExpense": 247200000,
    "netIncome": 779500000,
    "netIncomeRatio": 0.0999230868,
    "eps": 6.84,
    "epsdiluted": 6.84,
    "weightedAverageShsOut": 114000000,
    "weightedAverageShsOutDil": 114000000,
    "link": "https://www.sec.gov/Archives/edgar/data/91419/000009141920000065/0000091419-20-000065-index.htm",
    "finalLink": "https://www.sec.gov/Archives/edgar/data/91419/000009141920000065/sjm-20200430.htm"
  },
  {
    "date": "2019-04-30",
    "symbol": "SJM",
    "reportedCurrency": "USD",
    "cik": "0000091419",
    "fillingDate": "2019-06-17",
    "acceptedDate": "2019-06-17 16:07:13",
    "calendarYear": "2019",
    "period": "FY",
    "revenue": 7838000000,
    "costOfRevenue": 4922300000,
    "grossProfit": 2915700000,
    "grossProfitRatio": 0.371995407,
    "researchAndDevelopmentExpenses": 0,
    "generalAndAdministrativeExpenses": 0,
    "sellingAndMarketingExpenses": 0,
    "sellingGeneralAndAdministrativeExpenses": 1508600000,
    "otherExpenses": 478500000,
    "operatingExpenses": 1987100000,
    "costAndExpenses": 6909400000,
    "interestIncome": 0,
    "interestExpense": 207900000,
    "depreciationAndAmortization": 446300000,
    "ebitda": 1355800000,
    "ebitdaratio": 0.1729778005,
    "operatingIncome": 928600000,
    "operatingIncomeRatio": 0.1184741005,
    "totalOtherIncomeExpensesNet": -227000000,
    "incomeBeforeTax": 701600000,
    "incomeBeforeTaxRatio": 0.0895126308,
    "incomeTaxExpense": 187200000,
    "netIncome": 514400000,
    "netIncomeRatio": 0.065628987,
    "eps": 4.52,
    "epsdiluted": 4.52,
    "weightedAverageShsOut": 113700000,
    "weightedAverageShsOutDil": 113700000,
    "link": "https://www.sec.gov/Archives/edgar/data/91419/000009141919000005/0000091419-19-000005-index.htm",
    "finalLink": "https://www.sec.gov/Archives/edgar/data/91419/000009141919000005/sjm43019-10k.htm"
  },
  {
    "date": "2018-04-30",
    "symbol": "SJM",
    "reportedCurrency": "USD",
    "cik": "0000091419",
    "fillingDate": "2018-06-18",
    "acceptedDate": "2018-06-18 16:07:02",
    "calendarYear": "2018",
    "period": "FY",
    "revenue": 7357100000,
    "costOfRevenue": 4521000000,
    "grossProfit": 2836100000,
    "grossProfitRatio": 0.385491566,
    "researchAndDevelopmentExpenses": 0,
    "generalAndAdministrativeExpenses": 0,
    "sellingAndMarketingExpenses": 0,
    "sellingGeneralAndAdministrativeExpenses": 1362900000,
    "otherExpenses": 429200000,
    "operatingExpenses": 1792100000,
    "costAndExpenses": 6313100000,
    "interestIncome": 0,
    "interestExpense": 174100000,
    "depreciationAndAmortization": 413100000,
    "ebitda": 1448200000,
    "ebitdaratio": 0.1968438651,
    "operatingIncome": 1044000000,
    "operatingIncomeRatio": 0.1419037392,
    "totalOtherIncomeExpensesNet": -183000000,
    "incomeBeforeTax": 861000000,
    "incomeBeforeTaxRatio": 0.1170298079,
    "incomeTaxExpense": -477600000,
    "netIncome": 1338600000,
    "netIncomeRatio": 0.181946691,
    "eps": 11.79,
    "epsdiluted": 11.78,
    "weightedAverageShsOut": 113600000,
    "weightedAverageShsOutDil": 113600000,
    "link": "https://www.sec.gov/Archives/edgar/data/91419/000009141918000005/0000091419-18-000005-index.htm",
    "finalLink": "https://www.sec.gov/Archives/edgar/data/91419/000009141918000005/sjm43018-10xk.htm"
  },
  {
    "date": "2017-04-30",
    "symbol": "SJM",
    "reportedCurrency": "USD",
    "cik": "0000091419",
    "fillingDate": "2017-06-19",
    "acceptedDate": "2017-06-19 16:09:55",
    "calendarYear": "2017",
    "period": "FY",
    "revenue": 7392300000,
    "costOfRevenue": 4557000000,
    "grossProfit": 2835300000,
    "grossProfitRatio": 0.3835477456,
    "researchAndDevelopmentExpenses": 0,
    "generalAndAdministrativeExpenses": 0,
    "sellingAndMarketingExpenses": 0,
    "sellingGeneralAndAdministrativeExpenses": 1379600000,
    "otherExpenses": 413100000,
    "operatingExpenses": 1792700000,
    "costAndExpenses": 6349700000,
    "interestIncome": 0,
    "interestExpense": 163100000,
    "depreciationAndAmortization": 419000000,
    "ebitda": 1460500000,
    "ebitdaratio": 0.1975704449,
    "operatingIncome": 1042600000,
    "operatingIncomeRatio": 0.1410386483,
    "totalOtherIncomeExpensesNet": -164200000,
    "incomeBeforeTax": 878400000,
    "incomeBeforeTaxRatio": 0.1188263463,
    "incomeTaxExpense": 286100000,
    "netIncome": 592300000,
    "netIncomeRatio": 0.0801239127,
    "eps": 5.11,
    "epsdiluted": 5.1,
    "weightedAverageShsOut": 116014000,
    "weightedAverageShsOutDil": 116121000,
    "link": "https://www.sec.gov/Archives/edgar/data/91419/000009141917000005/0000091419-17-000005-index.htm",
    "finalLink": "https://www.sec.gov/Archives/edgar/data/91419/000009141917000005/sjm43017-10xk.htm"
  },
  {
    "date": "2016-04-30",
    "symbol": "SJM",
    "reportedCurrency": "USD",
    "cik": "0000091419",
    "fillingDate": "2016-06-21",
    "acceptedDate": "2016-06-21 16:28:03",
    "calendarYear": "2016",
    "period": "FY",
    "revenue": 7811200000,
    "costOfRevenue": 4843400000,
    "grossProfit": 2967800000,
    "grossProfitRatio": 0.3799416223,
    "researchAndDevelopmentExpenses": 0,
    "generalAndAdministrativeExpenses": 1340000000,
    "sellingAndMarketingExpenses": 170300000,
    "sellingGeneralAndAdministrativeExpenses": 1510300000,
    "otherExpenses": 312200000,
    "operatingExpenses": 1822500000,
    "costAndExpenses": 6665900000,
    "interestIncome": 0,
    "interestExpense": 171100000,
    "depreciationAndAmortization": 430100000,
    "ebitda": 1579100000,
    "ebitdaratio": 0.2021584392,
    "operatingIncome": 1145300000,
    "operatingIncomeRatio": 0.146622798,
    "totalOtherIncomeExpensesNet": -167400000,
    "incomeBeforeTax": 977900000,
    "incomeBeforeTaxRatio": 0.125192032,
    "incomeTaxExpense": 289200000,
    "netIncome": 688700000,
    "netIncomeRatio": 0.0881682712,
    "eps": 5.77,
    "epsdiluted": 5.76,
    "weightedAverageShsOut": 119436000,
    "weightedAverageShsOutDil": 119477000,
    "link": "https://www.sec.gov/Archives/edgar/data/91419/000009141916000007/0000091419-16-000007-index.htm",
    "finalLink": "https://www.sec.gov/Archives/edgar/data/91419/000009141916000007/sjm43016-10xk.htm"
  },
  {
    "date": "2015-04-30",
    "symbol": "SJM",
    "reportedCurrency": "USD",
    "cik": "0000091419",
    "fillingDate": "2015-06-25",
    "acceptedDate": "2015-06-25 16:40:57",
    "calendarYear": "2015",
    "period": "FY",
    "revenue": 5692700000,
    "costOfRevenue": 3724000000,
    "grossProfit": 1968700000,
    "grossProfitRatio": 0.3458288686,
    "researchAndDevelopmentExpenses": 0,
    "generalAndAdministrativeExpenses": 0,
    "sellingAndMarketingExpenses": 0,
    "sellingGeneralAndAdministrativeExpenses": 1031300000,
    "otherExpenses": 165400000,
    "operatingExpenses": 1196700000,
    "costAndExpenses": 4920700000,
    "interestIncome": 0,
    "interestExpense": 79900000,
    "depreciationAndAmortization": 267200000,
    "ebitda": 870100000,
    "ebitdaratio": 0.1528448715,
    "operatingIncome": 772000000,
    "operatingIncomeRatio": 0.1356122754,
    "totalOtherIncomeExpensesNet": -249000000,
    "incomeBeforeTax": 523000000,
    "incomeBeforeTaxRatio": 0.0918720467,
    "incomeTaxExpense": 178100000,
    "netIncome": 344900000,
    "netIncomeRatio": 0.060586365,
    "eps": 3.33,
    "epsdiluted": 3.33,
    "weightedAverageShsOut": 103692000,
    "weightedAverageShsOutDil": 103697000,
    "link": "https://www.sec.gov/Archives/edgar/data/91419/000119312515235197/0001193125-15-235197-index.htm",
    "finalLink": "https://www.sec.gov/Archives/edgar/data/91419/000119312515235197/d918672d10k.htm"
  },
  {
    "date": "2014-04-30",
    "symbol": "SJM",
    "reportedCurrency": "USD",
    "cik": "0000091419",
    "fillingDate": "2014-06-23",
    "acceptedDate": "2014-06-23 16:24:12",
    "calendarYear": "2014",
    "period": "FY",
    "revenue": 5610600000,
    "costOfRevenue": 3579600000,
    "grossProfit": 2031000000,
    "grossProfitRatio": 0.3619933697,
    "researchAndDevelopmentExpenses": 0,
    "generalAndAdministrativeExpenses": 0,
    "sellingAndMarketingExpenses": 0,
    "sellingGeneralAndAdministrativeExpenses": 988800000,
    "otherExpenses": 123200000,
    "operatingExpenses": 1112000000,
    "costAndExpenses": 4691600000,
    "interestIncome": 0,
    "interestExpense": 79400000,
    "depreciationAndAmortization": 256400000,
    "ebitda": 1185500000,
    "ebitdaratio": 0.2112964745,
    "operatingIncome": 919000000,
    "operatingIncomeRatio": 0.1637970983,
    "totalOtherIncomeExpensesNet": -69300000,
    "incomeBeforeTax": 849700000,
    "incomeBeforeTaxRatio": 0.1514454782,
    "incomeTaxExpense": 284500000,
    "netIncome": 565200000,
    "netIncomeRatio": 0.100737889,
    "eps": 5.42,
    "epsdiluted": 5.42,
    "weightedAverageShsOut": 104332000,
    "weightedAverageShsOutDil": 104347000,
    "link": "https://www.sec.gov/Archives/edgar/data/91419/000119312514245437/0001193125-14-245437-index.htm",
    "finalLink": "https://www.sec.gov/Archives/edgar/data/91419/000119312514245437/d720496d10k.htm"
  },
  {
    "date": "2013-04-30",
    "symbol": "SJM",
    "reportedCurrency": "USD",
    "cik": "0000091419",
    "fillingDate": "2013-06-21",
    "acceptedDate": "2013-06-21 08:34:19",
    "calendarYear": "2013",
    "period": "FY",
    "revenue": 5897654000,
    "costOfRevenue": 3870100000,
    "grossProfit": 2027554000,
    "grossProfitRatio": 0.3437899205,
    "researchAndDevelopmentExpenses": 0,
    "generalAndAdministrativeExpenses": 0,
    "sellingAndMarketingExpenses": 0,
    "sellingGeneralAndAdministrativeExpenses": 973900000,
    "otherExpenses": 143300000,
    "operatingExpenses": 1117200000,
    "costAndExpenses": 4987300000,
    "interestIncome": 0,
    "interestExpense": 93400000,
    "depreciationAndAmortization": 250900000,
    "ebitda": 1161600000,
    "ebitdaratio": 0.1969596724,
    "operatingIncome": 910400000,
    "operatingIncomeRatio": 0.154366465,
    "totalOtherIncomeExpensesNet": -93100000,
    "incomeBeforeTax": 817300000,
    "incomeBeforeTaxRatio": 0.1385805271,
    "incomeTaxExpense": 273100000,
    "netIncome": 544200000,
    "netIncomeRatio": 0.0922739788,
    "eps": 5,
    "epsdiluted": 5,
    "weightedAverageShsOut": 108828000,
    "weightedAverageShsOutDil": 108851000,
    "link": "https://www.sec.gov/Archives/edgar/data/91419/000119312513266625/0001193125-13-266625-index.htm",
    "finalLink": "https://www.sec.gov/Archives/edgar/data/91419/000119312513266625/d537487d10k.htm"
  },
  {
    "date": "2012-04-30",
    "symbol": "SJM",
    "reportedCurrency": "USD",
    "cik": "0000091419",
    "fillingDate": "2012-06-25",
    "acceptedDate": "2012-06-25 16:11:38",
    "calendarYear": "2012",
    "period": "FY",
    "revenue": 5525782000,
    "costOfRevenue": 3680559000,
    "grossProfit": 1845223000,
    "grossProfitRatio": 0.3339297497,
    "researchAndDevelopmentExpenses": 0,
    "generalAndAdministrativeExpenses": 0,
    "sellingAndMarketingExpenses": 0,
    "sellingGeneralAndAdministrativeExpenses": 892700000,
    "otherExpenses": 174200000,
    "operatingExpenses": 1066900000,
    "costAndExpenses": 4747500000,
    "interestIncome": 1504000,
    "interestExpense": 79800000,
    "depreciationAndAmortization": 208500000,
    "ebitda": 989500000,
    "ebitdaratio": 0.1790696774,
    "operatingIncome": 778300000,
    "operatingIncomeRatio": 0.1408488428,
    "totalOtherIncomeExpensesNet": -77100000,
    "incomeBeforeTax": 701200000,
    "incomeBeforeTaxRatio": 0.1268960665,
    "incomeTaxExpense": 241500000,
    "netIncome": 459700000,
    "netIncomeRatio": 0.0831918451,
    "eps": 4.06,
    "epsdiluted": 4.06,
    "weightedAverageShsOut": 113264000,
    "weightedAverageShsOutDil": 113314000,
    "link": "https://www.sec.gov/Archives/edgar/data/91419/000119312512282260/0001193125-12-282260-index.htm",
    "finalLink": "https://www.sec.gov/Archives/edgar/data/91419/000119312512282260/d318554d10k.htm"
  },
  {
    "date": "2011-04-30",
    "symbol": "SJM",
    "reportedCurrency": "USD",
    "cik": "0000091419",
    "fillingDate": "2011-06-28",
    "acceptedDate": "2011-06-28 16:18:21",
    "calendarYear": "2011",
    "period": "FY",
    "revenue": 4825743000,
    "costOfRevenue": 3027226000,
    "grossProfit": 1798517000,
    "grossProfitRatio": 0.3726922466,
    "researchAndDevelopmentExpenses": 0,
    "generalAndAdministrativeExpenses": 0,
    "sellingAndMarketingExpenses": 0,
    "sellingGeneralAndAdministrativeExpenses": 863100000,
    "otherExpenses": 151100000,
    "operatingExpenses": 1014200000,
    "costAndExpenses": 4041400000,
    "interestIncome": 2512000,
    "interestExpense": 69594000,
    "depreciationAndAmortization": 186000000,
    "ebitda": 970300000,
    "ebitdaratio": 0.2010674833,
    "operatingIncome": 784300000,
    "operatingIncomeRatio": 0.1625241958,
    "totalOtherIncomeExpensesNet": -67100000,
    "incomeBeforeTax": 717200000,
    "incomeBeforeTaxRatio": 0.1486196012,
    "incomeTaxExpense": 237700000,
    "netIncome": 479500000,
    "netIncomeRatio": 0.0993629375,
    "eps": 4.06,
    "epsdiluted": 4.05,
    "weightedAverageShsOut": 117009000,
    "weightedAverageShsOutDil": 117120000,
    "link": "https://www.sec.gov/Archives/edgar/data/91419/000095012311062373/0000950123-11-062373-index.htm",
    "finalLink": "https://www.sec.gov/Archives/edgar/data/91419/000095012311062373/l42203ae10vk.htm"
  },
  {
    "date": "2010-04-30",
    "symbol": "SJM",
    "reportedCurrency": "USD",
    "cik": "0000091419",
    "fillingDate": "2010-06-24",
    "acceptedDate": "2010-06-24 16:28:35",
    "calendarYear": "2010",
    "period": "FY",
    "revenue": 4605289000,
    "costOfRevenue": 2818599000,
    "grossProfit": 1786690000,
    "grossProfitRatio": 0.3879647944,
    "researchAndDevelopmentExpenses": 0,
    "generalAndAdministrativeExpenses": 0,
    "sellingAndMarketingExpenses": 0,
    "sellingGeneralAndAdministrativeExpenses": 878221000,
    "otherExpenses": 117560000,
    "operatingExpenses": 995781000,
    "costAndExpenses": 3814380000,
    "interestIncome": 2793000,
    "interestExpense": 65187000,
    "depreciationAndAmortization": 181882000,
    "ebitda": 977822000,
    "ebitdaratio": 0.2123258714,
    "operatingIncome": 790909000,
    "operatingIncomeRatio": 0.1717392763,
    "totalOtherIncomeExpensesNet": -60156000,
    "incomeBeforeTax": 730753000,
    "incomeBeforeTaxRatio": 0.1586769039,
    "incomeTaxExpense": 236615000,
    "netIncome": 494138000,
    "netIncomeRatio": 0.107297935,
    "eps": 4.15,
    "epsdiluted": 4.15,
    "weightedAverageShsOut": 118951000,
    "weightedAverageShsOutDil": 119081000,
    "link": "https://www.sec.gov/Archives/edgar/data/91419/000095012310060708/0000950123-10-060708-index.htm",
    "finalLink": "https://www.sec.gov/Archives/edgar/data/91419/000095012310060708/l39979e10vk.htm"
  },
  {
    "date": "2009-04-30",
    "symbol": "SJM",
    "reportedCurrency": "USD",
    "cik": "0000091419",
    "fillingDate": "2009-06-26",
    "acceptedDate": "2009-06-26 16:34:42",
    "calendarYear": "2009",
    "period": "FY",
    "revenue": 3757933000,
    "costOfRevenue": 2506504000,
    "grossProfit": 1251429000,
    "grossProfitRatio": 0.3330099286,
    "researchAndDevelopmentExpenses": 0,
    "generalAndAdministrativeExpenses": 0,
    "sellingAndMarketingExpenses": 0,
    "sellingGeneralAndAdministrativeExpenses": 673565000,
    "otherExpenses": 125589000,
    "operatingExpenses": 799154000,
    "costAndExpenses": 3305658000,
    "interestIncome": 6993000,
    "interestExpense": 62478000,
    "depreciationAndAmortization": 118273000,
    "ebitda": 576816000,
    "ebitdaratio": 0.1534928909,
    "operatingIncome": 452275000,
    "operatingIncomeRatio": 0.1203520659,
    "totalOtherIncomeExpensesNet": -56210000,
    "incomeBeforeTax": 396065000,
    "incomeBeforeTaxRatio": 0.105394375,
    "incomeTaxExpense": 130112000,
    "netIncome": 265953000,
    "netIncomeRatio": 0.0707710861,
    "eps": 3.11,
    "epsdiluted": 3.11,
    "weightedAverageShsOut": 85449000,
    "weightedAverageShsOutDil": 85548000,
    "link": "https://www.sec.gov/Archives/edgar/data/91419/000095012309017972/0000950123-09-017972-index.htm",
    "finalLink": "https://www.sec.gov/Archives/edgar/data/91419/000095012309017972/l36725ae10vk.htm"
  },
  {
    "date": "2008-04-30",
    "symbol": "SJM",
    "reportedCurrency": "USD",
    "cik": "0000091419",
    "fillingDate": "2008-06-27",
    "acceptedDate": "2008-06-27 16:32:26",
    "calendarYear": "2008",
    "period": "FY",
    "revenue": 2524774000,
    "costOfRevenue": 1742610000,
    "grossProfit": 782164000,
    "grossProfitRatio": 0.309795649,
    "researchAndDevelopmentExpenses": 0,
    "generalAndAdministrativeExpenses": 0,
    "sellingAndMarketingExpenses": 0,
    "sellingGeneralAndAdministrativeExpenses": 490665000,
    "otherExpenses": 7325000,
    "operatingExpenses": 497990000,
    "costAndExpenses": 2240600000,
    "interestIncome": 0,
    "interestExpense": 0,
    "depreciationAndAmortization": 62619000,
    "ebitda": 357997000,
    "ebitdaratio": 0.1417936813,
    "operatingIncome": 284174000,
    "operatingIncomeRatio": 0.1125542326,
    "totalOtherIncomeExpensesNet": -29386000,
    "incomeBeforeTax": 254788000,
    "incomeBeforeTaxRatio": 0.100915171,
    "incomeTaxExpense": 84409000,
    "netIncome": 170379000,
    "netIncomeRatio": 0.0674828717,
    "eps": 3.03,
    "epsdiluted": 3,
    "weightedAverageShsOut": 56231000,
    "weightedAverageShsOutDil": 56793000,
    "link": "https://www.sec.gov/Archives/edgar/data/91419/000095015208005018/0000950152-08-005018-index.htm",
    "finalLink": "https://www.sec.gov/Archives/edgar/data/91419/000095015208005018/l32070ae10vk.htm"
  },
  {
    "date": "2007-04-30",
    "symbol": "SJM",
    "reportedCurrency": "USD",
    "cik": "0000091419",
    "fillingDate": "2007-06-26",
    "acceptedDate": "2007-06-26 16:12:56",
    "calendarYear": "2007",
    "period": "FY",
    "revenue": 2148017000,
    "costOfRevenue": 1445962000,
    "grossProfit": 702055000,
    "grossProfitRatio": 0.326838661,
    "researchAndDevelopmentExpenses": 0,
    "generalAndAdministrativeExpenses": 0,
    "sellingAndMarketingExpenses": 0,
    "sellingGeneralAndAdministrativeExpenses": 442814000,
    "otherExpenses": 2181000,
    "operatingExpenses": 444995000,
    "costAndExpenses": 1890957000,
    "interestIncome": 0,
    "interestExpense": 0,
    "depreciationAndAmortization": 58874000,
    "ebitda": 318115000,
    "ebitdaratio": 0.1480970588,
    "operatingIncome": 257060000,
    "operatingIncomeRatio": 0.1196731683,
    "totalOtherIncomeExpensesNet": -16056000,
    "incomeBeforeTax": 241004000,
    "incomeBeforeTaxRatio": 0.1121983671,
    "incomeTaxExpense": 83785000,
    "netIncome": 157219000,
    "netIncomeRatio": 0.0731926237,
    "eps": 2.79,
    "epsdiluted": 2.76,
    "weightedAverageShsOut": 56351000,
    "weightedAverageShsOutDil": 56963000,
    "link": "https://www.sec.gov/Archives/edgar/data/91419/000095015207005388/0000950152-07-005388-index.htm",
    "finalLink": "https://www.sec.gov/Archives/edgar/data/91419/000095015207005388/l26475ae10vk.htm"
  },
  {
    "date": "2006-04-30",
    "symbol": "SJM",
    "reportedCurrency": "USD",
    "cik": "0000091419",
    "fillingDate": "2006-06-30",
    "acceptedDate": "2006-06-30 14:08:09",
    "calendarYear": "2006",
    "period": "FY",
    "revenue": 2154726000,
    "costOfRevenue": 1461874000,
    "grossProfit": 692852000,
    "grossProfitRatio": 0.3215499326,
    "researchAndDevelopmentExpenses": 0,
    "generalAndAdministrativeExpenses": 0,
    "sellingAndMarketingExpenses": 0,
    "sellingGeneralAndAdministrativeExpenses": 438457000,
    "otherExpenses": 25656000,
    "operatingExpenses": 464113000,
    "costAndExpenses": 1925987000,
    "interestIncome": 0,
    "interestExpense": 0,
    "depreciationAndAmortization": 71083000,
    "ebitda": 325478000,
    "ebitdaratio": 0.1510530805,
    "operatingIncome": 228739000,
    "operatingIncomeRatio": 0.1061568849,
    "totalOtherIncomeExpensesNet": -13169000,
    "incomeBeforeTax": 215570000,
    "incomeBeforeTaxRatio": 0.100045203,
    "incomeTaxExpense": 72216000,
    "netIncome": 143354000,
    "netIncomeRatio": 0.0665300368,
    "eps": 2.48,
    "epsdiluted": 2.45,
    "weightedAverageShsOut": 57804000,
    "weightedAverageShsOutDil": 58512000,
    "link": "https://www.sec.gov/Archives/edgar/data/91419/000095015206005568/0000950152-06-005568-index.htm",
    "finalLink": "https://www.sec.gov/Archives/edgar/data/91419/000095015206005568/l20956ae10vk.htm"
  },
  {
    "date": "2005-04-30",
    "symbol": "SJM",
    "reportedCurrency": "USD",
    "cik": "0000091419",
    "fillingDate": "2005-07-12",
    "acceptedDate": "2005-07-12 17:04:38",
    "calendarYear": "2005",
    "period": "FY",
    "revenue": 2043877000,
    "costOfRevenue": 1386461000,
    "grossProfit": 657416000,
    "grossProfitRatio": 0.3216514497,
    "researchAndDevelopmentExpenses": 0,
    "generalAndAdministrativeExpenses": 0,
    "sellingAndMarketingExpenses": 0,
    "sellingGeneralAndAdministrativeExpenses": 407839000,
    "otherExpenses": 28808000,
    "operatingExpenses": 436647000,
    "costAndExpenses": 1823108000,
    "interestIncome": 0,
    "interestExpense": 0,
    "depreciationAndAmortization": 56048000,
    "ebitda": 305625000,
    "ebitdaratio": 0.1495319924,
    "operatingIncome": 220769000,
    "operatingIncomeRatio": 0.1080148169,
    "totalOtherIncomeExpensesNet": -16155000,
    "incomeBeforeTax": 204614000,
    "incomeBeforeTaxRatio": 0.1001107209,
    "incomeTaxExpense": 74154000,
    "netIncome": 129073000,
    "netIncomeRatio": 0.0631510605,
    "eps": 2.26,
    "epsdiluted": 2.24,
    "weightedAverageShsOut": 57112000,
    "weightedAverageShsOutDil": 57622000,
    "link": "https://www.sec.gov/Archives/edgar/data/91419/000095015205005873/0000950152-05-005873-index.htm",
    "finalLink": "https://www.sec.gov/Archives/edgar/data/91419/000095015205005873/l13520ae10vk.htm"
  },
  {
    "date": "2004-04-30",
    "symbol": "SJM",
    "reportedCurrency": "USD",
    "cik": "0000091419",
    "fillingDate": "2004-07-13",
    "acceptedDate": "2004-07-13 16:06:51",
    "calendarYear": "2004",
    "period": "FY",
    "revenue": 1369556000,
    "costOfRevenue": 886955000,
    "grossProfit": 482601000,
    "grossProfitRatio": 0.3523777049,
    "researchAndDevelopmentExpenses": 0,
    "generalAndAdministrativeExpenses": 0,
    "sellingAndMarketingExpenses": 0,
    "sellingGeneralAndAdministrativeExpenses": 296954000,
    "otherExpenses": 8628000,
    "operatingExpenses": 305582000,
    "costAndExpenses": 1192537000,
    "interestIncome": 0,
    "interestExpense": 0,
    "depreciationAndAmortization": 38561000,
    "ebitda": 224208000,
    "ebitdaratio": 0.1637085304,
    "operatingIncome": 177019000,
    "operatingIncomeRatio": 0.1292528381,
    "totalOtherIncomeExpensesNet": 151000,
    "incomeBeforeTax": 177170000,
    "incomeBeforeTaxRatio": 0.1293630929,
    "incomeTaxExpense": 65872000,
    "netIncome": 111350000,
    "netIncomeRatio": 0.0813037218,
    "eps": 2.24,
    "epsdiluted": 2.24,
    "weightedAverageShsOut": 49710000,
    "weightedAverageShsOutDil": 50379000,
    "link": "https://www.sec.gov/Archives/edgar/data/91419/000095015204005304/0000950152-04-005304-index.htm",
    "finalLink": "https://www.sec.gov/Archives/edgar/data/91419/000095015204005304/l08405ae10vk.htm"
  },
  {
    "date": "2003-04-30",
    "symbol": "SJM",
    "reportedCurrency": "USD",
    "cik": "0000091419",
    "fillingDate": "2003-07-24",
    "acceptedDate": "2003-07-24 15:29:40",
    "calendarYear": "2003",
    "period": "FY",
    "revenue": 1311744000,
    "costOfRevenue": 855663000,
    "grossProfit": 456081000,
    "grossProfitRatio": 0.3476905555,
    "researchAndDevelopmentExpenses": 0,
    "generalAndAdministrativeExpenses": 0,
    "sellingAndMarketingExpenses": 0,
    "sellingGeneralAndAdministrativeExpenses": 279760000,
    "otherExpenses": 11792000,
    "operatingExpenses": 291552000,
    "costAndExpenses": 1147215000,
    "interestIncome": 0,
    "interestExpense": 0,
    "depreciationAndAmortization": 37751000,
    "ebitda": 214072000,
    "ebitdaratio": 0.1631964774,
    "operatingIncome": 164529000,
    "operatingIncomeRatio": 0.1254276749,
    "totalOtherIncomeExpensesNet": -9139000,
    "incomeBeforeTax": 155390000,
    "incomeBeforeTaxRatio": 0.1184606143,
    "incomeTaxExpense": 59048000,
    "netIncome": 96342000,
    "netIncomeRatio": 0.0734457333,
    "eps": 2.04,
    "epsdiluted": 2.02,
    "weightedAverageShsOut": 47226000,
    "weightedAverageShsOutDil": 47694000,
    "link": "https://www.sec.gov/Archives/edgar/data/91419/000095015203007045/0000950152-03-007045-index.htm",
    "finalLink": "https://www.sec.gov/Archives/edgar/data/91419/000095015203007045/l02007ae10vk.htm"
  },
  {
    "date": "2002-04-30",
    "symbol": "SJM",
    "reportedCurrency": "USD",
    "cik": "0000091419",
    "fillingDate": "2002-07-26",
    "acceptedDate": "2002-07-26 14:06:51",
    "calendarYear": "2002",
    "period": "FY",
    "revenue": 687148000,
    "costOfRevenue": 462157000,
    "grossProfit": 224991000,
    "grossProfitRatio": 0.3274272791,
    "researchAndDevelopmentExpenses": 0,
    "generalAndAdministrativeExpenses": 0,
    "sellingAndMarketingExpenses": 0,
    "sellingGeneralAndAdministrativeExpenses": 165172000,
    "otherExpenses": 5031000,
    "operatingExpenses": 170203000,
    "costAndExpenses": 632360000,
    "interestIncome": 0,
    "interestExpense": 0,
    "depreciationAndAmortization": 28557000,
    "ebitda": 88376000,
    "ebitdaratio": 0.1286127588,
    "operatingIncome": 54788000,
    "operatingIncomeRatio": 0.0797324594,
    "totalOtherIncomeExpensesNet": -4590000,
    "incomeBeforeTax": 50198000,
    "incomeBeforeTaxRatio": 0.0730526757,
    "incomeTaxExpense": 19347000,
    "netIncome": 30851000,
    "netIncomeRatio": 0.0448971692,
    "eps": 1.33,
    "epsdiluted": 1.31,
    "weightedAverageShsOut": 23196000,
    "weightedAverageShsOutDil": 23550000,
    "link": "https://www.sec.gov/Archives/edgar/data/91419/000095015202005702/0000950152-02-005702-index.htm",
    "finalLink": "https://www.sec.gov/Archives/edgar/data/91419/000095015202005702/l95505ae10vk.htm"
  },
  {
    "date": "2001-04-30",
    "symbol": "SJM",
    "reportedCurrency": "USD",
    "cik": "0000091419",
    "fillingDate": "2001-07-24",
    "acceptedDate": "2001-07-24 00:00:00",
    "calendarYear": "2001",
    "period": "FY",
    "revenue": 651242000,
    "costOfRevenue": 438480000,
    "grossProfit": 212762000,
    "grossProfitRatio": 0.3267019019,
    "researchAndDevelopmentExpenses": 0,
    "generalAndAdministrativeExpenses": 0,
    "sellingAndMarketingExpenses": 0,
    "sellingGeneralAndAdministrativeExpenses": 155973000,
    "otherExpenses": 2152000,
    "operatingExpenses": 158125000,
    "costAndExpenses": 596605000,
    "interestIncome": 0,
    "interestExpense": 0,
    "depreciationAndAmortization": 26921000,
    "ebitda": 81558000,
    "ebitdaratio": 0.1252345518,
    "operatingIncome": 54637000,
    "operatingIncomeRatio": 0.083896616,
    "totalOtherIncomeExpensesNet": -4677000,
    "incomeBeforeTax": 49960000,
    "incomeBeforeTaxRatio": 0.0767149539,
    "incomeTaxExpense": 18301000,
    "netIncome": 30667000,
    "netIncomeRatio": 0.0470900218,
    "eps": 1.13,
    "epsdiluted": 1.12,
    "weightedAverageShsOut": 27139000,
    "weightedAverageShsOutDil": 27381000,
    "link": "https://www.sec.gov/Archives/edgar/data/91419/000095015201503334/0000950152-01-503334-index.htm",
    "finalLink": "https://www.sec.gov/Archives/edgar/data/91419/000095015201503334/l89499ae10-k.htm"
  },
  {
    "date": "2000-04-30",
    "symbol": "SJM",
    "reportedCurrency": "USD",
    "cik": "0000091419",
    "fillingDate": "2000-07-11",
    "acceptedDate": "2000-07-11 00:00:00",
    "calendarYear": "2000",
    "period": "FY",
    "revenue": 641885000,
    "costOfRevenue": 414476000,
    "grossProfit": 218010000,
    "grossProfitRatio": 0.3396402782,
    "researchAndDevelopmentExpenses": 0,
    "generalAndAdministrativeExpenses": 0,
    "sellingAndMarketingExpenses": 0,
    "sellingGeneralAndAdministrativeExpenses": 162283000,
    "otherExpenses": 23891000,
    "operatingExpenses": 186174000,
    "costAndExpenses": 600650000,
    "interestIncome": 0,
    "interestExpense": 0,
    "depreciationAndAmortization": 26198000,
    "ebitda": 668083000,
    "ebitdaratio": 1.0408141645,
    "operatingIncome": 41235000,
    "operatingIncomeRatio": 0.0642404792,
    "totalOtherIncomeExpensesNet": 296000,
    "incomeBeforeTax": 41531000,
    "incomeBeforeTaxRatio": 0.064701621,
    "incomeTaxExpense": 15174000,
    "netIncome": 26273000,
    "netIncomeRatio": 0.0409310079,
    "eps": 1.27,
    "epsdiluted": 1.27,
    "weightedAverageShsOut": 20675588,
    "weightedAverageShsOutDil": 20688852,
    "link": "https://www.sec.gov/Archives/edgar/data/91419/000095012800000972/0000950128-00-000972-index.htm",
    "finalLink": "https://www.sec.gov/Archives/edgar/data/91419/000095012800000972/e10-k405.htm"
  },
  {
    "date": "1999-04-30",
    "symbol": "SJM",
    "reportedCurrency": "USD",
    "cik": "0000091419",
    "fillingDate": "1999-07-23",
    "acceptedDate": "1999-07-23 00:00:00",
    "calendarYear": "1999",
    "period": "FY",
    "revenue": 602457000,
    "costOfRevenue": 395944000,
    "grossProfit": 206513000,
    "grossProfitRatio": 0.3427846303,
    "researchAndDevelopmentExpenses": 0,
    "generalAndAdministrativeExpenses": 0,
    "sellingAndMarketingExpenses": 0,
    "sellingGeneralAndAdministrativeExpenses": 147538000,
    "otherExpenses": 10205000,
    "operatingExpenses": 157743000,
    "costAndExpenses": 553687000,
    "interestIncome": 0,
    "interestExpense": 0,
    "depreciationAndAmortization": 23394000,
    "ebitda": 636056000,
    "ebitdaratio": 1.0557699554,
    "operatingIncome": 58975000,
    "operatingIncomeRatio": 0.0978908038,
    "totalOtherIncomeExpensesNet": 2656000,
    "incomeBeforeTax": 61631000,
    "incomeBeforeTaxRatio": 0.1022994172,
    "incomeTaxExpense": 23868000,
    "netIncome": 38233000,
    "netIncomeRatio": 0.0634617906,
    "eps": 1.85,
    "epsdiluted": 1.85,
    "weightedAverageShsOut": 20675588,
    "weightedAverageShsOutDil": 20688852,
    "link": "https://www.sec.gov/Archives/edgar/data/91419/000095015299006180/0000950152-99-006180-index.html",
    "finalLink": "https://www.sec.gov/Archives/edgar/data/91419/000095015299006180/"
  },
  {
    "date": "1998-04-30",
    "symbol": "SJM",
    "reportedCurrency": "USD",
    "cik": "0000091419",
    "fillingDate": "1998-07-24",
    "acceptedDate": "1998-07-24 00:00:00",
    "calendarYear": "1998",
    "period": "FY",
    "revenue": 565476000,
    "costOfRevenue": 365613000,
    "grossProfit": 199863000,
    "grossProfitRatio": 0.3534420559,
    "researchAndDevelopmentExpenses": 0,
    "generalAndAdministrativeExpenses": 0,
    "sellingAndMarketingExpenses": 0,
    "sellingGeneralAndAdministrativeExpenses": 142799000,
    "otherExpenses": 9379000,
    "operatingExpenses": 152178000,
    "costAndExpenses": 517791000,
    "interestIncome": 0,
    "interestExpense": 0,
    "depreciationAndAmortization": 22539000,
    "ebitda": 597394000,
    "ebitdaratio": 1.0564444822,
    "operatingIncome": 57064000,
    "operatingIncomeRatio": 0.1009132129,
    "totalOtherIncomeExpensesNet": 3695000,
    "incomeBeforeTax": 60759000,
    "incomeBeforeTaxRatio": 0.1074475309,
    "incomeTaxExpense": 24411000,
    "netIncome": 31813000,
    "netIncomeRatio": 0.0562587979,
    "eps": 1.54,
    "epsdiluted": 1.54,
    "weightedAverageShsOut": 20675588,
    "weightedAverageShsOutDil": 20688852,
    "link": "https://www.sec.gov/Archives/edgar/data/91419/000095015298006161/0000950152-98-006161-index.html",
    "finalLink": "https://www.sec.gov/Archives/edgar/data/91419/"
  },
  {
    "date": "1997-04-30",
    "symbol": "SJM",
    "reportedCurrency": "USD",
    "cik": "0000091419",
    "fillingDate": "1997-07-23",
    "acceptedDate": "1997-07-23 00:00:00",
    "calendarYear": "1997",
    "period": "FY",
    "revenue": 542602000,
    "costOfRevenue": 327100000,
    "grossProfit": 193653000,
    "grossProfitRatio": 0.3568969521,
    "researchAndDevelopmentExpenses": 0,
    "generalAndAdministrativeExpenses": 0,
    "sellingAndMarketingExpenses": 0,
    "sellingGeneralAndAdministrativeExpenses": 122000000,
    "otherExpenses": 21796000,
    "operatingExpenses": 143796000,
    "costAndExpenses": 470896000,
    "interestIncome": 0,
    "interestExpense": 0,
    "depreciationAndAmortization": -21800000,
    "ebitda": 75000000,
    "ebitdaratio": 0.1382228595,
    "operatingIncome": 53204000,
    "operatingIncomeRatio": 0.0980534535,
    "totalOtherIncomeExpensesNet": -104000,
    "incomeBeforeTax": 53100000,
    "incomeBeforeTaxRatio": 0.0978617845,
    "incomeTaxExpense": 22200000,
    "netIncome": 30900000,
    "netIncomeRatio": 0.0569478181,
    "eps": 1.49,
    "epsdiluted": 1.49,
    "weightedAverageShsOut": 20675588,
    "weightedAverageShsOutDil": 20688852,
    "link": "https://www.sec.gov/Archives/edgar/data/91419/000095015297005304/0000950152-97-005304-index.html",
    "finalLink": "https://www.sec.gov/Archives/edgar/data/91419/"
  },
  {
    "date": "1996-04-30",
    "symbol": "SJM",
    "reportedCurrency": "USD",
    "cik": "0000091419",
    "fillingDate": "1996-07-22",
    "acceptedDate": "1996-07-22 00:00:00",
    "calendarYear": "1996",
    "period": "FY",
    "revenue": 528576000,
    "costOfRevenue": 319600000,
    "grossProfit": 191481000,
    "grossProfitRatio": 0.3622582183,
    "researchAndDevelopmentExpenses": 0,
    "generalAndAdministrativeExpenses": 0,
    "sellingAndMarketingExpenses": 0,
    "sellingGeneralAndAdministrativeExpenses": 126700000,
    "otherExpenses": 17506000,
    "operatingExpenses": 144206000,
    "costAndExpenses": 463806000,
    "interestIncome": 0,
    "interestExpense": 0,
    "depreciationAndAmortization": -17500000,
    "ebitda": 71500000,
    "ebitdaratio": 0.1352691004,
    "operatingIncome": 53994000,
    "operatingIncomeRatio": 0.1021499274,
    "totalOtherIncomeExpensesNet": -9194000,
    "incomeBeforeTax": 44800000,
    "incomeBeforeTaxRatio": 0.0847560237,
    "incomeTaxExpense": 15300000,
    "netIncome": 29400000,
    "netIncomeRatio": 0.0556211406,
    "eps": 1.42,
    "epsdiluted": 1.42,
    "weightedAverageShsOut": 20675588,
    "weightedAverageShsOutDil": 20688852,
    "link": "https://www.sec.gov/Archives/edgar/data/91419/000095015296003534/0000950152-96-003534-index.html",
    "finalLink": "https://www.sec.gov/Archives/edgar/data/91419/"
  },
  {
    "date": "1995-04-30",
    "symbol": "SJM",
    "reportedCurrency": "USD",
    "cik": "0000091419",
    "fillingDate": "1995-07-25",
    "acceptedDate": "1995-07-25 00:00:00",
    "calendarYear": "1995",
    "period": "FY",
    "revenue": 628279000,
    "costOfRevenue": 314100000,
    "grossProfit": 217266000,
    "grossProfitRatio": 0.3458113354,
    "researchAndDevelopmentExpenses": 0,
    "generalAndAdministrativeExpenses": 0,
    "sellingAndMarketingExpenses": 0,
    "sellingGeneralAndAdministrativeExpenses": 126000000,
    "otherExpenses": 8301000,
    "operatingExpenses": 134301000,
    "costAndExpenses": 448401000,
    "interestIncome": 0,
    "interestExpense": 0,
    "depreciationAndAmortization": -16200000,
    "ebitda": 70800000,
    "ebitdaratio": 0.1126887895,
    "operatingIncome": 62499000,
    "operatingIncomeRatio": 0.0994765065,
    "totalOtherIncomeExpensesNet": -7599000,
    "incomeBeforeTax": 54900000,
    "incomeBeforeTaxRatio": 0.0873815614,
    "incomeTaxExpense": 22400000,
    "netIncome": 36300000,
    "netIncomeRatio": 0.0577768794,
    "eps": 1.76,
    "epsdiluted": 1.75,
    "weightedAverageShsOut": 20675588,
    "weightedAverageShsOutDil": 20688852,
    "link": "https://www.sec.gov/Archives/edgar/data/91419/000095015295001575/0000950152-95-001575-index.html",
    "finalLink": "https://www.sec.gov/Archives/edgar/data/91419/"
  },
  {
    "date": "1994-04-30",
    "symbol": "SJM",
    "reportedCurrency": "USD",
    "cik": "0000091419",
    "fillingDate": "1994-07-15",
    "acceptedDate": "1994-07-15 00:00:00",
    "calendarYear": "1994",
    "period": "FY",
    "revenue": 511525000,
    "costOfRevenue": 326055000,
    "grossProfit": 185470000,
    "grossProfitRatio": 0.362582474,
    "researchAndDevelopmentExpenses": 0,
    "generalAndAdministrativeExpenses": 0,
    "sellingAndMarketingExpenses": 0,
    "sellingGeneralAndAdministrativeExpenses": 134688000,
    "otherExpenses": 0,
    "operatingExpenses": 134688000,
    "costAndExpenses": 460743000,
    "interestIncome": 0,
    "interestExpense": 0,
    "depreciationAndAmortization": 15378000,
    "ebitda": 66160000,
    "ebitdaratio": 0.129338742,
    "operatingIncome": 50782000,
    "operatingIncomeRatio": 0.0992756952,
    "totalOtherIncomeExpensesNet": 1941000,
    "incomeBeforeTax": 52723000,
    "incomeBeforeTaxRatio": 0.1030702312,
    "incomeTaxExpense": 22225000,
    "netIncome": 30498000,
    "netIncomeRatio": 0.0596217194,
    "eps": 1.11,
    "epsdiluted": 1.11,
    "weightedAverageShsOut": 27448000,
    "weightedAverageShsOutDil": 27448000,
    "link": "https://www.sec.gov/Archives/edgar/data/91419/000095015294000718/0000950152-94-000718-index.html",
    "finalLink": "https://www.sec.gov/Archives/edgar/data/91419/"
  },
  {
    "date": "1993-04-30",
    "symbol": "SJM",
    "reportedCurrency": "USD",
    "cik": "0000091419",
    "fillingDate": "1993-04-30",
    "acceptedDate": "1993-04-30 00:00:00",
    "calendarYear": "1993",
    "period": "FY",
    "revenue": 491300000,
    "costOfRevenue": 300900000,
    "grossProfit": 190400000,
    "grossProfitRatio": 0.3875432526,
    "researchAndDevelopmentExpenses": 0,
    "generalAndAdministrativeExpenses": 0,
    "sellingAndMarketingExpenses": 0,
    "sellingGeneralAndAdministrativeExpenses": 117600000,
    "otherExpenses": 72800000,
    "operatingExpenses": 190400000,
    "costAndExpenses": 491300000,
    "interestIncome": 0,
    "interestExpense": 0,
    "depreciationAndAmortization": -13100000,
    "ebitda": 72800000,
    "ebitdaratio": 0.1481783025,
    "operatingIncome": 59700000,
    "operatingIncomeRatio": 0.1215143497,
    "totalOtherIncomeExpensesNet": 1800000,
    "incomeBeforeTax": 61500000,
    "incomeBeforeTaxRatio": 0.1251780989,
    "incomeTaxExpense": 24100000,
    "netIncome": 32900000,
    "netIncomeRatio": 0.0669651944,
    "eps": 1.2,
    "epsdiluted": 1.2,
    "weightedAverageShsOut": 27448000,
    "weightedAverageShsOutDil": 27448000,
    "link": null,
    "finalLink": null
  },
  {
    "date": "1992-04-30",
    "symbol": "SJM",
    "reportedCurrency": "USD",
    "cik": "0000091419",
    "fillingDate": "1992-04-30",
    "acceptedDate": "1992-04-30 00:00:00",
    "calendarYear": "1992",
    "period": "FY",
    "revenue": 483500000,
    "costOfRevenue": 301300000,
    "grossProfit": 182200000,
    "grossProfitRatio": 0.3768355739,
    "researchAndDevelopmentExpenses": 0,
    "generalAndAdministrativeExpenses": 0,
    "sellingAndMarketingExpenses": 0,
    "sellingGeneralAndAdministrativeExpenses": 114900000,
    "otherExpenses": 67300000,
    "operatingExpenses": 182200000,
    "costAndExpenses": 483500000,
    "interestIncome": 0,
    "interestExpense": 0,
    "depreciationAndAmortization": -12800000,
    "ebitda": 67300000,
    "ebitdaratio": 0.1391933816,
    "operatingIncome": 54500000,
    "operatingIncomeRatio": 0.1127197518,
    "totalOtherIncomeExpensesNet": 1600000,
    "incomeBeforeTax": 56100000,
    "incomeBeforeTaxRatio": 0.1160289555,
    "incomeTaxExpense": 22000000,
    "netIncome": 34100000,
    "netIncomeRatio": 0.0705274043,
    "eps": 1.24,
    "epsdiluted": 1.24,
    "weightedAverageShsOut": 27448000,
    "weightedAverageShsOutDil": 27448000,
    "link": null,
    "finalLink": null
  },
  {
    "date": "1991-04-30",
    "symbol": "SJM",
    "reportedCurrency": "USD",
    "cik": "0000091419",
    "fillingDate": "1991-04-30",
    "acceptedDate": "1991-04-30 00:00:00",
    "calendarYear": "1991",
    "period": "FY",
    "revenue": 455000000,
    "costOfRevenue": 283900000,
    "grossProfit": 171100000,
    "grossProfitRatio": 0.376043956,
    "researchAndDevelopmentExpenses": 0,
    "generalAndAdministrativeExpenses": 0,
    "sellingAndMarketingExpenses": 0,
    "sellingGeneralAndAdministrativeExpenses": 107800000,
    "otherExpenses": 63300000,
    "operatingExpenses": 171100000,
    "costAndExpenses": 455000000,
    "interestIncome": 0,
    "interestExpense": 0,
    "depreciationAndAmortization": -11800000,
    "ebitda": 63300000,
    "ebitdaratio": 0.1391208791,
    "operatingIncome": 51500000,
    "operatingIncomeRatio": 0.1131868132,
    "totalOtherIncomeExpensesNet": 1000000,
    "incomeBeforeTax": 52500000,
    "incomeBeforeTaxRatio": 0.1153846154,
    "incomeTaxExpense": 20800000,
    "netIncome": 31700000,
    "netIncomeRatio": 0.0696703297,
    "eps": 1.15,
    "epsdiluted": 1.15,
    "weightedAverageShsOut": 27448000,
    "weightedAverageShsOutDil": 27448000,
    "link": null,
    "finalLink": null
  },
  {
    "date": "1990-04-30",
    "symbol": "SJM",
    "reportedCurrency": "USD",
    "cik": "0000091419",
    "fillingDate": "1990-04-30",
    "acceptedDate": "1990-04-30 00:00:00",
    "calendarYear": "1990",
    "period": "FY",
    "revenue": 422400000,
    "costOfRevenue": 271000000,
    "grossProfit": 151400000,
    "grossProfitRatio": 0.3584280303,
    "researchAndDevelopmentExpenses": 0,
    "generalAndAdministrativeExpenses": 0,
    "sellingAndMarketingExpenses": 0,
    "sellingGeneralAndAdministrativeExpenses": 91900000,
    "otherExpenses": 59500000,
    "operatingExpenses": 151400000,
    "costAndExpenses": 422400000,
    "interestIncome": 0,
    "interestExpense": 1100000,
    "depreciationAndAmortization": -10500000,
    "ebitda": 59500000,
    "ebitdaratio": 0.1408617424,
    "operatingIncome": 49000000,
    "operatingIncomeRatio": 0.1160037879,
    "totalOtherIncomeExpensesNet": 1000000,
    "incomeBeforeTax": 50000000,
    "incomeBeforeTaxRatio": 0.1183712121,
    "incomeTaxExpense": 19800000,
    "netIncome": 30200000,
    "netIncomeRatio": 0.0714962121,
    "eps": 1.1,
    "epsdiluted": 1.1,
    "weightedAverageShsOut": 27448000,
    "weightedAverageShsOutDil": 27448000,
    "link": null,
    "finalLink": null
  },
  {
    "date": "1989-04-30",
    "symbol": "SJM",
    "reportedCurrency": "USD",
    "cik": "0000091419",
    "fillingDate": "1989-04-30",
    "acceptedDate": "1989-04-29 20:00:00",
    "calendarYear": "1989",
    "period": "FY",
    "revenue": 366900000,
    "costOfRevenue": 230500000,
    "grossProfit": 136400000,
    "grossProfitRatio": 0.3717634233,
    "researchAndDevelopmentExpenses": 0,
    "generalAndAdministrativeExpenses": 0,
    "sellingAndMarketingExpenses": 0,
    "sellingGeneralAndAdministrativeExpenses": 83900000,
    "otherExpenses": 52500000,
    "operatingExpenses": 136400000,
    "costAndExpenses": 366900000,
    "interestIncome": 0,
    "interestExpense": 0,
    "depreciationAndAmortization": 9700000,
    "ebitda": 52500000,
    "ebitdaratio": 0.1430907604,
    "operatingIncome": 42800000,
    "operatingIncomeRatio": 0.116653039,
    "totalOtherIncomeExpensesNet": 1800000,
    "incomeBeforeTax": 44600000,
    "incomeBeforeTaxRatio": 0.1215590079,
    "incomeTaxExpense": 17000000,
    "netIncome": 27600000,
    "netIncomeRatio": 0.0752248569,
    "eps": 1.01,
    "epsdiluted": 1.01,
    "weightedAverageShsOut": 27448000,
    "weightedAverageShsOutDil": 27448000,
    "link": "",
    "finalLink": ""
  },
  {
    "date": "1988-04-30",
    "symbol": "SJM",
    "reportedCurrency": "USD",
    "cik": "0000091419",
    "fillingDate": "1988-04-30",
    "acceptedDate": "1988-04-29 20:00:00",
    "calendarYear": "1988",
    "period": "FY",
    "revenue": 314200000,
    "costOfRevenue": 198100000,
    "grossProfit": 116100000,
    "grossProfitRatio": 0.3695098663,
    "researchAndDevelopmentExpenses": 0,
    "generalAndAdministrativeExpenses": 0,
    "sellingAndMarketingExpenses": 0,
    "sellingGeneralAndAdministrativeExpenses": 70500000,
    "otherExpenses": 45600000,
    "operatingExpenses": 116100000,
    "costAndExpenses": 314200000,
    "interestIncome": 0,
    "interestExpense": 0,
    "depreciationAndAmortization": 8000000,
    "ebitda": 45600000,
    "ebitdaratio": 0.1451304901,
    "operatingIncome": 37600000,
    "operatingIncomeRatio": 0.1196690006,
    "totalOtherIncomeExpensesNet": 1000000,
    "incomeBeforeTax": 38600000,
    "incomeBeforeTaxRatio": 0.1228516868,
    "incomeTaxExpense": 15700000,
    "netIncome": 22900000,
    "netIncomeRatio": 0.0728835137,
    "eps": 0.83,
    "epsdiluted": 0.83,
    "weightedAverageShsOut": 27448000,
    "weightedAverageShsOutDil": 27448000,
    "link": "",
    "finalLink": ""
  },
  {
    "date": "1987-04-30",
    "symbol": "SJM",
    "reportedCurrency": "USD",
    "cik": "0000091419",
    "fillingDate": "1987-04-30",
    "acceptedDate": "1987-04-29 20:00:00",
    "calendarYear": "1987",
    "period": "FY",
    "revenue": 288300000,
    "costOfRevenue": 185500000,
    "grossProfit": 102800000,
    "grossProfitRatio": 0.3565730142,
    "researchAndDevelopmentExpenses": 0,
    "generalAndAdministrativeExpenses": 0,
    "sellingAndMarketingExpenses": 0,
    "sellingGeneralAndAdministrativeExpenses": 62000000,
    "otherExpenses": 40800000,
    "operatingExpenses": 102800000,
    "costAndExpenses": 288300000,
    "interestIncome": 0,
    "interestExpense": 1200000,
    "depreciationAndAmortization": 6700000,
    "ebitda": 40800000,
    "ebitdaratio": 0.1415192508,
    "operatingIncome": 34100000,
    "operatingIncomeRatio": 0.1182795699,
    "totalOtherIncomeExpensesNet": 700000,
    "incomeBeforeTax": 34800000,
    "incomeBeforeTaxRatio": 0.1207075963,
    "incomeTaxExpense": 17100000,
    "netIncome": 17700000,
    "netIncomeRatio": 0.0613943809,
    "eps": 0.64,
    "epsdiluted": 0.64,
    "weightedAverageShsOut": 27448000,
    "weightedAverageShsOutDil": 27448000,
    "link": "",
    "finalLink": ""
  },
  {
    "date": "1986-04-30",
    "symbol": "SJM",
    "reportedCurrency": "USD",
    "cik": "0000091419",
    "fillingDate": "1986-04-30",
    "acceptedDate": "1986-04-29 20:00:00",
    "calendarYear": "1986",
    "period": "FY",
    "revenue": 262800000,
    "costOfRevenue": 169900000,
    "grossProfit": 92900000,
    "grossProfitRatio": 0.353500761,
    "researchAndDevelopmentExpenses": 0,
    "generalAndAdministrativeExpenses": 0,
    "sellingAndMarketingExpenses": 0,
    "sellingGeneralAndAdministrativeExpenses": 58100000,
    "otherExpenses": 34800000,
    "operatingExpenses": 92900000,
    "costAndExpenses": 262800000,
    "interestIncome": 0,
    "interestExpense": 0,
    "depreciationAndAmortization": 5800000,
    "ebitda": 34800000,
    "ebitdaratio": 0.1324200913,
    "operatingIncome": 29000000,
    "operatingIncomeRatio": 0.1103500761,
    "totalOtherIncomeExpensesNet": 1100000,
    "incomeBeforeTax": 30100000,
    "incomeBeforeTaxRatio": 0.1145357686,
    "incomeTaxExpense": 14200000,
    "netIncome": 15900000,
    "netIncomeRatio": 0.0605022831,
    "eps": 0.58,
    "epsdiluted": 0.58,
    "weightedAverageShsOut": 27448000,
    "weightedAverageShsOutDil": 27448000,
    "link": "",
    "finalLink": ""
  }
]