[
  {
    "date": "2025-06-30",
    "symbol": "SMCI",
    "reportedCurrency": "USD",
    "cik": "0001375365",
    "fillingDate": "2025-08-28",
    "acceptedDate": "2025-08-28 17:00:22",
    "calendarYear": "2025",
    "period": "Q4",
    "revenue": 5756911000,
    "costOfRevenue": 5212809000,
    "grossProfit": 544102000,
    "grossProfitRatio": 0.0945128386,
    "researchAndDevelopmentExpenses": 183221000,
    "generalAndAdministrativeExpenses": 67751000,
    "sellingAndMarketingExpenses": 64739000,
    "sellingGeneralAndAdministrativeExpenses": 132490000,
    "otherExpenses": 0,
    "operatingExpenses": 315711000,
    "costAndExpenses": 5528520000,
    "interestIncome": 0,
    "interestExpense": 22282000,
    "depreciationAndAmortization": 18636000,
    "ebitda": 263643000,
    "ebitdaratio": 0.0457959138,
    "operatingIncome": 228391000,
    "operatingIncomeRatio": 0.039672491,
    "totalOtherIncomeExpensesNet": -5666000,
    "incomeBeforeTax": 222725000,
    "incomeBeforeTaxRatio": 0.0386882827,
    "incomeTaxExpense": 19307000,
    "netIncome": 195154000,
    "netIncomeRatio": 0.0338990823,
    "eps": 0.33,
    "epsdiluted": 0.31,
    "weightedAverageShsOut": 597627000,
    "weightedAverageShsOutDil": 624671000,
    "link": "https://www.sec.gov/Archives/edgar/data/1375365/000137536525000027/0001375365-25-000027-index.htm",
    "finalLink": "https://www.sec.gov/Archives/edgar/data/1375365/000137536525000027/smci-20250630.htm"
  },
  {
    "date": "2025-03-31",
    "symbol": "SMCI",
    "reportedCurrency": "USD",
    "cik": "0001375365",
    "fillingDate": "2025-05-12",
    "acceptedDate": "2025-05-12 16:18:10",
    "calendarYear": "2025",
    "period": "Q3",
    "revenue": 4599913000,
    "costOfRevenue": 4159695000,
    "grossProfit": 440218000,
    "grossProfitRatio": 0.0957013752,
    "researchAndDevelopmentExpenses": 162857000,
    "generalAndAdministrativeExpenses": 70603000,
    "sellingAndMarketingExpenses": 59978000,
    "sellingGeneralAndAdministrativeExpenses": 130581000,
    "otherExpenses": 0,
    "operatingExpenses": 293438000,
    "costAndExpenses": 4453133000,
    "interestIncome": 0,
    "interestExpense": 13402000,
    "depreciationAndAmortization": 10745000,
    "ebitda": 139212000,
    "ebitdaratio": 0.0302640506,
    "operatingIncome": 146780000,
    "operatingIncomeRatio": 0.0319092992,
    "totalOtherIncomeExpensesNet": -32160000,
    "incomeBeforeTax": 115065000,
    "incomeBeforeTaxRatio": 0.0250146035,
    "incomeTaxExpense": 5843000,
    "netIncome": 108777000,
    "netIncomeRatio": 0.0236476212,
    "eps": 0.18,
    "epsdiluted": 0.17,
    "weightedAverageShsOut": 595041000,
    "weightedAverageShsOutDil": 621809000,
    "link": "https://www.sec.gov/Archives/edgar/data/1375365/000137536525000014/0001375365-25-000014-index.htm",
    "finalLink": "https://www.sec.gov/Archives/edgar/data/1375365/000137536525000014/smci-20250331.htm"
  },
  {
    "date": "2024-12-31",
    "symbol": "SMCI",
    "reportedCurrency": "USD",
    "cik": "0001375365",
    "fillingDate": "2025-02-25",
    "acceptedDate": "2025-02-25 16:49:29",
    "calendarYear": "2025",
    "period": "Q2",
    "revenue": 5677962000,
    "costOfRevenue": 5007940000,
    "grossProfit": 670022000,
    "grossProfitRatio": 0.1180039599,
    "researchAndDevelopmentExpenses": 158229000,
    "generalAndAdministrativeExpenses": 63601000,
    "sellingAndMarketingExpenses": 79568000,
    "sellingGeneralAndAdministrativeExpenses": 143169000,
    "otherExpenses": 0,
    "operatingExpenses": 301398000,
    "costAndExpenses": 5309338000,
    "interestIncome": 0,
    "interestExpense": 6535000,
    "depreciationAndAmortization": 14883000,
    "ebitda": 396466000,
    "ebitdaratio": 0.0698254057,
    "operatingIncome": 368624000,
    "operatingIncomeRatio": 0.0649218857,
    "totalOtherIncomeExpensesNet": 8941000,
    "incomeBeforeTax": 377565000,
    "incomeBeforeTaxRatio": 0.0664965704,
    "incomeTaxExpense": 56969000,
    "netIncome": 320596000,
    "netIncomeRatio": 0.0564632169,
    "eps": 0.54,
    "epsdiluted": 0.5,
    "weightedAverageShsOut": 592507000,
    "weightedAverageShsOutDil": 636047000,
    "link": "https://www.sec.gov/Archives/edgar/data/1375365/000137536525000006/0001375365-25-000006-index.htm",
    "finalLink": "https://www.sec.gov/Archives/edgar/data/1375365/000137536525000006/smci-20241231.htm"
  },
  {
    "date": "2024-09-30",
    "symbol": "SMCI",
    "reportedCurrency": "USD",
    "cik": "0001375365",
    "fillingDate": "2025-02-25",
    "acceptedDate": "2025-02-25 16:47:28",
    "calendarYear": "2025",
    "period": "Q1",
    "revenue": 5937256000,
    "costOfRevenue": 5161676000,
    "grossProfit": 775580000,
    "grossProfitRatio": 0.1306293682,
    "researchAndDevelopmentExpenses": 132243000,
    "generalAndAdministrativeExpenses": 65284000,
    "sellingAndMarketingExpenses": 68854000,
    "sellingGeneralAndAdministrativeExpenses": 134138000,
    "otherExpenses": 0,
    "operatingExpenses": 266381000,
    "costAndExpenses": 5428057000,
    "interestIncome": 0,
    "interestExpense": 17354000,
    "depreciationAndAmortization": 14080000,
    "ebitda": 530512000,
    "ebitdaratio": 0.0893530614,
    "operatingIncome": 509199000,
    "operatingIncomeRatio": 0.085763356,
    "totalOtherIncomeExpensesNet": -10121000,
    "incomeBeforeTax": 499078000,
    "incomeBeforeTaxRatio": 0.0840586965,
    "incomeTaxExpense": 74732000,
    "netIncome": 424327000,
    "netIncomeRatio": 0.071468537,
    "eps": 0.72,
    "epsdiluted": 0.67,
    "weightedAverageShsOut": 589558000,
    "weightedAverageShsOutDil": 639148000,
    "link": "https://www.sec.gov/Archives/edgar/data/1375365/000137536525000005/0001375365-25-000005-index.htm",
    "finalLink": "https://www.sec.gov/Archives/edgar/data/1375365/000137536525000005/smci-20240930.htm"
  },
  {
    "date": "2024-06-30",
    "symbol": "SMCI",
    "reportedCurrency": "USD",
    "cik": "0001375365",
    "fillingDate": "2024-08-06",
    "acceptedDate": "2024-08-06 16:26:52",
    "calendarYear": "2024",
    "period": "Q4",
    "revenue": 5354589000,
    "costOfRevenue": 4808560000,
    "grossProfit": 546029000,
    "grossProfitRatio": 0.1019740264,
    "researchAndDevelopmentExpenses": 127471000,
    "generalAndAdministrativeExpenses": 74109000,
    "sellingAndMarketingExpenses": 55963000,
    "sellingGeneralAndAdministrativeExpenses": 130072000,
    "otherExpenses": 0,
    "operatingExpenses": 257543000,
    "costAndExpenses": 5066103000,
    "interestIncome": 0,
    "interestExpense": 3112000,
    "depreciationAndAmortization": 11811000,
    "ebitda": 314252000,
    "ebitdaratio": 0.0586883512,
    "operatingIncome": 288486000,
    "operatingIncomeRatio": 0.053876404,
    "totalOtherIncomeExpensesNet": 10843000,
    "incomeBeforeTax": 299329000,
    "incomeBeforeTaxRatio": 0.055901396,
    "incomeTaxExpense": 1559000,
    "netIncome": 297244000,
    "netIncomeRatio": 0.0555120104,
    "eps": 0.6,
    "epsdiluted": 0.55,
    "weightedAverageShsOut": 586880000,
    "weightedAverageShsOutDil": 642080000,
    "link": "https://www.sec.gov/Archives/edgar/data/1375365/000137536525000004/0001375365-25-000004-index.htm",
    "finalLink": "https://www.sec.gov/Archives/edgar/data/1375365/000137536525000004/smci-20240630.htm"
  },
  {
    "date": "2024-03-31",
    "symbol": "SMCI",
    "reportedCurrency": "USD",
    "cik": "0001375365",
    "fillingDate": "2024-05-06",
    "acceptedDate": "2024-05-03 20:13:15",
    "calendarYear": "2024",
    "period": "Q3",
    "revenue": 3850066000,
    "costOfRevenue": 3252698000,
    "grossProfit": 597368000,
    "grossProfitRatio": 0.1551578596,
    "researchAndDevelopmentExpenses": 116226000,
    "generalAndAdministrativeExpenses": 53137000,
    "sellingAndMarketingExpenses": 49691000,
    "sellingGeneralAndAdministrativeExpenses": 102828000,
    "otherExpenses": 0,
    "operatingExpenses": 219054000,
    "costAndExpenses": 3471752000,
    "interestIncome": 0,
    "interestExpense": 6246000,
    "depreciationAndAmortization": 10399000,
    "ebitda": 398748000,
    "ebitdaratio": 0.1035691336,
    "operatingIncome": 378314000,
    "operatingIncomeRatio": 0.0982616921,
    "totalOtherIncomeExpensesNet": 3789000,
    "incomeBeforeTax": 382103000,
    "incomeBeforeTaxRatio": 0.0992458311,
    "incomeTaxExpense": -19983000,
    "netIncome": 402459000,
    "netIncomeRatio": 0.1045330132,
    "eps": 0.71,
    "epsdiluted": 0.66,
    "weightedAverageShsOut": 564780000,
    "weightedAverageShsOutDil": 614310000,
    "link": "https://www.sec.gov/Archives/edgar/data/1375365/000137536524000022/0001375365-24-000022-index.htm",
    "finalLink": "https://www.sec.gov/Archives/edgar/data/1375365/000137536524000022/smci-20240331.htm"
  },
  {
    "date": "2023-12-31",
    "symbol": "SMCI",
    "reportedCurrency": "USD",
    "cik": "0001375365",
    "fillingDate": "2024-02-02",
    "acceptedDate": "2024-02-02 16:14:38",
    "calendarYear": "2024",
    "period": "Q2",
    "revenue": 3664924000,
    "costOfRevenue": 3100602000,
    "grossProfit": 564322000,
    "grossProfitRatio": 0.1539791821,
    "researchAndDevelopmentExpenses": 108824000,
    "generalAndAdministrativeExpenses": 37180000,
    "sellingAndMarketingExpenses": 46854000,
    "sellingGeneralAndAdministrativeExpenses": 84034000,
    "otherExpenses": 0,
    "operatingExpenses": 192858000,
    "costAndExpenses": 3293460000,
    "interestIncome": 0,
    "interestExpense": 8131000,
    "depreciationAndAmortization": 9620000,
    "ebitda": 373198000,
    "ebitdaratio": 0.1018296696,
    "operatingIncome": 371464000,
    "operatingIncomeRatio": 0.1013565356,
    "totalOtherIncomeExpensesNet": -16017000,
    "incomeBeforeTax": 355447000,
    "incomeBeforeTaxRatio": 0.0969861858,
    "incomeTaxExpense": 61503000,
    "netIncome": 295968000,
    "netIncomeRatio": 0.080756927,
    "eps": 0.55,
    "epsdiluted": 0.51,
    "weightedAverageShsOut": 541350000,
    "weightedAverageShsOutDil": 580780000,
    "link": "https://www.sec.gov/Archives/edgar/data/1375365/000137536524000011/0001375365-24-000011-index.htm",
    "finalLink": "https://www.sec.gov/Archives/edgar/data/1375365/000137536524000011/smci-20231231.htm"
  },
  {
    "date": "2023-09-30",
    "symbol": "SMCI",
    "reportedCurrency": "USD",
    "cik": "0001375365",
    "fillingDate": "2023-11-03",
    "acceptedDate": "2023-11-03 16:38:39",
    "calendarYear": "2024",
    "period": "Q1",
    "revenue": 2119672000,
    "costOfRevenue": 1765981000,
    "grossProfit": 353691000,
    "grossProfitRatio": 0.1668611936,
    "researchAndDevelopmentExpenses": 111027000,
    "generalAndAdministrativeExpenses": 32924000,
    "sellingAndMarketingExpenses": 37230000,
    "sellingGeneralAndAdministrativeExpenses": 70154000,
    "otherExpenses": 0,
    "operatingExpenses": 181181000,
    "costAndExpenses": 1947162000,
    "interestIncome": 0,
    "interestExpense": 1863000,
    "depreciationAndAmortization": 9155000,
    "ebitda": 188278000,
    "ebitdaratio": 0.08882412,
    "operatingIncome": 172510000,
    "operatingIncomeRatio": 0.0813852332,
    "totalOtherIncomeExpensesNet": 4750000,
    "incomeBeforeTax": 177260000,
    "incomeBeforeTaxRatio": 0.0836261459,
    "incomeTaxExpense": 20215000,
    "netIncome": 156995000,
    "netIncomeRatio": 0.0740657045,
    "eps": 0.3,
    "epsdiluted": 0.28,
    "weightedAverageShsOut": 530930000,
    "weightedAverageShsOutDil": 571850000,
    "link": "https://www.sec.gov/Archives/edgar/data/1375365/000137536523000041/0001375365-23-000041-index.htm",
    "finalLink": "https://www.sec.gov/Archives/edgar/data/1375365/000137536523000041/smci-20230930.htm"
  },
  {
    "date": "2023-06-30",
    "symbol": "SMCI",
    "reportedCurrency": "USD",
    "cik": "0001375365",
    "fillingDate": "2023-08-28",
    "acceptedDate": "2023-08-25 19:32:29",
    "calendarYear": "2023",
    "period": "Q4",
    "revenue": 2184861000,
    "costOfRevenue": 1813165000,
    "grossProfit": 371696000,
    "grossProfitRatio": 0.1701234083,
    "researchAndDevelopmentExpenses": 84802000,
    "generalAndAdministrativeExpenses": 28234000,
    "sellingAndMarketingExpenses": 31905000,
    "sellingGeneralAndAdministrativeExpenses": 60139000,
    "otherExpenses": 0,
    "operatingExpenses": 144941000,
    "costAndExpenses": 1958106000,
    "interestIncome": 0,
    "interestExpense": 3509000,
    "depreciationAndAmortization": 8972000,
    "ebitda": 235727000,
    "ebitdaratio": 0.1078910741,
    "operatingIncome": 226755000,
    "operatingIncomeRatio": 0.1037846344,
    "totalOtherIncomeExpensesNet": -1504000,
    "incomeBeforeTax": 225251000,
    "incomeBeforeTaxRatio": 0.103096261,
    "incomeTaxExpense": 31302000,
    "netIncome": 193569000,
    "netIncomeRatio": 0.0885955674,
    "eps": 0.37,
    "epsdiluted": 0.34,
    "weightedAverageShsOut": 526790000,
    "weightedAverageShsOutDil": 565050000,
    "link": "https://www.sec.gov/Archives/edgar/data/1375365/000137536523000036/0001375365-23-000036-index.htm",
    "finalLink": "https://www.sec.gov/Archives/edgar/data/1375365/000137536523000036/smci-20230630.htm"
  },
  {
    "date": "2023-03-31",
    "symbol": "SMCI",
    "reportedCurrency": "USD",
    "cik": "0001375365",
    "fillingDate": "2023-05-05",
    "acceptedDate": "2023-05-05 16:08:51",
    "calendarYear": "2023",
    "period": "Q3",
    "revenue": 1283296000,
    "costOfRevenue": 1056937000,
    "grossProfit": 226359000,
    "grossProfitRatio": 0.1763887677,
    "researchAndDevelopmentExpenses": 77515000,
    "generalAndAdministrativeExpenses": 24450000,
    "sellingAndMarketingExpenses": 25312000,
    "sellingGeneralAndAdministrativeExpenses": 49762000,
    "otherExpenses": -78000,
    "operatingExpenses": 127277000,
    "costAndExpenses": 1184214000,
    "interestIncome": 0,
    "interestExpense": 1288000,
    "depreciationAndAmortization": 8736000,
    "ebitda": 107818000,
    "ebitdaratio": 0.0840164701,
    "operatingIncome": 73623000,
    "operatingIncomeRatio": 0.0573702404,
    "totalOtherIncomeExpensesNet": -1366000,
    "incomeBeforeTax": 97716000,
    "incomeBeforeTaxRatio": 0.0761445528,
    "incomeTaxExpense": 10857000,
    "netIncome": 85846000,
    "netIncomeRatio": 0.066894933,
    "eps": 0.16,
    "epsdiluted": 0.15,
    "weightedAverageShsOut": 532800000,
    "weightedAverageShsOutDil": 562330000,
    "link": "https://www.sec.gov/Archives/edgar/data/1375365/000137536523000028/0001375365-23-000028-index.htm",
    "finalLink": "https://www.sec.gov/Archives/edgar/data/1375365/000137536523000028/smci-20230331.htm"
  },
  {
    "date": "2022-12-31",
    "symbol": "SMCI",
    "reportedCurrency": "USD",
    "cik": "0001375365",
    "fillingDate": "2023-02-03",
    "acceptedDate": "2023-02-03 16:17:12",
    "calendarYear": "2023",
    "period": "Q2",
    "revenue": 1803195000,
    "costOfRevenue": 1465773000,
    "grossProfit": 337422000,
    "grossProfitRatio": 0.1871245206,
    "researchAndDevelopmentExpenses": 70700000,
    "generalAndAdministrativeExpenses": 23095000,
    "sellingAndMarketingExpenses": 28445000,
    "sellingGeneralAndAdministrativeExpenses": 51540000,
    "otherExpenses": 0,
    "operatingExpenses": 122240000,
    "costAndExpenses": 1588013000,
    "interestIncome": 0,
    "interestExpense": 1756000,
    "depreciationAndAmortization": 8649000,
    "ebitda": 223831000,
    "ebitdaratio": 0.1241302244,
    "operatingIncome": 215182000,
    "operatingIncomeRatio": 0.1193337382,
    "totalOtherIncomeExpensesNet": -8091000,
    "incomeBeforeTax": 207091000,
    "incomeBeforeTaxRatio": 0.1148467027,
    "incomeTaxExpense": 29573000,
    "netIncome": 176167000,
    "netIncomeRatio": 0.0976971431,
    "eps": 0.33,
    "epsdiluted": 0.31,
    "weightedAverageShsOut": 531600000,
    "weightedAverageShsOutDil": 561440000,
    "link": "https://www.sec.gov/Archives/edgar/data/1375365/000137536523000012/0001375365-23-000012-index.htm",
    "finalLink": "https://www.sec.gov/Archives/edgar/data/1375365/000137536523000012/smci-20221231.htm"
  },
  {
    "date": "2022-09-30",
    "symbol": "SMCI",
    "reportedCurrency": "USD",
    "cik": "0001375365",
    "fillingDate": "2022-11-04",
    "acceptedDate": "2022-11-04 16:31:57",
    "calendarYear": "2023",
    "period": "Q1",
    "revenue": 1852130000,
    "costOfRevenue": 1504595000,
    "grossProfit": 347535000,
    "grossProfitRatio": 0.1876407164,
    "researchAndDevelopmentExpenses": 74243000,
    "generalAndAdministrativeExpenses": 23806000,
    "sellingAndMarketingExpenses": 29363000,
    "sellingGeneralAndAdministrativeExpenses": 53169000,
    "otherExpenses": 0,
    "operatingExpenses": 127412000,
    "costAndExpenses": 1632007000,
    "interestIncome": 0,
    "interestExpense": 3938000,
    "depreciationAndAmortization": 8547000,
    "ebitda": 228670000,
    "ebitdaratio": 0.1234632558,
    "operatingIncome": 220123000,
    "operatingIncomeRatio": 0.1188485689,
    "totalOtherIncomeExpensesNet": 4116000,
    "incomeBeforeTax": 224239000,
    "incomeBeforeTaxRatio": 0.1210708752,
    "incomeTaxExpense": 38934000,
    "netIncome": 184416000,
    "netIncomeRatio": 0.0995696846,
    "eps": 0.35,
    "epsdiluted": 0.34,
    "weightedAverageShsOut": 525980000,
    "weightedAverageShsOutDil": 550170000,
    "link": "https://www.sec.gov/Archives/edgar/data/1375365/000137536522000119/0001375365-22-000119-index.htm",
    "finalLink": "https://www.sec.gov/Archives/edgar/data/1375365/000137536522000119/smci-20220930.htm"
  },
  {
    "date": "2022-06-30",
    "symbol": "SMCI",
    "reportedCurrency": "USD",
    "cik": "0001375365",
    "fillingDate": "2022-08-29",
    "acceptedDate": "2022-08-26 19:14:09",
    "calendarYear": "2022",
    "period": "Q4",
    "revenue": 1635460000,
    "costOfRevenue": 1348116000,
    "grossProfit": 287344000,
    "grossProfitRatio": 0.1756961344,
    "researchAndDevelopmentExpenses": 70790000,
    "generalAndAdministrativeExpenses": 27155000,
    "sellingAndMarketingExpenses": 24186000,
    "sellingGeneralAndAdministrativeExpenses": 51341000,
    "otherExpenses": 0,
    "operatingExpenses": 122131000,
    "costAndExpenses": 1470247000,
    "interestIncome": 0,
    "interestExpense": 2928000,
    "depreciationAndAmortization": 8422000,
    "ebitda": 173635000,
    "ebitdaratio": 0.1061689066,
    "operatingIncome": 165213000,
    "operatingIncomeRatio": 0.1010192851,
    "totalOtherIncomeExpensesNet": 1045000,
    "incomeBeforeTax": 166258000,
    "incomeBeforeTaxRatio": 0.1016582491,
    "incomeTaxExpense": 25760000,
    "netIncome": 140822000,
    "netIncomeRatio": 0.0861054382,
    "eps": 0.27,
    "epsdiluted": 0.26,
    "weightedAverageShsOut": 521110000,
    "weightedAverageShsOutDil": 542600000,
    "link": "https://www.sec.gov/Archives/edgar/data/1375365/000137536522000103/0001375365-22-000103-index.htm",
    "finalLink": "https://www.sec.gov/Archives/edgar/data/1375365/000137536522000103/smci-20220630.htm"
  },
  {
    "date": "2022-03-31",
    "symbol": "SMCI",
    "reportedCurrency": "USD",
    "cik": "0001375365",
    "fillingDate": "2022-05-06",
    "acceptedDate": "2022-05-06 16:21:31",
    "calendarYear": "2022",
    "period": "Q3",
    "revenue": 1355490000,
    "costOfRevenue": 1144715000,
    "grossProfit": 210775000,
    "grossProfitRatio": 0.155497274,
    "researchAndDevelopmentExpenses": 70869000,
    "generalAndAdministrativeExpenses": 27773000,
    "sellingAndMarketingExpenses": 22356000,
    "sellingGeneralAndAdministrativeExpenses": 50129000,
    "otherExpenses": 0,
    "operatingExpenses": 120998000,
    "costAndExpenses": 1265713000,
    "interestIncome": 0,
    "interestExpense": 1531000,
    "depreciationAndAmortization": 8368000,
    "ebitda": 98145000,
    "ebitdaratio": 0.0724055508,
    "operatingIncome": 89777000,
    "operatingIncomeRatio": 0.0662321375,
    "totalOtherIncomeExpensesNet": 3132000,
    "incomeBeforeTax": 92909000,
    "incomeBeforeTaxRatio": 0.068542741,
    "incomeTaxExpense": 16192000,
    "netIncome": 76972000,
    "netIncomeRatio": 0.0567853691,
    "eps": 0.15,
    "epsdiluted": 0.14,
    "weightedAverageShsOut": 517080000,
    "weightedAverageShsOutDil": 537860000,
    "link": "https://www.sec.gov/Archives/edgar/data/1375365/000137536522000058/0001375365-22-000058-index.htm",
    "finalLink": "https://www.sec.gov/Archives/edgar/data/1375365/000137536522000058/smci-20220331.htm"
  },
  {
    "date": "2021-12-31",
    "symbol": "SMCI",
    "reportedCurrency": "USD",
    "cik": "0001375365",
    "fillingDate": "2022-02-04",
    "acceptedDate": "2022-02-04 17:02:26",
    "calendarYear": "2022",
    "period": "Q2",
    "revenue": 1172419000,
    "costOfRevenue": 1008676000,
    "grossProfit": 163743000,
    "grossProfitRatio": 0.1396625268,
    "researchAndDevelopmentExpenses": 65471000,
    "generalAndAdministrativeExpenses": 25263000,
    "sellingAndMarketingExpenses": 21960000,
    "sellingGeneralAndAdministrativeExpenses": 47223000,
    "otherExpenses": -607000,
    "operatingExpenses": 112694000,
    "costAndExpenses": 1121370000,
    "interestIncome": 0,
    "interestExpense": 1150000,
    "depreciationAndAmortization": 8133000,
    "ebitda": 51049000,
    "ebitdaratio": 0.0435416007,
    "operatingIncome": 51049000,
    "operatingIncomeRatio": 0.0435416007,
    "totalOtherIncomeExpensesNet": -1757000,
    "incomeBeforeTax": 49292000,
    "incomeBeforeTaxRatio": 0.0420429898,
    "incomeTaxExpense": 7599000,
    "netIncome": 41932000,
    "netIncomeRatio": 0.0357653706,
    "eps": 0.082,
    "epsdiluted": 0.078,
    "weightedAverageShsOut": 513140000,
    "weightedAverageShsOutDil": 535110000,
    "link": "https://www.sec.gov/Archives/edgar/data/1375365/000137536522000013/0001375365-22-000013-index.htm",
    "finalLink": "https://www.sec.gov/Archives/edgar/data/1375365/000137536522000013/smci-20211231.htm"
  },
  {
    "date": "2021-09-30",
    "symbol": "SMCI",
    "reportedCurrency": "USD",
    "cik": "0001375365",
    "fillingDate": "2021-11-05",
    "acceptedDate": "2021-11-05 16:31:45",
    "calendarYear": "2022",
    "period": "Q1",
    "revenue": 1032730000,
    "costOfRevenue": 894591000,
    "grossProfit": 138139000,
    "grossProfitRatio": 0.1337610024,
    "researchAndDevelopmentExpenses": 65143000,
    "generalAndAdministrativeExpenses": 22244000,
    "sellingAndMarketingExpenses": 21624000,
    "sellingGeneralAndAdministrativeExpenses": 43868000,
    "otherExpenses": 50000,
    "operatingExpenses": 109011000,
    "costAndExpenses": 1003602000,
    "interestIncome": 0,
    "interestExpense": 804000,
    "depreciationAndAmortization": 7548000,
    "ebitda": 36676000,
    "ebitdaratio": 0.0355136386,
    "operatingIncome": 29128000,
    "operatingIncomeRatio": 0.0282048551,
    "totalOtherIncomeExpensesNet": -754000,
    "incomeBeforeTax": 28374000,
    "incomeBeforeTaxRatio": 0.0274747514,
    "incomeTaxExpense": 3325000,
    "netIncome": 25437000,
    "netIncomeRatio": 0.0246308328,
    "eps": 0.05,
    "epsdiluted": 0.048,
    "weightedAverageShsOut": 507960000,
    "weightedAverageShsOutDil": 529160000,
    "link": "https://www.sec.gov/Archives/edgar/data/1375365/000137536521000083/0001375365-21-000083-index.htm",
    "finalLink": "https://www.sec.gov/Archives/edgar/data/1375365/000137536521000083/smci-20210930.htm"
  },
  {
    "date": "2021-06-30",
    "symbol": "SMCI",
    "reportedCurrency": "USD",
    "cik": "0001375365",
    "fillingDate": "2021-08-27",
    "acceptedDate": "2021-08-27 16:41:42",
    "calendarYear": "2021",
    "period": "Q4",
    "revenue": 1068985000,
    "costOfRevenue": 923474000,
    "grossProfit": 145511000,
    "grossProfitRatio": 0.1361207126,
    "researchAndDevelopmentExpenses": 58930000,
    "generalAndAdministrativeExpenses": 24675000,
    "sellingAndMarketingExpenses": 22825000,
    "sellingGeneralAndAdministrativeExpenses": 47500000,
    "otherExpenses": 0,
    "operatingExpenses": 106430000,
    "costAndExpenses": 1029904000,
    "interestIncome": 0,
    "interestExpense": 635000,
    "depreciationAndAmortization": 6881000,
    "ebitda": 45962000,
    "ebitdaratio": 0.042995926,
    "operatingIncome": 39081000,
    "operatingIncomeRatio": 0.0365589788,
    "totalOtherIncomeExpensesNet": -2106000,
    "incomeBeforeTax": 36975000,
    "incomeBeforeTaxRatio": 0.0345888857,
    "incomeTaxExpense": -1605000,
    "netIncome": 39162000,
    "netIncomeRatio": 0.0366347517,
    "eps": 0.078,
    "epsdiluted": 0.074,
    "weightedAverageShsOut": 502300000,
    "weightedAverageShsOutDil": 527820000,
    "link": "https://www.sec.gov/Archives/edgar/data/1375365/000137536521000060/0001375365-21-000060-index.htm",
    "finalLink": "https://www.sec.gov/Archives/edgar/data/1375365/000137536521000060/smci-20210630.htm"
  },
  {
    "date": "2021-03-31",
    "symbol": "SMCI",
    "reportedCurrency": "USD",
    "cik": "0001375365",
    "fillingDate": "2021-05-07",
    "acceptedDate": "2021-05-07 16:04:27",
    "calendarYear": "2021",
    "period": "Q3",
    "revenue": 895881000,
    "costOfRevenue": 772864000,
    "grossProfit": 123017000,
    "grossProfitRatio": 0.1373139959,
    "researchAndDevelopmentExpenses": 57912000,
    "generalAndAdministrativeExpenses": 26224000,
    "sellingAndMarketingExpenses": 21826000,
    "sellingGeneralAndAdministrativeExpenses": 48050000,
    "otherExpenses": 0,
    "operatingExpenses": 105962000,
    "costAndExpenses": 878826000,
    "interestIncome": 0,
    "interestExpense": 607000,
    "depreciationAndAmortization": 6877000,
    "ebitda": 23932000,
    "ebitdaratio": 0.0267133693,
    "operatingIncome": 17055000,
    "operatingIncomeRatio": 0.0190371266,
    "totalOtherIncomeExpensesNet": 1410000,
    "incomeBeforeTax": 18465000,
    "incomeBeforeTaxRatio": 0.0206109963,
    "incomeTaxExpense": -227000,
    "netIncome": 18428000,
    "netIncomeRatio": 0.0205696962,
    "eps": 0.036,
    "epsdiluted": 0.035,
    "weightedAverageShsOut": 505530000,
    "weightedAverageShsOutDil": 532180000,
    "link": "https://www.sec.gov/Archives/edgar/data/1375365/000137536521000034/0001375365-21-000034-index.htm",
    "finalLink": "https://www.sec.gov/Archives/edgar/data/1375365/000137536521000034/smci-20210331.htm"
  },
  {
    "date": "2020-12-31",
    "symbol": "SMCI",
    "reportedCurrency": "USD",
    "cik": "0001375365",
    "fillingDate": "2021-02-05",
    "acceptedDate": "2021-02-05 17:08:14",
    "calendarYear": "2021",
    "period": "Q2",
    "revenue": 830306000,
    "costOfRevenue": 694211000,
    "grossProfit": 136095000,
    "grossProfitRatio": 0.1639094503,
    "researchAndDevelopmentExpenses": 52729000,
    "generalAndAdministrativeExpenses": 25261000,
    "sellingAndMarketingExpenses": 20740000,
    "sellingGeneralAndAdministrativeExpenses": 46001000,
    "otherExpenses": 0,
    "operatingExpenses": 98730000,
    "costAndExpenses": 792941000,
    "interestIncome": 0,
    "interestExpense": 569000,
    "depreciationAndAmortization": 6910000,
    "ebitda": 44275000,
    "ebitdaratio": 0.0533237144,
    "operatingIncome": 37365000,
    "operatingIncomeRatio": 0.0450014814,
    "totalOtherIncomeExpensesNet": -3108000,
    "incomeBeforeTax": 34257000,
    "incomeBeforeTaxRatio": 0.0412582831,
    "incomeTaxExpense": 5108000,
    "netIncome": 27674000,
    "netIncomeRatio": 0.0333298808,
    "eps": 0.054,
    "epsdiluted": 0.052,
    "weightedAverageShsOut": 514990000,
    "weightedAverageShsOutDil": 535840000,
    "link": "https://www.sec.gov/Archives/edgar/data/1375365/000137536521000011/0001375365-21-000011-index.htm",
    "finalLink": "https://www.sec.gov/Archives/edgar/data/1375365/000137536521000011/smci-20201231.htm"
  },
  {
    "date": "2020-09-30",
    "symbol": "SMCI",
    "reportedCurrency": "USD",
    "cik": "0001375365",
    "fillingDate": "2020-11-06",
    "acceptedDate": "2020-11-06 16:05:01",
    "calendarYear": "2021",
    "period": "Q1",
    "revenue": 762250000,
    "costOfRevenue": 632335000,
    "grossProfit": 129915000,
    "grossProfitRatio": 0.1704362086,
    "researchAndDevelopmentExpenses": 54798000,
    "generalAndAdministrativeExpenses": 24379000,
    "sellingAndMarketingExpenses": 20292000,
    "sellingGeneralAndAdministrativeExpenses": 44671000,
    "otherExpenses": -841000,
    "operatingExpenses": 99469000,
    "costAndExpenses": 731804000,
    "interestIncome": 0,
    "interestExpense": 674000,
    "depreciationAndAmortization": 7517000,
    "ebitda": 37963000,
    "ebitdaratio": 0.0498038701,
    "operatingIncome": 30446000,
    "operatingIncomeRatio": 0.0399422762,
    "totalOtherIncomeExpensesNet": -1515000,
    "incomeBeforeTax": 28931000,
    "incomeBeforeTaxRatio": 0.0379547393,
    "incomeTaxExpense": 3660000,
    "netIncome": 26601000,
    "netIncomeRatio": 0.0348979993,
    "eps": 0.051,
    "epsdiluted": 0.049,
    "weightedAverageShsOut": 523290000,
    "weightedAverageShsOutDil": 544260000,
    "link": "https://www.sec.gov/Archives/edgar/data/1375365/000137536520000074/0001375365-20-000074-index.htm",
    "finalLink": "https://www.sec.gov/Archives/edgar/data/1375365/000137536520000074/smci-20200930.htm"
  },
  {
    "date": "2020-06-30",
    "symbol": "SMCI",
    "reportedCurrency": "USD",
    "cik": "0001375365",
    "fillingDate": "2020-08-31",
    "acceptedDate": "2020-08-28 21:58:36",
    "calendarYear": "2020",
    "period": "Q4",
    "revenue": 896126000,
    "costOfRevenue": 772609000,
    "grossProfit": 123517000,
    "grossProfitRatio": 0.1378344117,
    "researchAndDevelopmentExpenses": 66748000,
    "generalAndAdministrativeExpenses": 26261000,
    "sellingAndMarketingExpenses": 21080000,
    "sellingGeneralAndAdministrativeExpenses": 47341000,
    "otherExpenses": -700000,
    "operatingExpenses": 114089000,
    "costAndExpenses": 886698000,
    "interestIncome": 0,
    "interestExpense": 606000,
    "depreciationAndAmortization": 7500000,
    "ebitda": 34428000,
    "ebitdaratio": 0.0384187045,
    "operatingIncome": 9428000,
    "operatingIncomeRatio": 0.0105208419,
    "totalOtherIncomeExpensesNet": -1306000,
    "incomeBeforeTax": 8122000,
    "incomeBeforeTaxRatio": 0.0090634576,
    "incomeTaxExpense": -6860000,
    "netIncome": 18450000,
    "netIncomeRatio": 0.0205886226,
    "eps": 0.035,
    "epsdiluted": 0.034,
    "weightedAverageShsOut": 522400000,
    "weightedAverageShsOutDil": 542180000,
    "link": "https://www.sec.gov/Archives/edgar/data/1375365/000137536520000064/0001375365-20-000064-index.htm",
    "finalLink": "https://www.sec.gov/Archives/edgar/data/1375365/000137536520000064/smci-2020630x10k.htm"
  },
  {
    "date": "2020-03-31",
    "symbol": "SMCI",
    "reportedCurrency": "USD",
    "cik": "0001375365",
    "fillingDate": "2020-05-11",
    "acceptedDate": "2020-05-08 17:37:14",
    "calendarYear": "2020",
    "period": "Q3",
    "revenue": 772408000,
    "costOfRevenue": 639048000,
    "grossProfit": 133360000,
    "grossProfitRatio": 0.1726548663,
    "researchAndDevelopmentExpenses": 49586000,
    "generalAndAdministrativeExpenses": 46342000,
    "sellingAndMarketingExpenses": 21886000,
    "sellingGeneralAndAdministrativeExpenses": 68228000,
    "otherExpenses": 937000,
    "operatingExpenses": 117814000,
    "costAndExpenses": 756862000,
    "interestIncome": 0,
    "interestExpense": 518000,
    "depreciationAndAmortization": 7083000,
    "ebitda": 22629000,
    "ebitdaratio": 0.0292966929,
    "operatingIncome": 15546000,
    "operatingIncomeRatio": 0.0201266688,
    "totalOtherIncomeExpensesNet": 419000,
    "incomeBeforeTax": 15965000,
    "incomeBeforeTaxRatio": 0.0206691282,
    "incomeTaxExpense": -899000,
    "netIncome": 15807000,
    "netIncomeRatio": 0.0204645731,
    "eps": 0.031,
    "epsdiluted": 0.029,
    "weightedAverageShsOut": 515260000,
    "weightedAverageShsOutDil": 536930000,
    "link": "https://www.sec.gov/Archives/edgar/data/1375365/000137536520000033/0001375365-20-000033-index.htm",
    "finalLink": "https://www.sec.gov/Archives/edgar/data/1375365/000137536520000033/smci-20200331x10q.htm"
  },
  {
    "date": "2019-12-31",
    "symbol": "SMCI",
    "reportedCurrency": "USD",
    "cik": "0001375365",
    "fillingDate": "2020-02-07",
    "acceptedDate": "2020-02-07 17:32:34",
    "calendarYear": "2020",
    "period": "Q2",
    "revenue": 870943000,
    "costOfRevenue": 732539000,
    "grossProfit": 138404000,
    "grossProfitRatio": 0.1589128106,
    "researchAndDevelopmentExpenses": 55572000,
    "generalAndAdministrativeExpenses": 33040000,
    "sellingAndMarketingExpenses": 21977000,
    "sellingGeneralAndAdministrativeExpenses": 55017000,
    "otherExpenses": -416000,
    "operatingExpenses": 110589000,
    "costAndExpenses": 843128000,
    "interestIncome": 0,
    "interestExpense": 560000,
    "depreciationAndAmortization": 7063000,
    "ebitda": 34878000,
    "ebitdaratio": 0.0400462487,
    "operatingIncome": 27815000,
    "operatingIncomeRatio": 0.031936648,
    "totalOtherIncomeExpensesNet": -976000,
    "incomeBeforeTax": 26839000,
    "incomeBeforeTaxRatio": 0.0308160236,
    "incomeTaxExpense": 2113000,
    "netIncome": 23706000,
    "netIncomeRatio": 0.0272187732,
    "eps": 0.047,
    "epsdiluted": 0.046,
    "weightedAverageShsOut": 501810000,
    "weightedAverageShsOutDil": 520090000,
    "link": "https://www.sec.gov/Archives/edgar/data/1375365/000137536520000011/0001375365-20-000011-index.htm",
    "finalLink": "https://www.sec.gov/Archives/edgar/data/1375365/000137536520000011/smci-20191231x10q.htm"
  },
  {
    "date": "2019-09-30",
    "symbol": "SMCI",
    "reportedCurrency": "USD",
    "cik": "0001375365",
    "fillingDate": "2019-12-20",
    "acceptedDate": "2019-12-20 16:06:46",
    "calendarYear": "2020",
    "period": "Q1",
    "revenue": 799804000,
    "costOfRevenue": 668875000,
    "grossProfit": 130929000,
    "grossProfitRatio": 0.1637013568,
    "researchAndDevelopmentExpenses": 49572000,
    "generalAndAdministrativeExpenses": 28298000,
    "sellingAndMarketingExpenses": 20194000,
    "sellingGeneralAndAdministrativeExpenses": 48492000,
    "otherExpenses": 0,
    "operatingExpenses": 98064000,
    "costAndExpenses": 766939000,
    "interestIncome": 0,
    "interestExpense": 552000,
    "depreciationAndAmortization": 6826000,
    "ebitda": 41280000,
    "ebitdaratio": 0.0516126451,
    "operatingIncome": 32865000,
    "operatingIncomeRatio": 0.0410913174,
    "totalOtherIncomeExpensesNet": 1037000,
    "incomeBeforeTax": 33902000,
    "incomeBeforeTaxRatio": 0.042387885,
    "incomeTaxExpense": 8568000,
    "netIncome": 26345000,
    "netIncomeRatio": 0.0329393201,
    "eps": 0.052,
    "epsdiluted": 0.051,
    "weightedAverageShsOut": 502740000,
    "weightedAverageShsOutDil": 517040000,
    "link": "https://www.sec.gov/Archives/edgar/data/1375365/000137536519000084/0001375365-19-000084-index.htm",
    "finalLink": "https://www.sec.gov/Archives/edgar/data/1375365/000137536519000084/smci-20190930x10q.htm"
  },
  {
    "date": "2019-06-30",
    "symbol": "SMCI",
    "reportedCurrency": "USD",
    "cik": "0001375365",
    "fillingDate": "2019-12-19",
    "acceptedDate": "2019-12-19 17:28:59",
    "calendarYear": "2019",
    "period": "Q4",
    "revenue": 854234000,
    "costOfRevenue": 722200000,
    "grossProfit": 132034000,
    "grossProfitRatio": 0.1545642061,
    "researchAndDevelopmentExpenses": 46189000,
    "generalAndAdministrativeExpenses": 35014000,
    "sellingAndMarketingExpenses": 20691000,
    "sellingGeneralAndAdministrativeExpenses": 55705000,
    "otherExpenses": 0,
    "operatingExpenses": 101894000,
    "costAndExpenses": 824094000,
    "interestIncome": 0,
    "interestExpense": 1210000,
    "depreciationAndAmortization": 6017000,
    "ebitda": 34430000,
    "ebitdaratio": 0.0403051155,
    "operatingIncome": 30140000,
    "operatingIncomeRatio": 0.0352830723,
    "totalOtherIncomeExpensesNet": -2937000,
    "incomeBeforeTax": 27203000,
    "incomeBeforeTaxRatio": 0.0318449043,
    "incomeTaxExpense": 4344000,
    "netIncome": 23710000,
    "netIncomeRatio": 0.0277558608,
    "eps": 0.0473,
    "epsdiluted": 0.0459,
    "weightedAverageShsOut": 500955000,
    "weightedAverageShsOutDil": 517100000,
    "link": "https://www.sec.gov/Archives/edgar/data/1375365/000137536519000079/0001375365-19-000079-index.htm",
    "finalLink": "https://www.sec.gov/Archives/edgar/data/1375365/000137536519000079/smci-2019630x10k.htm"
  },
  {
    "date": "2019-03-31",
    "symbol": "SMCI",
    "reportedCurrency": "USD",
    "cik": "0001375365",
    "fillingDate": "2019-12-19",
    "acceptedDate": "2019-12-19 17:26:00",
    "calendarYear": "2019",
    "period": "Q3",
    "revenue": 743499000,
    "costOfRevenue": 631172000,
    "grossProfit": 112327000,
    "grossProfitRatio": 0.1510788851,
    "researchAndDevelopmentExpenses": 44800000,
    "generalAndAdministrativeExpenses": 36174000,
    "sellingAndMarketingExpenses": 18494000,
    "sellingGeneralAndAdministrativeExpenses": 54668000,
    "otherExpenses": -86000,
    "operatingExpenses": 99468000,
    "costAndExpenses": 730640000,
    "interestIncome": 0,
    "interestExpense": 1271000,
    "depreciationAndAmortization": 6076000,
    "ebitda": 18849000,
    "ebitdaratio": 0.025351749,
    "operatingIncome": 12859000,
    "operatingIncomeRatio": 0.0172952485,
    "totalOtherIncomeExpensesNet": -1357000,
    "incomeBeforeTax": 11502000,
    "incomeBeforeTaxRatio": 0.0154700948,
    "incomeTaxExpense": 497000,
    "netIncome": 10646000,
    "netIncomeRatio": 0.0143187819,
    "eps": 0.021,
    "epsdiluted": 0.021,
    "weightedAverageShsOut": 499880000,
    "weightedAverageShsOutDil": 515580000,
    "link": "https://www.sec.gov/Archives/edgar/data/1375365/000137536519000078/0001375365-19-000078-index.htm",
    "finalLink": "https://www.sec.gov/Archives/edgar/data/1375365/000137536519000078/smci-20190331x10q.htm"
  },
  {
    "date": "2018-12-31",
    "symbol": "SMCI",
    "reportedCurrency": "USD",
    "cik": "0001375365",
    "fillingDate": "2019-12-19",
    "acceptedDate": "2019-12-19 17:23:33",
    "calendarYear": "2019",
    "period": "Q2",
    "revenue": 931509000,
    "costOfRevenue": 803587000,
    "grossProfit": 127922000,
    "grossProfitRatio": 0.1373277123,
    "researchAndDevelopmentExpenses": 45924000,
    "generalAndAdministrativeExpenses": 36580000,
    "sellingAndMarketingExpenses": 19677000,
    "sellingGeneralAndAdministrativeExpenses": 56257000,
    "otherExpenses": 624000,
    "operatingExpenses": 102181000,
    "costAndExpenses": 905768000,
    "interestIncome": 0,
    "interestExpense": 1831000,
    "depreciationAndAmortization": 6163000,
    "ebitda": 32528000,
    "ebitdaratio": 0.0349196841,
    "operatingIncome": 25741000,
    "operatingIncomeRatio": 0.0276336568,
    "totalOtherIncomeExpensesNet": -1207000,
    "incomeBeforeTax": 24534000,
    "incomeBeforeTaxRatio": 0.0263379098,
    "incomeTaxExpense": 4520000,
    "netIncome": 18220000,
    "netIncomeRatio": 0.0195596607,
    "eps": 0.037,
    "epsdiluted": 0.036,
    "weightedAverageShsOut": 498440000,
    "weightedAverageShsOutDil": 508100000,
    "link": "https://www.sec.gov/Archives/edgar/data/1375365/000137536519000077/0001375365-19-000077-index.htm",
    "finalLink": "https://www.sec.gov/Archives/edgar/data/1375365/000137536519000077/smci-20181231x10q.htm"
  },
  {
    "date": "2018-09-30",
    "symbol": "SMCI",
    "reportedCurrency": "USD",
    "cik": "0001375365",
    "fillingDate": "2019-12-19",
    "acceptedDate": "2019-12-19 17:20:51",
    "calendarYear": "2019",
    "period": "Q1",
    "revenue": 971118000,
    "costOfRevenue": 847879000,
    "grossProfit": 123239000,
    "grossProfitRatio": 0.1269042485,
    "researchAndDevelopmentExpenses": 42994000,
    "generalAndAdministrativeExpenses": 33460000,
    "sellingAndMarketingExpenses": 18292000,
    "sellingGeneralAndAdministrativeExpenses": 51752000,
    "otherExpenses": 169000,
    "operatingExpenses": 94746000,
    "costAndExpenses": 942625000,
    "interestIncome": 0,
    "interestExpense": 2378000,
    "depreciationAndAmortization": 5946000,
    "ebitda": 34608000,
    "ebitdaratio": 0.0356372758,
    "operatingIncome": 28493000,
    "operatingIncomeRatio": 0.0293404097,
    "totalOtherIncomeExpensesNet": -2209000,
    "incomeBeforeTax": 26284000,
    "incomeBeforeTaxRatio": 0.0270657119,
    "incomeTaxExpense": 5523000,
    "netIncome": 19342000,
    "netIncomeRatio": 0.01991725,
    "eps": 0.039,
    "epsdiluted": 0.037,
    "weightedAverageShsOut": 497040000,
    "weightedAverageShsOutDil": 522180000,
    "link": "https://www.sec.gov/Archives/edgar/data/1375365/000137536519000076/0001375365-19-000076-index.htm",
    "finalLink": "https://www.sec.gov/Archives/edgar/data/1375365/000137536519000076/smci-20180930x10q.htm"
  },
  {
    "date": "2018-06-30",
    "symbol": "SMCI",
    "reportedCurrency": "USD",
    "cik": "0001375365",
    "fillingDate": "2018-06-30",
    "acceptedDate": "2018-06-30 00:00:00",
    "calendarYear": "2018",
    "period": "Q4",
    "revenue": 981662000,
    "costOfRevenue": 849333000,
    "grossProfit": 132329000,
    "grossProfitRatio": 0.1348009804,
    "researchAndDevelopmentExpenses": 42608000,
    "generalAndAdministrativeExpenses": 30311000,
    "sellingAndMarketingExpenses": 17895000,
    "sellingGeneralAndAdministrativeExpenses": 48206000,
    "otherExpenses": 805000,
    "operatingExpenses": 90814000,
    "costAndExpenses": 940147000,
    "interestIncome": 0,
    "interestExpense": 2229000,
    "depreciationAndAmortization": 5660000,
    "ebitda": 47980000,
    "ebitdaratio": 0.0488762935,
    "operatingIncome": 41515000,
    "operatingIncomeRatio": 0.0422905236,
    "totalOtherIncomeExpensesNet": -1424000,
    "incomeBeforeTax": 40091000,
    "incomeBeforeTaxRatio": 0.0408399225,
    "incomeTaxExpense": 12718000,
    "netIncome": 26274000,
    "netIncomeRatio": 0.0267648131,
    "eps": 0.0531,
    "epsdiluted": 0.0503,
    "weightedAverageShsOut": 495245000,
    "weightedAverageShsOutDil": 521845000,
    "link": null,
    "finalLink": null
  },
  {
    "date": "2018-03-31",
    "symbol": "SMCI",
    "reportedCurrency": "USD",
    "cik": "0001375365",
    "fillingDate": "2018-03-31",
    "acceptedDate": "2018-03-31 00:00:00",
    "calendarYear": "2018",
    "period": "Q3",
    "revenue": 835110000,
    "costOfRevenue": 729193000,
    "grossProfit": 105917000,
    "grossProfitRatio": 0.1268299984,
    "researchAndDevelopmentExpenses": 42284000,
    "generalAndAdministrativeExpenses": 23555000,
    "sellingAndMarketingExpenses": 18893000,
    "sellingGeneralAndAdministrativeExpenses": 42448000,
    "otherExpenses": -388000,
    "operatingExpenses": 84732000,
    "costAndExpenses": 813925000,
    "interestIncome": 0,
    "interestExpense": 1326000,
    "depreciationAndAmortization": 5982000,
    "ebitda": 26779000,
    "ebitdaratio": 0.0320664344,
    "operatingIncome": 21185000,
    "operatingIncomeRatio": 0.0253679156,
    "totalOtherIncomeExpensesNet": -1714000,
    "incomeBeforeTax": 19471000,
    "incomeBeforeTaxRatio": 0.0233154914,
    "incomeTaxExpense": 4159000,
    "netIncome": 14595000,
    "netIncomeRatio": 0.0174767396,
    "eps": 0.03,
    "epsdiluted": 0.028,
    "weightedAverageShsOut": 494250000,
    "weightedAverageShsOutDil": 516790000,
    "link": null,
    "finalLink": null
  },
  {
    "date": "2017-12-31",
    "symbol": "SMCI",
    "reportedCurrency": "USD",
    "cik": "0001375365",
    "fillingDate": "2017-12-31",
    "acceptedDate": "2017-12-31 00:00:00",
    "calendarYear": "2018",
    "period": "Q2",
    "revenue": 826983000,
    "costOfRevenue": 721289000,
    "grossProfit": 105694000,
    "grossProfitRatio": 0.1278067385,
    "researchAndDevelopmentExpenses": 39544000,
    "generalAndAdministrativeExpenses": 25460000,
    "sellingAndMarketingExpenses": 17995000,
    "sellingGeneralAndAdministrativeExpenses": 43455000,
    "otherExpenses": -394000,
    "operatingExpenses": 82999000,
    "costAndExpenses": 804288000,
    "interestIncome": 0,
    "interestExpense": 1088000,
    "depreciationAndAmortization": 5602000,
    "ebitda": 27903000,
    "ebitdaratio": 0.0337407178,
    "operatingIncome": 22695000,
    "operatingIncomeRatio": 0.0274431276,
    "totalOtherIncomeExpensesNet": -1482000,
    "incomeBeforeTax": 21213000,
    "incomeBeforeTaxRatio": 0.0256510714,
    "incomeTaxExpense": 20840000,
    "netIncome": -783000,
    "netIncomeRatio": -0.0009468151,
    "eps": -0.0016,
    "epsdiluted": -0.0016,
    "weightedAverageShsOut": 493350000,
    "weightedAverageShsOutDil": 493350000,
    "link": null,
    "finalLink": null
  },
  {
    "date": "2017-09-30",
    "symbol": "SMCI",
    "reportedCurrency": "USD",
    "cik": "0001375365",
    "fillingDate": "2017-09-30",
    "acceptedDate": "2017-09-30 00:00:00",
    "calendarYear": "2018",
    "period": "Q1",
    "revenue": 716737000,
    "costOfRevenue": 630683000,
    "grossProfit": 86054000,
    "grossProfitRatio": 0.1200635659,
    "researchAndDevelopmentExpenses": 40668000,
    "generalAndAdministrativeExpenses": 19271000,
    "sellingAndMarketingExpenses": 16796000,
    "sellingGeneralAndAdministrativeExpenses": 36067000,
    "otherExpenses": 0,
    "operatingExpenses": 76735000,
    "costAndExpenses": 707418000,
    "interestIncome": 0,
    "interestExpense": 1083000,
    "depreciationAndAmortization": 4602000,
    "ebitda": 13125000,
    "ebitdaratio": 0.0183121563,
    "operatingIncome": 9319000,
    "operatingIncomeRatio": 0.0130019798,
    "totalOtherIncomeExpensesNet": -1879000,
    "incomeBeforeTax": 7440000,
    "incomeBeforeTaxRatio": 0.0103803766,
    "incomeTaxExpense": 726000,
    "netIncome": 6079000,
    "netIncomeRatio": 0.0084814932,
    "eps": 0.012,
    "epsdiluted": 0.012,
    "weightedAverageShsOut": 490970000,
    "weightedAverageShsOutDil": 524490000,
    "link": null,
    "finalLink": null
  },
  {
    "date": "2017-06-30",
    "symbol": "SMCI",
    "reportedCurrency": "USD",
    "cik": "0001375365",
    "fillingDate": "2019-05-17",
    "acceptedDate": "2019-05-16 18:49:48",
    "calendarYear": "2017",
    "period": "Q4",
    "revenue": 717869000,
    "costOfRevenue": 621071000,
    "grossProfit": 96798000,
    "grossProfitRatio": 0.1348407579,
    "researchAndDevelopmentExpenses": 38264000,
    "generalAndAdministrativeExpenses": 12247000,
    "sellingAndMarketingExpenses": 18790000,
    "sellingGeneralAndAdministrativeExpenses": 31037000,
    "otherExpenses": 0,
    "operatingExpenses": 69301000,
    "costAndExpenses": 690372000,
    "interestIncome": 0,
    "interestExpense": 599000,
    "depreciationAndAmortization": 4158000,
    "ebitda": 21995000,
    "ebitdaratio": 0.0306392949,
    "operatingIncome": 27497000,
    "operatingIncomeRatio": 0.0383036459,
    "totalOtherIncomeExpensesNet": -2225000,
    "incomeBeforeTax": 26691000,
    "incomeBeforeTaxRatio": 0.0371808784,
    "incomeTaxExpense": 9561000,
    "netIncome": 17130000,
    "netIncomeRatio": 0.0238622924,
    "eps": 0.035,
    "epsdiluted": 0.033,
    "weightedAverageShsOut": 488040000,
    "weightedAverageShsOutDil": 518660000,
    "link": "https://www.sec.gov/Archives/edgar/data/1375365/000137536519000039/0001375365-19-000039-index.htm",
    "finalLink": "https://www.sec.gov/Archives/edgar/data/1375365/000137536519000039/smci-2017630x10kxa.htm"
  },
  {
    "date": "2017-03-31",
    "symbol": "SMCI",
    "reportedCurrency": "USD",
    "cik": "0001375365",
    "fillingDate": "2017-05-10",
    "acceptedDate": "2017-05-10 16:51:11",
    "calendarYear": "2017",
    "period": "Q3",
    "revenue": 631124000,
    "costOfRevenue": 542798000,
    "grossProfit": 88326000,
    "grossProfitRatio": 0.1399503109,
    "researchAndDevelopmentExpenses": 35870000,
    "generalAndAdministrativeExpenses": 12874000,
    "sellingAndMarketingExpenses": 17167000,
    "sellingGeneralAndAdministrativeExpenses": 30041000,
    "otherExpenses": 0,
    "operatingExpenses": 65911000,
    "costAndExpenses": 608709000,
    "interestIncome": 0,
    "interestExpense": 558000,
    "depreciationAndAmortization": 4057000,
    "ebitda": 25582000,
    "ebitdaratio": 0.0405340313,
    "operatingIncome": 22415000,
    "operatingIncomeRatio": 0.035516,
    "totalOtherIncomeExpensesNet": -2152000,
    "incomeBeforeTax": 21806000,
    "incomeBeforeTaxRatio": 0.0345510549,
    "incomeTaxExpense": 5140000,
    "netIncome": 16666000,
    "netIncomeRatio": 0.0264068551,
    "eps": 0.034,
    "epsdiluted": 0.032,
    "weightedAverageShsOut": 484450000,
    "weightedAverageShsOutDil": 519180000,
    "link": "https://www.sec.gov/Archives/edgar/data/1375365/000162828017005370/0001628280-17-005370-index.htm",
    "finalLink": "https://www.sec.gov/Archives/edgar/data/1375365/000162828017005370/smci-20170331x10q.htm"
  },
  {
    "date": "2016-12-31",
    "symbol": "SMCI",
    "reportedCurrency": "USD",
    "cik": "0001375365",
    "fillingDate": "2017-02-07",
    "acceptedDate": "2017-02-07 17:24:04",
    "calendarYear": "2017",
    "period": "Q2",
    "revenue": 651954000,
    "costOfRevenue": 558576000,
    "grossProfit": 93378000,
    "grossProfitRatio": 0.1432278964,
    "researchAndDevelopmentExpenses": 34033000,
    "generalAndAdministrativeExpenses": 9429000,
    "sellingAndMarketingExpenses": 18153000,
    "sellingGeneralAndAdministrativeExpenses": 27582000,
    "otherExpenses": 0,
    "operatingExpenses": 61615000,
    "costAndExpenses": 620191000,
    "interestIncome": 45000,
    "interestExpense": 452000,
    "depreciationAndAmortization": 3909000,
    "ebitda": 37430000,
    "ebitdaratio": 0.057412026,
    "operatingIncome": 31763000,
    "operatingIncomeRatio": 0.0487196949,
    "totalOtherIncomeExpensesNet": 193000,
    "incomeBeforeTax": 31311000,
    "incomeBeforeTaxRatio": 0.0480263945,
    "incomeTaxExpense": 9315000,
    "netIncome": 21996000,
    "netIncomeRatio": 0.0337385766,
    "eps": 0.046,
    "epsdiluted": 0.043,
    "weightedAverageShsOut": 481240000,
    "weightedAverageShsOutDil": 515210000,
    "link": "https://www.sec.gov/Archives/edgar/data/1375365/000162828017000961/0001628280-17-000961-index.htm",
    "finalLink": "https://www.sec.gov/Archives/edgar/data/1375365/000162828017000961/smci-20161231x10q.htm"
  },
  {
    "date": "2016-09-30",
    "symbol": "SMCI",
    "reportedCurrency": "USD",
    "cik": "0001375365",
    "fillingDate": "2016-11-07",
    "acceptedDate": "2016-11-07 17:04:35",
    "calendarYear": "2017",
    "period": "Q1",
    "revenue": 528968000,
    "costOfRevenue": 448904000,
    "grossProfit": 80064000,
    "grossProfitRatio": 0.1513588724,
    "researchAndDevelopmentExpenses": 33191000,
    "generalAndAdministrativeExpenses": 10755000,
    "sellingAndMarketingExpenses": 15916000,
    "sellingGeneralAndAdministrativeExpenses": 26671000,
    "otherExpenses": 0,
    "operatingExpenses": 59862000,
    "costAndExpenses": 508766000,
    "interestIncome": 29000,
    "interestExpense": 301000,
    "depreciationAndAmortization": 3802000,
    "ebitda": 26225000,
    "ebitdaratio": 0.0495776682,
    "operatingIncome": 20202000,
    "operatingIncomeRatio": 0.0381913462,
    "totalOtherIncomeExpensesNet": -779000,
    "incomeBeforeTax": 19901000,
    "incomeBeforeTaxRatio": 0.0376223136,
    "incomeTaxExpense": 6369000,
    "netIncome": 13532000,
    "netIncomeRatio": 0.0255818878,
    "eps": 0.028,
    "epsdiluted": 0.026,
    "weightedAverageShsOut": 481650000,
    "weightedAverageShsOutDil": 511200000,
    "link": "https://www.sec.gov/Archives/edgar/data/1375365/000162828016020941/0001628280-16-020941-index.htm",
    "finalLink": "https://www.sec.gov/Archives/edgar/data/1375365/000162828016020941/smci-20160930x10q.htm"
  },
  {
    "date": "2016-06-30",
    "symbol": "SMCI",
    "reportedCurrency": "USD",
    "cik": "0001375365",
    "fillingDate": "2016-08-26",
    "acceptedDate": "2016-08-26 17:30:40",
    "calendarYear": "2016",
    "period": "Q4",
    "revenue": 524270000,
    "costOfRevenue": 450474000,
    "grossProfit": 73796000,
    "grossProfitRatio": 0.1407595323,
    "researchAndDevelopmentExpenses": 34148000,
    "generalAndAdministrativeExpenses": 10145000,
    "sellingAndMarketingExpenses": 17664000,
    "sellingGeneralAndAdministrativeExpenses": 27809000,
    "otherExpenses": 0,
    "operatingExpenses": 61957000,
    "costAndExpenses": 512431000,
    "interestIncome": 40000,
    "interestExpense": 413000,
    "depreciationAndAmortization": 3744000,
    "ebitda": 15583000,
    "ebitdaratio": 0.0297232342,
    "operatingIncome": 11839000,
    "operatingIncomeRatio": 0.0225818758,
    "totalOtherIncomeExpensesNet": -413000,
    "incomeBeforeTax": 11426000,
    "incomeBeforeTaxRatio": 0.0217941137,
    "incomeTaxExpense": 4455000,
    "netIncome": 6971000,
    "netIncomeRatio": 0.0132965838,
    "eps": 0.014,
    "epsdiluted": 0.013,
    "weightedAverageShsOut": 484630000,
    "weightedAverageShsOutDil": 522740000,
    "link": "https://www.sec.gov/Archives/edgar/data/1375365/000162828016019274/0001628280-16-019274-index.htm",
    "finalLink": "https://www.sec.gov/Archives/edgar/data/1375365/000162828016019274/smci-2016630x10k.htm"
  },
  {
    "date": "2016-03-31",
    "symbol": "SMCI",
    "reportedCurrency": "USD",
    "cik": "0001375365",
    "fillingDate": "2016-05-06",
    "acceptedDate": "2016-05-05 20:06:44",
    "calendarYear": "2016",
    "period": "Q3",
    "revenue": 532721000,
    "costOfRevenue": 453569000,
    "grossProfit": 79152000,
    "grossProfitRatio": 0.1485805891,
    "researchAndDevelopmentExpenses": 31256000,
    "generalAndAdministrativeExpenses": 8984000,
    "sellingAndMarketingExpenses": 14467000,
    "sellingGeneralAndAdministrativeExpenses": 23451000,
    "otherExpenses": 0,
    "operatingExpenses": 54707000,
    "costAndExpenses": 508276000,
    "interestIncome": 20000,
    "interestExpense": 397000,
    "depreciationAndAmortization": 3585000,
    "ebitda": 28030000,
    "ebitdaratio": 0.0526166605,
    "operatingIncome": 24445000,
    "operatingIncomeRatio": 0.0458870591,
    "totalOtherIncomeExpensesNet": -270000,
    "incomeBeforeTax": 24048000,
    "incomeBeforeTaxRatio": 0.0451418285,
    "incomeTaxExpense": 7386000,
    "netIncome": 16662000,
    "netIncomeRatio": 0.0312771601,
    "eps": 0.035,
    "epsdiluted": 0.032,
    "weightedAverageShsOut": 480470000,
    "weightedAverageShsOutDil": 522380000,
    "link": "https://www.sec.gov/Archives/edgar/data/1375365/000162828016015755/0001628280-16-015755-index.htm",
    "finalLink": "https://www.sec.gov/Archives/edgar/data/1375365/000162828016015755/smci-20160331x10q.htm"
  },
  {
    "date": "2015-12-31",
    "symbol": "SMCI",
    "reportedCurrency": "USD",
    "cik": "0001375365",
    "fillingDate": "2016-02-04",
    "acceptedDate": "2016-02-04 17:06:31",
    "calendarYear": "2016",
    "period": "Q2",
    "revenue": 638964000,
    "costOfRevenue": 532602000,
    "grossProfit": 106362000,
    "grossProfitRatio": 0.1664600823,
    "researchAndDevelopmentExpenses": 30264000,
    "generalAndAdministrativeExpenses": 10511000,
    "sellingAndMarketingExpenses": 16461000,
    "sellingGeneralAndAdministrativeExpenses": 26972000,
    "otherExpenses": 0,
    "operatingExpenses": 57236000,
    "costAndExpenses": 589838000,
    "interestIncome": 24000,
    "interestExpense": 400000,
    "depreciationAndAmortization": 3200000,
    "ebitda": 50814000,
    "ebitdaratio": 0.0795256071,
    "operatingIncome": 49126000,
    "operatingIncomeRatio": 0.0768838307,
    "totalOtherIncomeExpensesNet": -1042000,
    "incomeBeforeTax": 48750000,
    "incomeBeforeTaxRatio": 0.0762953781,
    "incomeTaxExpense": 14061000,
    "netIncome": 34689000,
    "netIncomeRatio": 0.0542894435,
    "eps": 0.073,
    "epsdiluted": 0.067,
    "weightedAverageShsOut": 476510000,
    "weightedAverageShsOutDil": 514890000,
    "link": "https://www.sec.gov/Archives/edgar/data/1375365/000162828016010768/0001628280-16-010768-index.htm",
    "finalLink": "https://www.sec.gov/Archives/edgar/data/1375365/000162828016010768/smci-20151231x10q.htm"
  },
  {
    "date": "2015-09-30",
    "symbol": "SMCI",
    "reportedCurrency": "USD",
    "cik": "0001375365",
    "fillingDate": "2015-11-16",
    "acceptedDate": "2015-11-16 17:08:38",
    "calendarYear": "2016",
    "period": "Q1",
    "revenue": 530235000,
    "costOfRevenue": 447403000,
    "grossProfit": 82832000,
    "grossProfitRatio": 0.1562175262,
    "researchAndDevelopmentExpenses": 28326000,
    "generalAndAdministrativeExpenses": 8200000,
    "sellingAndMarketingExpenses": 14249000,
    "sellingGeneralAndAdministrativeExpenses": 22449000,
    "otherExpenses": 0,
    "operatingExpenses": 50775000,
    "costAndExpenses": 498178000,
    "interestIncome": 87000,
    "interestExpense": 324000,
    "depreciationAndAmortization": 2753000,
    "ebitda": 27958000,
    "ebitdaratio": 0.0527275642,
    "operatingIncome": 32057000,
    "operatingIncomeRatio": 0.0604580988,
    "totalOtherIncomeExpensesNet": -237000,
    "incomeBeforeTax": 31820000,
    "incomeBeforeTaxRatio": 0.0600111271,
    "incomeTaxExpense": 11326000,
    "netIncome": 20494000,
    "netIncomeRatio": 0.0386507869,
    "eps": 0.043,
    "epsdiluted": 0.04,
    "weightedAverageShsOut": 475170000,
    "weightedAverageShsOutDil": 513520000,
    "link": "https://www.sec.gov/Archives/edgar/data/1375365/000162828015008828/0001628280-15-008828-index.htm",
    "finalLink": "https://www.sec.gov/Archives/edgar/data/1375365/000162828015008828/smci-2015930x10q.htm"
  },
  {
    "date": "2015-06-30",
    "symbol": "SMCI",
    "reportedCurrency": "USD",
    "cik": "0001375365",
    "fillingDate": "2015-09-10",
    "acceptedDate": "2015-09-10 09:01:43",
    "calendarYear": "2015",
    "period": "Q4",
    "revenue": 573594000,
    "costOfRevenue": 483828000,
    "grossProfit": 89766000,
    "grossProfitRatio": 0.1564974529,
    "researchAndDevelopmentExpenses": 27741000,
    "generalAndAdministrativeExpenses": 7043000,
    "sellingAndMarketingExpenses": 14195000,
    "sellingGeneralAndAdministrativeExpenses": 21238000,
    "otherExpenses": 0,
    "operatingExpenses": 48979000,
    "costAndExpenses": 532807000,
    "interestIncome": 23000,
    "interestExpense": 309000,
    "depreciationAndAmortization": 2203000,
    "ebitda": 39790000,
    "ebitdaratio": 0.0693696238,
    "operatingIncome": 40787000,
    "operatingIncomeRatio": 0.071107787,
    "totalOtherIncomeExpensesNet": -286000,
    "incomeBeforeTax": 40501000,
    "incomeBeforeTaxRatio": 0.0706091765,
    "incomeTaxExpense": 13799000,
    "netIncome": 26702000,
    "netIncomeRatio": 0.0465520909,
    "eps": 0.056,
    "epsdiluted": 0.051,
    "weightedAverageShsOut": 473270000,
    "weightedAverageShsOutDil": 519900000,
    "link": "https://www.sec.gov/Archives/edgar/data/1375365/000162828015008827/0001628280-15-008827-index.htm",
    "finalLink": "https://www.sec.gov/Archives/edgar/data/1375365/000162828015008827/smci-2015630x10ka_20151116.htm"
  },
  {
    "date": "2015-03-31",
    "symbol": "SMCI",
    "reportedCurrency": "USD",
    "cik": "0001375365",
    "fillingDate": "2015-05-07",
    "acceptedDate": "2015-05-07 17:05:57",
    "calendarYear": "2015",
    "period": "Q3",
    "revenue": 471225000,
    "costOfRevenue": 394405000,
    "grossProfit": 76820000,
    "grossProfitRatio": 0.163021911,
    "researchAndDevelopmentExpenses": 25542000,
    "generalAndAdministrativeExpenses": 7334000,
    "sellingAndMarketingExpenses": 12496000,
    "sellingGeneralAndAdministrativeExpenses": 19830000,
    "otherExpenses": 0,
    "operatingExpenses": 45372000,
    "costAndExpenses": 439777000,
    "interestIncome": 21000,
    "interestExpense": 277000,
    "depreciationAndAmortization": 2085000,
    "ebitda": 33533000,
    "ebitdaratio": 0.0711613348,
    "operatingIncome": 31448000,
    "operatingIncomeRatio": 0.0667366969,
    "totalOtherIncomeExpensesNet": -256000,
    "incomeBeforeTax": 31192000,
    "incomeBeforeTaxRatio": 0.066193432,
    "incomeTaxExpense": 8136000,
    "netIncome": 23056000,
    "netIncomeRatio": 0.0489277946,
    "eps": 0.049,
    "epsdiluted": 0.044,
    "weightedAverageShsOut": 468240000,
    "weightedAverageShsOutDil": 520080000,
    "link": "https://www.sec.gov/Archives/edgar/data/1375365/000162828015003900/0001628280-15-003900-index.htm",
    "finalLink": "https://www.sec.gov/Archives/edgar/data/1375365/000162828015003900/smci-20150331x10q.htm"
  },
  {
    "date": "2014-12-31",
    "symbol": "SMCI",
    "reportedCurrency": "USD",
    "cik": "0001375365",
    "fillingDate": "2015-02-09",
    "acceptedDate": "2015-02-09 16:54:08",
    "calendarYear": "2015",
    "period": "Q2",
    "revenue": 503014000,
    "costOfRevenue": 418562000,
    "grossProfit": 84452000,
    "grossProfitRatio": 0.1678919473,
    "researchAndDevelopmentExpenses": 25465000,
    "generalAndAdministrativeExpenses": 4944000,
    "sellingAndMarketingExpenses": 11158000,
    "sellingGeneralAndAdministrativeExpenses": 16102000,
    "otherExpenses": 0,
    "operatingExpenses": 41567000,
    "costAndExpenses": 460129000,
    "interestIncome": 36000,
    "interestExpense": 183000,
    "depreciationAndAmortization": 1998000,
    "ebitda": 44883000,
    "ebitdaratio": 0.0892281328,
    "operatingIncome": 42885000,
    "operatingIncomeRatio": 0.0852560764,
    "totalOtherIncomeExpensesNet": -147000,
    "incomeBeforeTax": 42738000,
    "incomeBeforeTaxRatio": 0.084963838,
    "incomeTaxExpense": 11496000,
    "netIncome": 31242000,
    "netIncomeRatio": 0.0621096033,
    "eps": 0.068,
    "epsdiluted": 0.061,
    "weightedAverageShsOut": 461310000,
    "weightedAverageShsOutDil": 510910000,
    "link": "https://www.sec.gov/Archives/edgar/data/1375365/000162828015000533/0001628280-15-000533-index.htm",
    "finalLink": "https://www.sec.gov/Archives/edgar/data/1375365/000162828015000533/smci-20141231x10q.htm"
  },
  {
    "date": "2014-09-30",
    "symbol": "SMCI",
    "reportedCurrency": "USD",
    "cik": "0001375365",
    "fillingDate": "2014-11-06",
    "acceptedDate": "2014-11-06 17:10:25",
    "calendarYear": "2015",
    "period": "Q1",
    "revenue": 443322000,
    "costOfRevenue": 374129000,
    "grossProfit": 69193000,
    "grossProfitRatio": 0.1560784261,
    "researchAndDevelopmentExpenses": 21509000,
    "generalAndAdministrativeExpenses": 5056000,
    "sellingAndMarketingExpenses": 11002000,
    "sellingGeneralAndAdministrativeExpenses": 16058000,
    "otherExpenses": 0,
    "operatingExpenses": 37567000,
    "costAndExpenses": 411696000,
    "interestIncome": 35000,
    "interestExpense": 196000,
    "depreciationAndAmortization": 1847000,
    "ebitda": 33473000,
    "ebitdaratio": 0.0755049377,
    "operatingIncome": 31626000,
    "operatingIncomeRatio": 0.0713386658,
    "totalOtherIncomeExpensesNet": -161000,
    "incomeBeforeTax": 31465000,
    "incomeBeforeTaxRatio": 0.0709754986,
    "incomeTaxExpense": 10602000,
    "netIncome": 20863000,
    "netIncomeRatio": 0.0470606015,
    "eps": 0.046,
    "epsdiluted": 0.042,
    "weightedAverageShsOut": 454730000,
    "weightedAverageShsOutDil": 496870000,
    "link": "https://www.sec.gov/Archives/edgar/data/1375365/000144530514004894/0001445305-14-004894-index.htm",
    "finalLink": "https://www.sec.gov/Archives/edgar/data/1375365/000144530514004894/smci-2014930x10q.htm"
  },
  {
    "date": "2014-06-30",
    "symbol": "SMCI",
    "reportedCurrency": "USD",
    "cik": "0001375365",
    "fillingDate": "2014-09-15",
    "acceptedDate": "2014-09-15 16:22:04",
    "calendarYear": "2014",
    "period": "Q4",
    "revenue": 428069000,
    "costOfRevenue": 361672000,
    "grossProfit": 66397000,
    "grossProfitRatio": 0.1551081718,
    "researchAndDevelopmentExpenses": 23023000,
    "generalAndAdministrativeExpenses": 6079000,
    "sellingAndMarketingExpenses": 10755000,
    "sellingGeneralAndAdministrativeExpenses": 16834000,
    "otherExpenses": 0,
    "operatingExpenses": 39857000,
    "costAndExpenses": 401529000,
    "interestIncome": 19000,
    "interestExpense": 222000,
    "depreciationAndAmortization": 1774000,
    "ebitda": 28314000,
    "ebitdaratio": 0.0661435423,
    "operatingIncome": 26540000,
    "operatingIncomeRatio": 0.0619993506,
    "totalOtherIncomeExpensesNet": -203000,
    "incomeBeforeTax": 26337000,
    "incomeBeforeTaxRatio": 0.061525128,
    "incomeTaxExpense": 9788000,
    "netIncome": 16549000,
    "netIncomeRatio": 0.0386596553,
    "eps": 0.037,
    "epsdiluted": 0.034,
    "weightedAverageShsOut": 450170000,
    "weightedAverageShsOutDil": 483170000,
    "link": "https://www.sec.gov/Archives/edgar/data/1375365/000144530514003958/0001445305-14-003958-index.htm",
    "finalLink": "https://www.sec.gov/Archives/edgar/data/1375365/000144530514003958/smci-2014630x10k.htm"
  },
  {
    "date": "2014-03-31",
    "symbol": "SMCI",
    "reportedCurrency": "USD",
    "cik": "0001375365",
    "fillingDate": "2014-05-07",
    "acceptedDate": "2014-05-07 17:06:06",
    "calendarYear": "2014",
    "period": "Q3",
    "revenue": 373755000,
    "costOfRevenue": 316491000,
    "grossProfit": 57264000,
    "grossProfitRatio": 0.1532126661,
    "researchAndDevelopmentExpenses": 20570000,
    "generalAndAdministrativeExpenses": 5806000,
    "sellingAndMarketingExpenses": 9416000,
    "sellingGeneralAndAdministrativeExpenses": 15222000,
    "otherExpenses": 0,
    "operatingExpenses": 35792000,
    "costAndExpenses": 352283000,
    "interestIncome": 10000,
    "interestExpense": 156000,
    "depreciationAndAmortization": 1670000,
    "ebitda": 23142000,
    "ebitdaratio": 0.0619175663,
    "operatingIncome": 21472000,
    "operatingIncomeRatio": 0.0574493987,
    "totalOtherIncomeExpensesNet": -146000,
    "incomeBeforeTax": 21326000,
    "incomeBeforeTaxRatio": 0.0570587684,
    "incomeTaxExpense": 4752000,
    "netIncome": 16574000,
    "netIncomeRatio": 0.0443445573,
    "eps": 0.038,
    "epsdiluted": 0.035,
    "weightedAverageShsOut": 439920000,
    "weightedAverageShsOutDil": 474240000,
    "link": "https://www.sec.gov/Archives/edgar/data/1375365/000144530514001932/0001445305-14-001932-index.htm",
    "finalLink": "https://www.sec.gov/Archives/edgar/data/1375365/000144530514001932/smci-2014331x10q.htm"
  },
  {
    "date": "2013-12-31",
    "symbol": "SMCI",
    "reportedCurrency": "USD",
    "cik": "0001375365",
    "fillingDate": "2014-02-07",
    "acceptedDate": "2014-02-07 17:05:58",
    "calendarYear": "2014",
    "period": "Q2",
    "revenue": 356362000,
    "costOfRevenue": 301270000,
    "grossProfit": 55092000,
    "grossProfitRatio": 0.1545956078,
    "researchAndDevelopmentExpenses": 20428000,
    "generalAndAdministrativeExpenses": 5484000,
    "sellingAndMarketingExpenses": 8976000,
    "sellingGeneralAndAdministrativeExpenses": 14460000,
    "otherExpenses": 0,
    "operatingExpenses": 34888000,
    "costAndExpenses": 336158000,
    "interestIncome": 46000,
    "interestExpense": 184000,
    "depreciationAndAmortization": 1527000,
    "ebitda": 21731000,
    "ebitdaratio": 0.0609801269,
    "operatingIncome": 20204000,
    "operatingIncomeRatio": 0.0566951583,
    "totalOtherIncomeExpensesNet": -138000,
    "incomeBeforeTax": 20066000,
    "incomeBeforeTaxRatio": 0.0563079116,
    "incomeTaxExpense": 6731000,
    "netIncome": 13335000,
    "netIncomeRatio": 0.0374198147,
    "eps": 0.031,
    "epsdiluted": 0.03,
    "weightedAverageShsOut": 429150000,
    "weightedAverageShsOutDil": 450390000,
    "link": "https://www.sec.gov/Archives/edgar/data/1375365/000144530514000277/0001445305-14-000277-index.htm",
    "finalLink": "https://www.sec.gov/Archives/edgar/data/1375365/000144530514000277/smci-20131231x10q.htm"
  },
  {
    "date": "2013-09-30",
    "symbol": "SMCI",
    "reportedCurrency": "USD",
    "cik": "0001375365",
    "fillingDate": "2013-11-07",
    "acceptedDate": "2013-11-07 17:05:21",
    "calendarYear": "2014",
    "period": "Q1",
    "revenue": 309016000,
    "costOfRevenue": 262224000,
    "grossProfit": 46792000,
    "grossProfitRatio": 0.1514225801,
    "researchAndDevelopmentExpenses": 20236000,
    "generalAndAdministrativeExpenses": 5648000,
    "sellingAndMarketingExpenses": 8865000,
    "sellingGeneralAndAdministrativeExpenses": 14513000,
    "otherExpenses": 0,
    "operatingExpenses": 34749000,
    "costAndExpenses": 296973000,
    "interestIncome": 17000,
    "interestExpense": 195000,
    "depreciationAndAmortization": 1393000,
    "ebitda": 13436000,
    "ebitdaratio": 0.0434799493,
    "operatingIncome": 12043000,
    "operatingIncomeRatio": 0.0389720921,
    "totalOtherIncomeExpensesNet": -178000,
    "incomeBeforeTax": 11865000,
    "incomeBeforeTaxRatio": 0.0383960701,
    "incomeTaxExpense": 4166000,
    "netIncome": 7699000,
    "netIncomeRatio": 0.0249145675,
    "eps": 0.018,
    "epsdiluted": 0.017,
    "weightedAverageShsOut": 424960000,
    "weightedAverageShsOutDil": 446020000,
    "link": "https://www.sec.gov/Archives/edgar/data/1375365/000144530513002839/0001445305-13-002839-index.htm",
    "finalLink": "https://www.sec.gov/Archives/edgar/data/1375365/000144530513002839/smci-20130930x10q.htm"
  },
  {
    "date": "2013-06-30",
    "symbol": "SMCI",
    "reportedCurrency": "USD",
    "cik": "0001375365",
    "fillingDate": "2013-09-11",
    "acceptedDate": "2013-09-11 17:08:56",
    "calendarYear": "2013",
    "period": "Q4",
    "revenue": 322333000,
    "costOfRevenue": 276310000,
    "grossProfit": 46023000,
    "grossProfitRatio": 0.1427809129,
    "researchAndDevelopmentExpenses": 19557000,
    "generalAndAdministrativeExpenses": 5677000,
    "sellingAndMarketingExpenses": 8361000,
    "sellingGeneralAndAdministrativeExpenses": 14038000,
    "otherExpenses": 0,
    "operatingExpenses": 33595000,
    "costAndExpenses": 309905000,
    "interestIncome": 24000,
    "interestExpense": 161000,
    "depreciationAndAmortization": 1935000,
    "ebitda": 14387000,
    "ebitdaratio": 0.0446339655,
    "operatingIncome": 12428000,
    "operatingIncomeRatio": 0.0385563997,
    "totalOtherIncomeExpensesNet": -137000,
    "incomeBeforeTax": 12291000,
    "incomeBeforeTaxRatio": 0.0381313735,
    "incomeTaxExpense": 3865000,
    "netIncome": 8426000,
    "netIncomeRatio": 0.0261406682,
    "eps": 0.02,
    "epsdiluted": 0.019,
    "weightedAverageShsOut": 422670000,
    "weightedAverageShsOutDil": 439180000,
    "link": "https://www.sec.gov/Archives/edgar/data/1375365/000144530513002262/0001445305-13-002262-index.htm",
    "finalLink": "https://www.sec.gov/Archives/edgar/data/1375365/000144530513002262/smci-2013630x10k.htm"
  },
  {
    "date": "2013-03-31",
    "symbol": "SMCI",
    "reportedCurrency": "USD",
    "cik": "0001375365",
    "fillingDate": "2013-05-10",
    "acceptedDate": "2013-05-09 21:13:09",
    "calendarYear": "2013",
    "period": "Q3",
    "revenue": 278034000,
    "costOfRevenue": 239141000,
    "grossProfit": 38893000,
    "grossProfitRatio": 0.1398857694,
    "researchAndDevelopmentExpenses": 18606000,
    "generalAndAdministrativeExpenses": 6134000,
    "sellingAndMarketingExpenses": 8713000,
    "sellingGeneralAndAdministrativeExpenses": 14847000,
    "otherExpenses": 0,
    "operatingExpenses": 33453000,
    "costAndExpenses": 272594000,
    "interestIncome": 2000,
    "interestExpense": 142000,
    "depreciationAndAmortization": 1926000,
    "ebitda": 7368000,
    "ebitdaratio": 0.0265003561,
    "operatingIncome": 5440000,
    "operatingIncomeRatio": 0.0195659524,
    "totalOtherIncomeExpensesNet": -140000,
    "incomeBeforeTax": 5300000,
    "incomeBeforeTaxRatio": 0.0190624168,
    "incomeTaxExpense": -1740000,
    "netIncome": 7040000,
    "netIncomeRatio": 0.0253206442,
    "eps": 0.017,
    "epsdiluted": 0.016,
    "weightedAverageShsOut": 421470000,
    "weightedAverageShsOutDil": 441480000,
    "link": "https://www.sec.gov/Archives/edgar/data/1375365/000144530513001270/0001445305-13-001270-index.htm",
    "finalLink": "https://www.sec.gov/Archives/edgar/data/1375365/000144530513001270/smci-20130331x10q.htm"
  },
  {
    "date": "2012-12-31",
    "symbol": "SMCI",
    "reportedCurrency": "USD",
    "cik": "0001375365",
    "fillingDate": "2013-02-06",
    "acceptedDate": "2013-02-06 17:04:49",
    "calendarYear": "2013",
    "period": "Q2",
    "revenue": 291487000,
    "costOfRevenue": 251365000,
    "grossProfit": 40122000,
    "grossProfitRatio": 0.1376459328,
    "researchAndDevelopmentExpenses": 18824000,
    "generalAndAdministrativeExpenses": 5745000,
    "sellingAndMarketingExpenses": 7945000,
    "sellingGeneralAndAdministrativeExpenses": 13690000,
    "otherExpenses": 0,
    "operatingExpenses": 32514000,
    "costAndExpenses": 283879000,
    "interestIncome": 7000,
    "interestExpense": 152000,
    "depreciationAndAmortization": 2019000,
    "ebitda": 9634000,
    "ebitdaratio": 0.0330512167,
    "operatingIncome": 7608000,
    "operatingIncomeRatio": 0.0261006494,
    "totalOtherIncomeExpensesNet": -145000,
    "incomeBeforeTax": 7463000,
    "incomeBeforeTaxRatio": 0.0256032001,
    "incomeTaxExpense": 2549000,
    "netIncome": 4914000,
    "netIncomeRatio": 0.0168583848,
    "eps": 0.012,
    "epsdiluted": 0.011,
    "weightedAverageShsOut": 418930000,
    "weightedAverageShsOutDil": 434310000,
    "link": "https://www.sec.gov/Archives/edgar/data/1375365/000144530513000170/0001445305-13-000170-index.htm",
    "finalLink": "https://www.sec.gov/Archives/edgar/data/1375365/000144530513000170/smci-20121231x10q.htm"
  },
  {
    "date": "2012-09-30",
    "symbol": "SMCI",
    "reportedCurrency": "USD",
    "cik": "0001375365",
    "fillingDate": "2012-11-07",
    "acceptedDate": "2012-11-07 14:59:18",
    "calendarYear": "2013",
    "period": "Q1",
    "revenue": 270707000,
    "costOfRevenue": 235692000,
    "grossProfit": 35015000,
    "grossProfitRatio": 0.129346489,
    "researchAndDevelopmentExpenses": 18221000,
    "generalAndAdministrativeExpenses": 6348000,
    "sellingAndMarketingExpenses": 8766000,
    "sellingGeneralAndAdministrativeExpenses": 15114000,
    "otherExpenses": 0,
    "operatingExpenses": 33335000,
    "costAndExpenses": 269027000,
    "interestIncome": 15000,
    "interestExpense": 155000,
    "depreciationAndAmortization": 1955000,
    "ebitda": 3652000,
    "ebitdaratio": 0.0134906005,
    "operatingIncome": 1680000,
    "operatingIncomeRatio": 0.0062059718,
    "totalOtherIncomeExpensesNet": -140000,
    "incomeBeforeTax": 1540000,
    "incomeBeforeTaxRatio": 0.0056888075,
    "incomeTaxExpense": 643000,
    "netIncome": 899000,
    "netIncomeRatio": 0.0033209337,
    "eps": 0.002,
    "epsdiluted": 0.002,
    "weightedAverageShsOut": 416670000,
    "weightedAverageShsOutDil": 441740000,
    "link": "https://www.sec.gov/Archives/edgar/data/1375365/000144530512003503/0001445305-12-003503-index.htm",
    "finalLink": "https://www.sec.gov/Archives/edgar/data/1375365/000144530512003503/smci-2012930x10q.htm"
  },
  {
    "date": "2012-06-30",
    "symbol": "SMCI",
    "reportedCurrency": "USD",
    "cik": "0001375365",
    "fillingDate": "2012-09-13",
    "acceptedDate": "2012-09-13 16:48:22",
    "calendarYear": "2012",
    "period": "Q4",
    "revenue": 275896000,
    "costOfRevenue": 233448000,
    "grossProfit": 42448000,
    "grossProfitRatio": 0.1538550758,
    "researchAndDevelopmentExpenses": 16032000,
    "generalAndAdministrativeExpenses": 8265000,
    "sellingAndMarketingExpenses": 8959000,
    "sellingGeneralAndAdministrativeExpenses": 17224000,
    "otherExpenses": 0,
    "operatingExpenses": 33256000,
    "costAndExpenses": 266704000,
    "interestIncome": 8000,
    "interestExpense": 161000,
    "depreciationAndAmortization": 1957000,
    "ebitda": 11157000,
    "ebitdaratio": 0.040439151,
    "operatingIncome": 9192000,
    "operatingIncomeRatio": 0.033316902,
    "totalOtherIncomeExpensesNet": -153000,
    "incomeBeforeTax": 9039000,
    "incomeBeforeTaxRatio": 0.0327623452,
    "incomeTaxExpense": 3529000,
    "netIncome": 5510000,
    "netIncomeRatio": 0.0199712935,
    "eps": 0.013,
    "epsdiluted": 0.012,
    "weightedAverageShsOut": 415350000,
    "weightedAverageShsOutDil": 447380000,
    "link": "https://www.sec.gov/Archives/edgar/data/1375365/000144530512002860/0001445305-12-002860-index.htm",
    "finalLink": "https://www.sec.gov/Archives/edgar/data/1375365/000144530512002860/smci-2012630x10k.htm"
  },
  {
    "date": "2012-03-31",
    "symbol": "SMCI",
    "reportedCurrency": "USD",
    "cik": "0001375365",
    "fillingDate": "2012-05-07",
    "acceptedDate": "2012-05-07 16:30:21",
    "calendarYear": "2012",
    "period": "Q3",
    "revenue": 240178000,
    "costOfRevenue": 199449000,
    "grossProfit": 40729000,
    "grossProfitRatio": 0.169578396,
    "researchAndDevelopmentExpenses": 17162000,
    "generalAndAdministrativeExpenses": 5802000,
    "sellingAndMarketingExpenses": 8175000,
    "sellingGeneralAndAdministrativeExpenses": 13977000,
    "otherExpenses": 0,
    "operatingExpenses": 31139000,
    "costAndExpenses": 230588000,
    "interestIncome": 9000,
    "interestExpense": 189000,
    "depreciationAndAmortization": 1967000,
    "ebitda": 11566000,
    "ebitdaratio": 0.048155951,
    "operatingIncome": 9590000,
    "operatingIncomeRatio": 0.0399287195,
    "totalOtherIncomeExpensesNet": -180000,
    "incomeBeforeTax": 9410000,
    "incomeBeforeTaxRatio": 0.0391792754,
    "incomeTaxExpense": 2333000,
    "netIncome": 7077000,
    "netIncomeRatio": 0.0294656463,
    "eps": 0.017,
    "epsdiluted": 0.016,
    "weightedAverageShsOut": 411260000,
    "weightedAverageShsOutDil": 446100000,
    "link": "https://www.sec.gov/Archives/edgar/data/1375365/000119312512215132/0001193125-12-215132-index.htm",
    "finalLink": "https://www.sec.gov/Archives/edgar/data/1375365/000119312512215132/d316315d10q.htm"
  },
  {
    "date": "2011-12-31",
    "symbol": "SMCI",
    "reportedCurrency": "USD",
    "cik": "0001375365",
    "fillingDate": "2012-02-06",
    "acceptedDate": "2012-02-06 15:39:11",
    "calendarYear": "2012",
    "period": "Q2",
    "revenue": 249915000,
    "costOfRevenue": 207301000,
    "grossProfit": 42614000,
    "grossProfitRatio": 0.1705139748,
    "researchAndDevelopmentExpenses": 15657000,
    "generalAndAdministrativeExpenses": 5207000,
    "sellingAndMarketingExpenses": 8032000,
    "sellingGeneralAndAdministrativeExpenses": 13239000,
    "otherExpenses": 0,
    "operatingExpenses": 28896000,
    "costAndExpenses": 236197000,
    "interestIncome": 20000,
    "interestExpense": 173000,
    "depreciationAndAmortization": 1612000,
    "ebitda": 15350000,
    "ebitdaratio": 0.0614208831,
    "operatingIncome": 13718000,
    "operatingIncomeRatio": 0.0548906628,
    "totalOtherIncomeExpensesNet": -153000,
    "incomeBeforeTax": 13565000,
    "incomeBeforeTaxRatio": 0.0542784547,
    "incomeTaxExpense": 4791000,
    "netIncome": 8774000,
    "netIncomeRatio": 0.0351079367,
    "eps": 0.021,
    "epsdiluted": 0.02,
    "weightedAverageShsOut": 405550000,
    "weightedAverageShsOutDil": 438160000,
    "link": "https://www.sec.gov/Archives/edgar/data/1375365/000119312512041019/0001193125-12-041019-index.htm",
    "finalLink": "https://www.sec.gov/Archives/edgar/data/1375365/000119312512041019/d256962d10q.htm"
  },
  {
    "date": "2011-09-30",
    "symbol": "SMCI",
    "reportedCurrency": "USD",
    "cik": "0001375365",
    "fillingDate": "2011-11-07",
    "acceptedDate": "2011-11-07 14:40:04",
    "calendarYear": "2012",
    "period": "Q1",
    "revenue": 247885000,
    "costOfRevenue": 208259000,
    "grossProfit": 39626000,
    "grossProfitRatio": 0.159856385,
    "researchAndDevelopmentExpenses": 13824000,
    "generalAndAdministrativeExpenses": 4578000,
    "sellingAndMarketingExpenses": 7710000,
    "sellingGeneralAndAdministrativeExpenses": 12288000,
    "otherExpenses": 0,
    "operatingExpenses": 26112000,
    "costAndExpenses": 234371000,
    "interestIncome": 17000,
    "interestExpense": 194000,
    "depreciationAndAmortization": 1535000,
    "ebitda": 15066000,
    "ebitdaratio": 0.0607781834,
    "operatingIncome": 13514000,
    "operatingIncomeRatio": 0.0545172156,
    "totalOtherIncomeExpensesNet": -177000,
    "incomeBeforeTax": 13337000,
    "incomeBeforeTaxRatio": 0.0538031749,
    "incomeTaxExpense": 4845000,
    "netIncome": 8492000,
    "netIncomeRatio": 0.0342578212,
    "eps": 0.021,
    "epsdiluted": 0.019,
    "weightedAverageShsOut": 403560000,
    "weightedAverageShsOutDil": 433950000,
    "link": "https://www.sec.gov/Archives/edgar/data/1375365/000119312511299490/0001193125-11-299490-index.htm",
    "finalLink": "https://www.sec.gov/Archives/edgar/data/1375365/000119312511299490/d227027d10q.htm"
  },
  {
    "date": "2011-06-30",
    "symbol": "SMCI",
    "reportedCurrency": "USD",
    "cik": "0001375365",
    "fillingDate": "2011-09-02",
    "acceptedDate": "2011-09-02 16:45:51",
    "calendarYear": "2011",
    "period": "Q4",
    "revenue": 260303000,
    "costOfRevenue": 220271000,
    "grossProfit": 40032000,
    "grossProfitRatio": 0.1537900063,
    "researchAndDevelopmentExpenses": 13163000,
    "generalAndAdministrativeExpenses": 4855000,
    "sellingAndMarketingExpenses": 7412000,
    "sellingGeneralAndAdministrativeExpenses": 12267000,
    "otherExpenses": 0,
    "operatingExpenses": 25430000,
    "costAndExpenses": 245701000,
    "interestIncome": 10000,
    "interestExpense": 197000,
    "depreciationAndAmortization": 1463000,
    "ebitda": 16075000,
    "ebitdaratio": 0.0617549548,
    "operatingIncome": 14602000,
    "operatingIncomeRatio": 0.0560961649,
    "totalOtherIncomeExpensesNet": -187000,
    "incomeBeforeTax": 14415000,
    "incomeBeforeTaxRatio": 0.0553777713,
    "incomeTaxExpense": 3684000,
    "netIncome": 10731000,
    "netIncomeRatio": 0.0412250339,
    "eps": 0.0281,
    "epsdiluted": 0.0252,
    "weightedAverageShsOut": 382004890,
    "weightedAverageShsOutDil": 426249625,
    "link": "https://www.sec.gov/Archives/edgar/data/1375365/000119312511240215/0001193125-11-240215-index.htm",
    "finalLink": "https://www.sec.gov/Archives/edgar/data/1375365/000119312511240215/d10k.htm"
  },
  {
    "date": "2011-03-31",
    "symbol": "SMCI",
    "reportedCurrency": "USD",
    "cik": "0001375365",
    "fillingDate": "2011-05-10",
    "acceptedDate": "2011-05-10 15:52:20",
    "calendarYear": "2011",
    "period": "Q3",
    "revenue": 234288000,
    "costOfRevenue": 196432000,
    "grossProfit": 37856000,
    "grossProfitRatio": 0.1615789114,
    "researchAndDevelopmentExpenses": 12202000,
    "generalAndAdministrativeExpenses": 3958000,
    "sellingAndMarketingExpenses": 6538000,
    "sellingGeneralAndAdministrativeExpenses": 10496000,
    "otherExpenses": 0,
    "operatingExpenses": 22698000,
    "costAndExpenses": 219130000,
    "interestIncome": 21000,
    "interestExpense": 161000,
    "depreciationAndAmortization": 1386000,
    "ebitda": 16565000,
    "ebitdaratio": 0.0707035785,
    "operatingIncome": 15158000,
    "operatingIncomeRatio": 0.0646981493,
    "totalOtherIncomeExpensesNet": -140000,
    "incomeBeforeTax": 15018000,
    "incomeBeforeTaxRatio": 0.0641005941,
    "incomeTaxExpense": 4322000,
    "netIncome": 10696000,
    "netIncomeRatio": 0.0456532131,
    "eps": 0.028,
    "epsdiluted": 0.025,
    "weightedAverageShsOut": 382688640,
    "weightedAverageShsOutDil": 428539550,
    "link": "https://www.sec.gov/Archives/edgar/data/1375365/000119312511134149/0001193125-11-134149-index.htm",
    "finalLink": "https://www.sec.gov/Archives/edgar/data/1375365/000119312511134149/d10q.htm"
  },
  {
    "date": "2010-12-31",
    "symbol": "SMCI",
    "reportedCurrency": "USD",
    "cik": "0001375365",
    "fillingDate": "2011-02-09",
    "acceptedDate": "2011-02-09 16:17:36",
    "calendarYear": "2011",
    "period": "Q2",
    "revenue": 240813000,
    "costOfRevenue": 200634000,
    "grossProfit": 40179000,
    "grossProfitRatio": 0.1668473048,
    "researchAndDevelopmentExpenses": 12297000,
    "generalAndAdministrativeExpenses": 4257000,
    "sellingAndMarketingExpenses": 6701000,
    "sellingGeneralAndAdministrativeExpenses": 10958000,
    "otherExpenses": 0,
    "operatingExpenses": 23255000,
    "costAndExpenses": 223889000,
    "interestIncome": 15000,
    "interestExpense": 169000,
    "depreciationAndAmortization": 1322000,
    "ebitda": 18261000,
    "ebitdaratio": 0.0758306238,
    "operatingIncome": 16924000,
    "operatingIncomeRatio": 0.0702785979,
    "totalOtherIncomeExpensesNet": -154000,
    "incomeBeforeTax": 16770000,
    "incomeBeforeTaxRatio": 0.0696390976,
    "incomeTaxExpense": 5201000,
    "netIncome": 11569000,
    "netIncomeRatio": 0.0480414263,
    "eps": 0.03,
    "epsdiluted": 0.027,
    "weightedAverageShsOut": 375430150,
    "weightedAverageShsOutDil": 416193440,
    "link": "https://www.sec.gov/Archives/edgar/data/1375365/000119312511028990/0001193125-11-028990-index.htm",
    "finalLink": "https://www.sec.gov/Archives/edgar/data/1375365/000119312511028990/d10q.htm"
  },
  {
    "date": "2010-09-30",
    "symbol": "SMCI",
    "reportedCurrency": "USD",
    "cik": "0001375365",
    "fillingDate": "2010-11-08",
    "acceptedDate": "2010-11-08 15:27:14",
    "calendarYear": "2011",
    "period": "Q1",
    "revenue": 207178000,
    "costOfRevenue": 174141000,
    "grossProfit": 33037000,
    "grossProfitRatio": 0.159461912,
    "researchAndDevelopmentExpenses": 10446000,
    "generalAndAdministrativeExpenses": 4374000,
    "sellingAndMarketingExpenses": 6208000,
    "sellingGeneralAndAdministrativeExpenses": 10582000,
    "otherExpenses": 0,
    "operatingExpenses": 21028000,
    "costAndExpenses": 195169000,
    "interestIncome": 20000,
    "interestExpense": 159000,
    "depreciationAndAmortization": 1282000,
    "ebitda": 13311000,
    "ebitdaratio": 0.0642490998,
    "operatingIncome": 12009000,
    "operatingIncomeRatio": 0.0579646488,
    "totalOtherIncomeExpensesNet": -139000,
    "incomeBeforeTax": 11870000,
    "incomeBeforeTaxRatio": 0.0572937281,
    "incomeTaxExpense": 4653000,
    "netIncome": 7217000,
    "netIncomeRatio": 0.0348347798,
    "eps": 0.019,
    "epsdiluted": 0.017,
    "weightedAverageShsOut": 372238660,
    "weightedAverageShsOutDil": 414310660,
    "link": "https://www.sec.gov/Archives/edgar/data/1375365/000119312510251949/0001193125-10-251949-index.htm",
    "finalLink": "https://www.sec.gov/Archives/edgar/data/1375365/000119312510251949/d10q.htm"
  },
  {
    "date": "2010-06-30",
    "symbol": "SMCI",
    "reportedCurrency": "USD",
    "cik": "0001375365",
    "fillingDate": "2010-09-07",
    "acceptedDate": "2010-09-07 15:41:21",
    "calendarYear": "2010",
    "period": "Q4",
    "revenue": 201664000,
    "costOfRevenue": 170755000,
    "grossProfit": 30909000,
    "grossProfitRatio": 0.1532697953,
    "researchAndDevelopmentExpenses": 10244000,
    "generalAndAdministrativeExpenses": 4008000,
    "sellingAndMarketingExpenses": 5273000,
    "sellingGeneralAndAdministrativeExpenses": 9281000,
    "otherExpenses": 0,
    "operatingExpenses": 19525000,
    "costAndExpenses": 190280000,
    "interestIncome": 26000,
    "interestExpense": 94000,
    "depreciationAndAmortization": 1203000,
    "ebitda": 12613000,
    "ebitdaratio": 0.0625446287,
    "operatingIncome": 11384000,
    "operatingIncomeRatio": 0.0564503332,
    "totalOtherIncomeExpensesNet": -68000,
    "incomeBeforeTax": 11316000,
    "incomeBeforeTaxRatio": 0.0561131387,
    "incomeTaxExpense": 3601000,
    "netIncome": 7715000,
    "netIncomeRatio": 0.0382567042,
    "eps": 0.0214,
    "epsdiluted": 0.0187,
    "weightedAverageShsOut": 360514310,
    "weightedAverageShsOutDil": 412346180,
    "link": "https://www.sec.gov/Archives/edgar/data/1375365/000119312510205667/0001193125-10-205667-index.htm",
    "finalLink": "https://www.sec.gov/Archives/edgar/data/1375365/000119312510205667/d10k.htm"
  },
  {
    "date": "2010-03-31",
    "symbol": "SMCI",
    "reportedCurrency": "USD",
    "cik": "0001375365",
    "fillingDate": "2010-05-07",
    "acceptedDate": "2010-05-07 17:16:32",
    "calendarYear": "2010",
    "period": "Q3",
    "revenue": 189276000,
    "costOfRevenue": 160011000,
    "grossProfit": 29265000,
    "grossProfitRatio": 0.1546154822,
    "researchAndDevelopmentExpenses": 9757000,
    "generalAndAdministrativeExpenses": 3461000,
    "sellingAndMarketingExpenses": 5513000,
    "sellingGeneralAndAdministrativeExpenses": 8974000,
    "otherExpenses": 0,
    "operatingExpenses": 18731000,
    "costAndExpenses": 178742000,
    "interestIncome": 19000,
    "interestExpense": 66000,
    "depreciationAndAmortization": 1178000,
    "ebitda": 11731000,
    "ebitdaratio": 0.0619782751,
    "operatingIncome": 10534000,
    "operatingIncomeRatio": 0.055654177,
    "totalOtherIncomeExpensesNet": -47000,
    "incomeBeforeTax": 10487000,
    "incomeBeforeTaxRatio": 0.0554058623,
    "incomeTaxExpense": 2754000,
    "netIncome": 7733000,
    "netIncomeRatio": 0.0408556817,
    "eps": 0.021,
    "epsdiluted": 0.018,
    "weightedAverageShsOut": 362192220,
    "weightedAverageShsOutDil": 417339000,
    "link": "https://www.sec.gov/Archives/edgar/data/1375365/000119312510113084/0001193125-10-113084-index.htm",
    "finalLink": "https://www.sec.gov/Archives/edgar/data/1375365/000119312510113084/d10q.htm"
  },
  {
    "date": "2009-12-31",
    "symbol": "SMCI",
    "reportedCurrency": "USD",
    "cik": "0001375365",
    "fillingDate": "2010-02-08",
    "acceptedDate": "2010-02-08 14:39:23",
    "calendarYear": "2010",
    "period": "Q2",
    "revenue": 181977000,
    "costOfRevenue": 151668000,
    "grossProfit": 30309000,
    "grossProfitRatio": 0.1665540151,
    "researchAndDevelopmentExpenses": 8754000,
    "generalAndAdministrativeExpenses": 4050000,
    "sellingAndMarketingExpenses": 5138000,
    "sellingGeneralAndAdministrativeExpenses": 9188000,
    "otherExpenses": 0,
    "operatingExpenses": 17942000,
    "costAndExpenses": 169610000,
    "interestIncome": 26000,
    "interestExpense": 90000,
    "depreciationAndAmortization": 1117000,
    "ebitda": 13510000,
    "ebitdaratio": 0.0742401512,
    "operatingIncome": 12367000,
    "operatingIncomeRatio": 0.0679591377,
    "totalOtherIncomeExpensesNet": -64000,
    "incomeBeforeTax": 12303000,
    "incomeBeforeTaxRatio": 0.0676074449,
    "incomeTaxExpense": 4699000,
    "netIncome": 7604000,
    "netIncomeRatio": 0.0417855004,
    "eps": 0.021,
    "epsdiluted": 0.019,
    "weightedAverageShsOut": 355390850,
    "weightedAverageShsOutDil": 398303490,
    "link": "https://www.sec.gov/Archives/edgar/data/1375365/000119312510024224/0001193125-10-024224-index.htm",
    "finalLink": "https://www.sec.gov/Archives/edgar/data/1375365/000119312510024224/d10q.htm"
  },
  {
    "date": "2009-09-30",
    "symbol": "SMCI",
    "reportedCurrency": "USD",
    "cik": "0001375365",
    "fillingDate": "2009-11-09",
    "acceptedDate": "2009-11-09 09:33:40",
    "calendarYear": "2010",
    "period": "Q1",
    "revenue": 148521000,
    "costOfRevenue": 124012000,
    "grossProfit": 24509000,
    "grossProfitRatio": 0.1650204348,
    "researchAndDevelopmentExpenses": 8627000,
    "generalAndAdministrativeExpenses": 4888000,
    "sellingAndMarketingExpenses": 4534000,
    "sellingGeneralAndAdministrativeExpenses": 9422000,
    "otherExpenses": 0,
    "operatingExpenses": 18049000,
    "costAndExpenses": 142061000,
    "interestIncome": 32000,
    "interestExpense": 133000,
    "depreciationAndAmortization": 1121000,
    "ebitda": 7613000,
    "ebitdaratio": 0.0512587446,
    "operatingIncome": 6460000,
    "operatingIncomeRatio": 0.0434955326,
    "totalOtherIncomeExpensesNet": -101000,
    "incomeBeforeTax": 6359000,
    "incomeBeforeTaxRatio": 0.0428154941,
    "incomeTaxExpense": 2496000,
    "netIncome": 3863000,
    "netIncomeRatio": 0.0260097899,
    "eps": 0.011,
    "epsdiluted": 0.01,
    "weightedAverageShsOut": 349455160,
    "weightedAverageShsOutDil": 398756960,
    "link": "https://www.sec.gov/Archives/edgar/data/1375365/000119312509228633/0001193125-09-228633-index.htm",
    "finalLink": "https://www.sec.gov/Archives/edgar/data/1375365/000119312509228633/d10q.htm"
  },
  {
    "date": "2009-06-30",
    "symbol": "SMCI",
    "reportedCurrency": "USD",
    "cik": "0001375365",
    "fillingDate": "2009-08-31",
    "acceptedDate": "2009-08-31 16:16:15",
    "calendarYear": "2009",
    "period": "Q4",
    "revenue": 123453000,
    "costOfRevenue": 102998000,
    "grossProfit": 20455000,
    "grossProfitRatio": 0.1656905867,
    "researchAndDevelopmentExpenses": 8836000,
    "generalAndAdministrativeExpenses": 3823000,
    "sellingAndMarketingExpenses": 4072000,
    "sellingGeneralAndAdministrativeExpenses": 7895000,
    "otherExpenses": 0,
    "operatingExpenses": 16731000,
    "costAndExpenses": 119729000,
    "interestIncome": 54000,
    "interestExpense": 220000,
    "depreciationAndAmortization": 1010000,
    "ebitda": 4788000,
    "ebitdaratio": 0.0387839907,
    "operatingIncome": 3724000,
    "operatingIncomeRatio": 0.0301653261,
    "totalOtherIncomeExpensesNet": -166000,
    "incomeBeforeTax": 3558000,
    "incomeBeforeTaxRatio": 0.0288206848,
    "incomeTaxExpense": 1200000,
    "netIncome": 2358000,
    "netIncomeRatio": 0.0191003864,
    "eps": 0.0068,
    "epsdiluted": 0.006,
    "weightedAverageShsOut": 345815435,
    "weightedAverageShsOutDil": 395157115,
    "link": "https://www.sec.gov/Archives/edgar/data/1375365/000119312509184698/0001193125-09-184698-index.htm",
    "finalLink": "https://www.sec.gov/Archives/edgar/data/1375365/000119312509184698/d10k.htm"
  },
  {
    "date": "2009-03-31",
    "symbol": "SMCI",
    "reportedCurrency": "USD",
    "cik": "0001375365",
    "fillingDate": "2009-05-11",
    "acceptedDate": "2009-05-08 18:24:12",
    "calendarYear": "2009",
    "period": "Q3",
    "revenue": 109540000,
    "costOfRevenue": 93213000,
    "grossProfit": 16327000,
    "grossProfitRatio": 0.1490505751,
    "researchAndDevelopmentExpenses": 8632000,
    "generalAndAdministrativeExpenses": 3281000,
    "sellingAndMarketingExpenses": 3999000,
    "sellingGeneralAndAdministrativeExpenses": 7280000,
    "otherExpenses": 0,
    "operatingExpenses": 15912000,
    "costAndExpenses": 109125000,
    "interestIncome": 50000,
    "interestExpense": 208000,
    "depreciationAndAmortization": 955000,
    "ebitda": 1420000,
    "ebitdaratio": 0.0129633011,
    "operatingIncome": 415000,
    "operatingIncomeRatio": 0.0037885704,
    "totalOtherIncomeExpensesNet": -158000,
    "incomeBeforeTax": 257000,
    "incomeBeforeTaxRatio": 0.0023461749,
    "incomeTaxExpense": -974000,
    "netIncome": 1231000,
    "netIncomeRatio": 0.011237904,
    "eps": 0.003,
    "epsdiluted": 0.003,
    "weightedAverageShsOut": 346843690,
    "weightedAverageShsOutDil": 381256580,
    "link": "https://www.sec.gov/Archives/edgar/data/1375365/000119312509105677/0001193125-09-105677-index.htm",
    "finalLink": "https://www.sec.gov/Archives/edgar/data/1375365/000119312509105677/d10q.htm"
  },
  {
    "date": "2008-12-31",
    "symbol": "SMCI",
    "reportedCurrency": "USD",
    "cik": "0001375365",
    "fillingDate": "2009-02-06",
    "acceptedDate": "2009-02-06 17:10:04",
    "calendarYear": "2009",
    "period": "Q2",
    "revenue": 128565000,
    "costOfRevenue": 104473000,
    "grossProfit": 24092000,
    "grossProfitRatio": 0.1873915918,
    "researchAndDevelopmentExpenses": 8961000,
    "generalAndAdministrativeExpenses": 7857000,
    "sellingAndMarketingExpenses": 0,
    "sellingGeneralAndAdministrativeExpenses": 7857000,
    "otherExpenses": 0,
    "operatingExpenses": 16818000,
    "costAndExpenses": 121291000,
    "interestIncome": 154000,
    "interestExpense": 111000,
    "depreciationAndAmortization": 876000,
    "ebitda": 8304000,
    "ebitdaratio": 0.0645898962,
    "operatingIncome": 7274000,
    "operatingIncomeRatio": 0.0565783845,
    "totalOtherIncomeExpensesNet": -111000,
    "incomeBeforeTax": 7163000,
    "incomeBeforeTaxRatio": 0.055715008,
    "incomeTaxExpense": 1817000,
    "netIncome": 5346000,
    "netIncomeRatio": 0.0415820791,
    "eps": 0.015,
    "epsdiluted": 0.014,
    "weightedAverageShsOut": 344432330,
    "weightedAverageShsOutDil": 385497650,
    "link": "https://www.sec.gov/Archives/edgar/data/1375365/000119312509021384/0001193125-09-021384-index.htm",
    "finalLink": "https://www.sec.gov/Archives/edgar/data/1375365/000119312509021384/d10q.htm"
  },
  {
    "date": "2008-09-30",
    "symbol": "SMCI",
    "reportedCurrency": "USD",
    "cik": "0001375365",
    "fillingDate": "2008-11-10",
    "acceptedDate": "2008-11-10 14:15:22",
    "calendarYear": "2009",
    "period": "Q1",
    "revenue": 144051000,
    "costOfRevenue": 116215000,
    "grossProfit": 27836000,
    "grossProfitRatio": 0.1932371174,
    "researchAndDevelopmentExpenses": 8085000,
    "generalAndAdministrativeExpenses": 7911000,
    "sellingAndMarketingExpenses": 0,
    "sellingGeneralAndAdministrativeExpenses": 7911000,
    "otherExpenses": 0,
    "operatingExpenses": 15996000,
    "costAndExpenses": 132211000,
    "interestIncome": 218000,
    "interestExpense": 19000,
    "depreciationAndAmortization": 812000,
    "ebitda": 11840000,
    "ebitdaratio": 0.0821931122,
    "operatingIncome": 11840000,
    "operatingIncomeRatio": 0.0821931122,
    "totalOtherIncomeExpensesNet": -19000,
    "incomeBeforeTax": 11821000,
    "incomeBeforeTaxRatio": 0.0820612144,
    "incomeTaxExpense": 4649000,
    "netIncome": 7172000,
    "netIncomeRatio": 0.0497879223,
    "eps": 0.022,
    "epsdiluted": 0.018,
    "weightedAverageShsOut": 330282940,
    "weightedAverageShsOutDil": 392989930,
    "link": "https://www.sec.gov/Archives/edgar/data/1375365/000119312508231465/0001193125-08-231465-index.htm",
    "finalLink": "https://www.sec.gov/Archives/edgar/data/1375365/000119312508231465/d10q.htm"
  },
  {
    "date": "2008-06-30",
    "symbol": "SMCI",
    "reportedCurrency": "USD",
    "cik": "0001375365",
    "fillingDate": "2008-09-02",
    "acceptedDate": "2008-09-02 15:53:18",
    "calendarYear": "2008",
    "period": "Q4",
    "revenue": 148866000,
    "costOfRevenue": 120439000,
    "grossProfit": 28427000,
    "grossProfitRatio": 0.190956968,
    "researchAndDevelopmentExpenses": 8794000,
    "generalAndAdministrativeExpenses": 9055000,
    "sellingAndMarketingExpenses": 0,
    "sellingGeneralAndAdministrativeExpenses": 9055000,
    "otherExpenses": 0,
    "operatingExpenses": 17849000,
    "costAndExpenses": 138288000,
    "interestIncome": 239000,
    "interestExpense": 38000,
    "depreciationAndAmortization": 743000,
    "ebitda": 11321000,
    "ebitdaratio": 0.0760482582,
    "operatingIncome": 10578000,
    "operatingIncomeRatio": 0.0710571924,
    "totalOtherIncomeExpensesNet": -38000,
    "incomeBeforeTax": 10540000,
    "incomeBeforeTaxRatio": 0.0708019293,
    "incomeTaxExpense": 3692000,
    "netIncome": 6848000,
    "netIncomeRatio": 0.0460011017,
    "eps": 0.0213,
    "epsdiluted": 0.0175,
    "weightedAverageShsOut": 321916250,
    "weightedAverageShsOutDil": 390710720,
    "link": "https://www.sec.gov/Archives/edgar/data/1375365/000119312508188476/0001193125-08-188476-index.htm",
    "finalLink": "https://www.sec.gov/Archives/edgar/data/1375365/000119312508188476/d10k.htm"
  },
  {
    "date": "2008-03-31",
    "symbol": "SMCI",
    "reportedCurrency": "USD",
    "cik": "0001375365",
    "fillingDate": "2008-05-15",
    "acceptedDate": "2008-05-15 16:31:18",
    "calendarYear": "2008",
    "period": "Q3",
    "revenue": 136755000,
    "costOfRevenue": 111929000,
    "grossProfit": 24826000,
    "grossProfitRatio": 0.1815363241,
    "researchAndDevelopmentExpenses": 8050000,
    "generalAndAdministrativeExpenses": 8505000,
    "sellingAndMarketingExpenses": 0,
    "sellingGeneralAndAdministrativeExpenses": 8505000,
    "otherExpenses": 0,
    "operatingExpenses": 16555000,
    "costAndExpenses": 128484000,
    "interestIncome": 0,
    "interestExpense": 0,
    "depreciationAndAmortization": 784000,
    "ebitda": 8271000,
    "ebitdaratio": 0.0604804212,
    "operatingIncome": 8271000,
    "operatingIncomeRatio": 0.0604804212,
    "totalOtherIncomeExpensesNet": 79000,
    "incomeBeforeTax": 8350000,
    "incomeBeforeTaxRatio": 0.0610580966,
    "incomeTaxExpense": 3326000,
    "netIncome": 5024000,
    "netIncomeRatio": 0.0367372308,
    "eps": 0.016,
    "epsdiluted": 0.013,
    "weightedAverageShsOut": 317599580,
    "weightedAverageShsOutDil": 389612840,
    "link": "https://www.sec.gov/Archives/edgar/data/1375365/000119312508116480/0001193125-08-116480-index.htm",
    "finalLink": "https://www.sec.gov/Archives/edgar/data/1375365/000119312508116480/d10q.htm"
  },
  {
    "date": "2007-12-31",
    "symbol": "SMCI",
    "reportedCurrency": "USD",
    "cik": "0001375365",
    "fillingDate": "2008-02-14",
    "acceptedDate": "2008-02-14 15:42:48",
    "calendarYear": "2008",
    "period": "Q2",
    "revenue": 136933000,
    "costOfRevenue": 109678000,
    "grossProfit": 27255000,
    "grossProfitRatio": 0.1990389461,
    "researchAndDevelopmentExpenses": 6987000,
    "generalAndAdministrativeExpenses": 8032000,
    "sellingAndMarketingExpenses": 0,
    "sellingGeneralAndAdministrativeExpenses": 8032000,
    "otherExpenses": 0,
    "operatingExpenses": 15019000,
    "costAndExpenses": 124697000,
    "interestIncome": 0,
    "interestExpense": 0,
    "depreciationAndAmortization": 600000,
    "ebitda": 12236000,
    "ebitdaratio": 0.089357569,
    "operatingIncome": 12236000,
    "operatingIncomeRatio": 0.089357569,
    "totalOtherIncomeExpensesNet": 206000,
    "incomeBeforeTax": 12442000,
    "incomeBeforeTaxRatio": 0.0908619544,
    "incomeTaxExpense": 4702000,
    "netIncome": 7740000,
    "netIncomeRatio": 0.0565239935,
    "eps": 0.025,
    "epsdiluted": 0.02,
    "weightedAverageShsOut": 308175520,
    "weightedAverageShsOutDil": 387411510,
    "link": "https://www.sec.gov/Archives/edgar/data/1375365/000119312508031320/0001193125-08-031320-index.htm",
    "finalLink": "https://www.sec.gov/Archives/edgar/data/1375365/000119312508031320/d10q.htm"
  },
  {
    "date": "2007-09-30",
    "symbol": "SMCI",
    "reportedCurrency": "USD",
    "cik": "0001375365",
    "fillingDate": "2007-11-13",
    "acceptedDate": "2007-11-13 12:46:23",
    "calendarYear": "2008",
    "period": "Q1",
    "revenue": 117949000,
    "costOfRevenue": 94904000,
    "grossProfit": 23045000,
    "grossProfitRatio": 0.1953810545,
    "researchAndDevelopmentExpenses": 6706000,
    "generalAndAdministrativeExpenses": 7153000,
    "sellingAndMarketingExpenses": 0,
    "sellingGeneralAndAdministrativeExpenses": 7153000,
    "otherExpenses": 0,
    "operatingExpenses": 13859000,
    "costAndExpenses": 108763000,
    "interestIncome": 0,
    "interestExpense": 0,
    "depreciationAndAmortization": 537000,
    "ebitda": 9186000,
    "ebitdaratio": 0.0778811181,
    "operatingIncome": 9186000,
    "operatingIncomeRatio": 0.0778811181,
    "totalOtherIncomeExpensesNet": 286000,
    "incomeBeforeTax": 9472000,
    "incomeBeforeTaxRatio": 0.0803058949,
    "incomeTaxExpense": 3665000,
    "netIncome": 5807000,
    "netIncomeRatio": 0.0492331431,
    "eps": 0.019,
    "epsdiluted": 0.015,
    "weightedAverageShsOut": 302917430,
    "weightedAverageShsOutDil": 386192630,
    "link": "https://www.sec.gov/Archives/edgar/data/1375365/000119312507244710/0001193125-07-244710-index.htm",
    "finalLink": "https://www.sec.gov/Archives/edgar/data/1375365/000119312507244710/d10q.htm"
  },
  {
    "date": "2007-06-30",
    "symbol": "SMCI",
    "reportedCurrency": "USD",
    "cik": "0001375365",
    "fillingDate": "2007-08-28",
    "acceptedDate": "2007-08-28 15:27:31",
    "calendarYear": "2007",
    "period": "Q4",
    "revenue": 110945000,
    "costOfRevenue": 91003000,
    "grossProfit": 19942000,
    "grossProfitRatio": 0.1797467213,
    "researchAndDevelopmentExpenses": 5534000,
    "generalAndAdministrativeExpenses": 6296000,
    "sellingAndMarketingExpenses": 0,
    "sellingGeneralAndAdministrativeExpenses": 6296000,
    "otherExpenses": 0,
    "operatingExpenses": 11830000,
    "costAndExpenses": 102833000,
    "interestIncome": 0,
    "interestExpense": 0,
    "depreciationAndAmortization": 461000,
    "ebitda": 8573000,
    "ebitdaratio": 0.0772725224,
    "operatingIncome": 8112000,
    "operatingIncomeRatio": 0.0731173104,
    "totalOtherIncomeExpensesNet": 283000,
    "incomeBeforeTax": 8395000,
    "incomeBeforeTaxRatio": 0.0756681238,
    "incomeTaxExpense": 2894000,
    "netIncome": 5501000,
    "netIncomeRatio": 0.0495831268,
    "eps": 0.0202,
    "epsdiluted": 0.0152,
    "weightedAverageShsOut": 272222560,
    "weightedAverageShsOutDil": 362826685,
    "link": "https://www.sec.gov/Archives/edgar/data/1375365/000119312507190775/0001193125-07-190775-index.htm",
    "finalLink": "https://www.sec.gov/Archives/edgar/data/1375365/000119312507190775/d10k.htm"
  },
  {
    "date": "2007-03-31",
    "symbol": "SMCI",
    "reportedCurrency": "USD",
    "cik": "0001375365",
    "fillingDate": "2007-05-11",
    "acceptedDate": "2007-05-11 14:20:12",
    "calendarYear": "2007",
    "period": "Q3",
    "revenue": 105659000,
    "costOfRevenue": 87592000,
    "grossProfit": 18067000,
    "grossProfitRatio": 0.170993479,
    "researchAndDevelopmentExpenses": 5143000,
    "generalAndAdministrativeExpenses": 3278000,
    "sellingAndMarketingExpenses": 3485000,
    "sellingGeneralAndAdministrativeExpenses": 6763000,
    "otherExpenses": 0,
    "operatingExpenses": 11906000,
    "costAndExpenses": 99498000,
    "interestIncome": 69000,
    "interestExpense": 300000,
    "depreciationAndAmortization": 432000,
    "ebitda": 6161000,
    "ebitdaratio": 0.0583102244,
    "operatingIncome": 6161000,
    "operatingIncomeRatio": 0.0583102244,
    "totalOtherIncomeExpensesNet": -300000,
    "incomeBeforeTax": 5861000,
    "incomeBeforeTaxRatio": 0.0554709017,
    "incomeTaxExpense": 1790000,
    "netIncome": 4071000,
    "netIncomeRatio": 0.0385296094,
    "eps": 0.018,
    "epsdiluted": 0.013,
    "weightedAverageShsOut": 222773390,
    "weightedAverageShsOutDil": 324341820,
    "link": "https://www.sec.gov/Archives/edgar/data/1375365/000119312507111567/0001193125-07-111567-index.htm",
    "finalLink": "https://www.sec.gov/Archives/edgar/data/1375365/000119312507111567/d10q.htm"
  },
  {
    "date": "2006-12-31",
    "symbol": "SMCI",
    "reportedCurrency": "USD",
    "cik": "0001375365",
    "fillingDate": "2006-12-31",
    "acceptedDate": "2006-12-31 00:00:00",
    "calendarYear": "2007",
    "period": "Q2",
    "revenue": 113602000,
    "costOfRevenue": 94587000,
    "grossProfit": 19015000,
    "grossProfitRatio": 0.1673826165,
    "researchAndDevelopmentExpenses": 5557000,
    "generalAndAdministrativeExpenses": 0,
    "sellingAndMarketingExpenses": 0,
    "sellingGeneralAndAdministrativeExpenses": 6034000,
    "otherExpenses": 0,
    "operatingExpenses": 11591000,
    "costAndExpenses": 106178000,
    "interestIncome": 0,
    "interestExpense": 277000,
    "depreciationAndAmortization": 401000,
    "ebitda": 7825000,
    "ebitdaratio": 0.0688808296,
    "operatingIncome": 7424000,
    "operatingIncomeRatio": 0.0653509621,
    "totalOtherIncomeExpensesNet": -277000,
    "incomeBeforeTax": 7147000,
    "incomeBeforeTaxRatio": 0.0629126248,
    "incomeTaxExpense": 2189000,
    "netIncome": 4958000,
    "netIncomeRatio": 0.0436435978,
    "eps": 0.022,
    "epsdiluted": 0.015,
    "weightedAverageShsOut": 222121560,
    "weightedAverageShsOutDil": 323903100,
    "link": null,
    "finalLink": null
  },
  {
    "date": "2006-09-30",
    "symbol": "SMCI",
    "reportedCurrency": "USD",
    "cik": "0001375365",
    "fillingDate": "2006-09-30",
    "acceptedDate": "2006-09-30 00:00:00",
    "calendarYear": "2007",
    "period": "Q1",
    "revenue": 90187000,
    "costOfRevenue": 72202000,
    "grossProfit": 17985000,
    "grossProfitRatio": 0.199418985,
    "researchAndDevelopmentExpenses": 4937000,
    "generalAndAdministrativeExpenses": 0,
    "sellingAndMarketingExpenses": 0,
    "sellingGeneralAndAdministrativeExpenses": 4960000,
    "otherExpenses": -120000,
    "operatingExpenses": 9777000,
    "costAndExpenses": 81979000,
    "interestIncome": 0,
    "interestExpense": 153000,
    "depreciationAndAmortization": 346000,
    "ebitda": 8554000,
    "ebitdaratio": 0.0948473727,
    "operatingIncome": 8208000,
    "operatingIncomeRatio": 0.0910108996,
    "totalOtherIncomeExpensesNet": -273000,
    "incomeBeforeTax": 7935000,
    "incomeBeforeTaxRatio": 0.0879838558,
    "incomeTaxExpense": 3126000,
    "netIncome": 4809000,
    "netIncomeRatio": 0.0533225409,
    "eps": 0.022,
    "epsdiluted": 0.015,
    "weightedAverageShsOut": 221906020,
    "weightedAverageShsOutDil": 322147660,
    "link": null,
    "finalLink": null
  },
  {
    "date": "2006-06-30",
    "symbol": "SMCI",
    "reportedCurrency": "USD",
    "cik": "0001375365",
    "fillingDate": "2006-06-30",
    "acceptedDate": "2006-06-30 00:00:00",
    "calendarYear": "2006",
    "period": "Q4",
    "revenue": 82949000,
    "costOfRevenue": 0,
    "grossProfit": 82949000,
    "grossProfitRatio": 1,
    "researchAndDevelopmentExpenses": 0,
    "generalAndAdministrativeExpenses": 0,
    "sellingAndMarketingExpenses": 0,
    "sellingGeneralAndAdministrativeExpenses": 0,
    "otherExpenses": -274918000,
    "operatingExpenses": -274918000,
    "costAndExpenses": -274918000,
    "interestIncome": 0,
    "interestExpense": 0,
    "depreciationAndAmortization": 0,
    "ebitda": -191969000,
    "ebitdaratio": -2.3143015588,
    "operatingIncome": -191969000,
    "operatingIncomeRatio": -2.3143015588,
    "totalOtherIncomeExpensesNet": 0,
    "incomeBeforeTax": 0,
    "incomeBeforeTaxRatio": 0,
    "incomeTaxExpense": -196937000,
    "netIncome": 4968000,
    "netIncomeRatio": 0.0598922229,
    "eps": 0.0225,
    "epsdiluted": 0.0155,
    "weightedAverageShsOut": 221005940,
    "weightedAverageShsOutDil": 320308150,
    "link": null,
    "finalLink": null
  },
  {
    "date": "2006-03-31",
    "symbol": "SMCI",
    "reportedCurrency": "USD",
    "cik": "0001375365",
    "fillingDate": "2006-03-31",
    "acceptedDate": "2006-03-31 00:00:00",
    "calendarYear": "2006",
    "period": "Q3",
    "revenue": 82950000,
    "costOfRevenue": 0,
    "grossProfit": 82950000,
    "grossProfitRatio": 1,
    "researchAndDevelopmentExpenses": 0,
    "generalAndAdministrativeExpenses": 0,
    "sellingAndMarketingExpenses": 0,
    "sellingGeneralAndAdministrativeExpenses": 0,
    "otherExpenses": 0,
    "operatingExpenses": 0,
    "costAndExpenses": 0,
    "interestIncome": 0,
    "interestExpense": 0,
    "depreciationAndAmortization": 0,
    "ebitda": 82950000,
    "ebitdaratio": 1,
    "operatingIncome": 82950000,
    "operatingIncomeRatio": 1,
    "totalOtherIncomeExpensesNet": 0,
    "incomeBeforeTax": 0,
    "incomeBeforeTaxRatio": 0,
    "incomeTaxExpense": 77982000,
    "netIncome": 4968000,
    "netIncomeRatio": 0.0598915009,
    "eps": 0.0225,
    "epsdiluted": 0.015,
    "weightedAverageShsOut": 220105860,
    "weightedAverageShsOutDil": 318468640,
    "link": null,
    "finalLink": null
  },
  {
    "date": "2005-12-31",
    "symbol": "SMCI",
    "reportedCurrency": "USD",
    "cik": "0001375365",
    "fillingDate": "2005-12-31",
    "acceptedDate": "2005-12-31 00:00:00",
    "calendarYear": "2006",
    "period": "Q2",
    "revenue": 68321000,
    "costOfRevenue": 0,
    "grossProfit": 68321000,
    "grossProfitRatio": 1,
    "researchAndDevelopmentExpenses": 0,
    "generalAndAdministrativeExpenses": 0,
    "sellingAndMarketingExpenses": 0,
    "sellingGeneralAndAdministrativeExpenses": 0,
    "otherExpenses": 0,
    "operatingExpenses": 0,
    "costAndExpenses": 0,
    "interestIncome": 0,
    "interestExpense": 0,
    "depreciationAndAmortization": 0,
    "ebitda": 68321000,
    "ebitdaratio": 1,
    "operatingIncome": 68321000,
    "operatingIncomeRatio": 1,
    "totalOtherIncomeExpensesNet": 0,
    "incomeBeforeTax": 0,
    "incomeBeforeTaxRatio": 0,
    "incomeTaxExpense": 64815000,
    "netIncome": 3506000,
    "netIncomeRatio": 0.0513165791,
    "eps": 0.016,
    "epsdiluted": 0.0115,
    "weightedAverageShsOut": 219608180,
    "weightedAverageShsOutDil": 300210220,
    "link": null,
    "finalLink": null
  },
  {
    "date": "2005-09-30",
    "symbol": "SMCI",
    "reportedCurrency": "USD",
    "cik": "0001375365",
    "fillingDate": "2005-09-30",
    "acceptedDate": "2005-09-30 00:00:00",
    "calendarYear": "2006",
    "period": "Q1",
    "revenue": 68321000,
    "costOfRevenue": 0,
    "grossProfit": 68321000,
    "grossProfitRatio": 1,
    "researchAndDevelopmentExpenses": 0,
    "generalAndAdministrativeExpenses": 0,
    "sellingAndMarketingExpenses": 0,
    "sellingGeneralAndAdministrativeExpenses": 0,
    "otherExpenses": 0,
    "operatingExpenses": 0,
    "costAndExpenses": 0,
    "interestIncome": 0,
    "interestExpense": 0,
    "depreciationAndAmortization": 0,
    "ebitda": 68321000,
    "ebitdaratio": 1,
    "operatingIncome": 68321000,
    "operatingIncomeRatio": 1,
    "totalOtherIncomeExpensesNet": 0,
    "incomeBeforeTax": 0,
    "incomeBeforeTaxRatio": 0,
    "incomeTaxExpense": 64815000,
    "netIncome": 3506000,
    "netIncomeRatio": 0.0513165791,
    "eps": 0.016,
    "epsdiluted": 0.0115,
    "weightedAverageShsOut": 219608180,
    "weightedAverageShsOutDil": 300210220,
    "link": null,
    "finalLink": null
  },
  {
    "date": "2005-06-30",
    "symbol": "SMCI",
    "reportedCurrency": "USD",
    "cik": "0001375365",
    "fillingDate": "2005-06-30",
    "acceptedDate": "2005-06-30 00:00:00",
    "calendarYear": "2005",
    "period": "Q4",
    "revenue": 52940000,
    "costOfRevenue": 0,
    "grossProfit": 52940000,
    "grossProfitRatio": 1,
    "researchAndDevelopmentExpenses": 0,
    "generalAndAdministrativeExpenses": 0,
    "sellingAndMarketingExpenses": 0,
    "sellingGeneralAndAdministrativeExpenses": 0,
    "otherExpenses": -200301000,
    "operatingExpenses": -200301000,
    "costAndExpenses": -200301000,
    "interestIncome": 0,
    "interestExpense": 0,
    "depreciationAndAmortization": 0,
    "ebitda": -147361000,
    "ebitdaratio": -2.7835474122,
    "operatingIncome": -147361000,
    "operatingIncomeRatio": -2.7835474122,
    "totalOtherIncomeExpensesNet": 0,
    "incomeBeforeTax": 0,
    "incomeBeforeTaxRatio": 0,
    "incomeTaxExpense": -149132000,
    "netIncome": 1771000,
    "netIncomeRatio": 0.0334529656,
    "eps": 0.0081,
    "epsdiluted": 0.006,
    "weightedAverageShsOut": 219377550,
    "weightedAverageShsOutDil": 297317210,
    "link": null,
    "finalLink": null
  },
  {
    "date": "2005-03-31",
    "symbol": "SMCI",
    "reportedCurrency": "USD",
    "cik": "0001375365",
    "fillingDate": "2005-03-31",
    "acceptedDate": "2005-03-31 00:00:00",
    "calendarYear": "2005",
    "period": "Q3",
    "revenue": 52941000,
    "costOfRevenue": 0,
    "grossProfit": 52941000,
    "grossProfitRatio": 1,
    "researchAndDevelopmentExpenses": 0,
    "generalAndAdministrativeExpenses": 0,
    "sellingAndMarketingExpenses": 0,
    "sellingGeneralAndAdministrativeExpenses": 0,
    "otherExpenses": 0,
    "operatingExpenses": 0,
    "costAndExpenses": 0,
    "interestIncome": 0,
    "interestExpense": 0,
    "depreciationAndAmortization": 0,
    "ebitda": 52941000,
    "ebitdaratio": 1,
    "operatingIncome": 52941000,
    "operatingIncomeRatio": 1,
    "totalOtherIncomeExpensesNet": 0,
    "incomeBeforeTax": 0,
    "incomeBeforeTaxRatio": 0,
    "incomeTaxExpense": 51168000,
    "netIncome": 1773000,
    "netIncomeRatio": 0.0334901116,
    "eps": 0.008,
    "epsdiluted": 0.006,
    "weightedAverageShsOut": 219146920,
    "weightedAverageShsOutDil": 294424200,
    "link": null,
    "finalLink": null
  },
  {
    "date": "2004-12-31",
    "symbol": "SMCI",
    "reportedCurrency": "USD",
    "cik": "0001375365",
    "fillingDate": "2004-12-31",
    "acceptedDate": "2004-12-31 00:00:00",
    "calendarYear": "2005",
    "period": "Q2",
    "revenue": 52941000,
    "costOfRevenue": 0,
    "grossProfit": 52941000,
    "grossProfitRatio": 1,
    "researchAndDevelopmentExpenses": 0,
    "generalAndAdministrativeExpenses": 0,
    "sellingAndMarketingExpenses": 0,
    "sellingGeneralAndAdministrativeExpenses": 0,
    "otherExpenses": 0,
    "operatingExpenses": 0,
    "costAndExpenses": 0,
    "interestIncome": 0,
    "interestExpense": 0,
    "depreciationAndAmortization": 0,
    "ebitda": 52941000,
    "ebitdaratio": 1,
    "operatingIncome": 52941000,
    "operatingIncomeRatio": 1,
    "totalOtherIncomeExpensesNet": 0,
    "incomeBeforeTax": 0,
    "incomeBeforeTaxRatio": 0,
    "incomeTaxExpense": 51168000,
    "netIncome": 1773000,
    "netIncomeRatio": 0.0334901116,
    "eps": 0.008,
    "epsdiluted": 0.006,
    "weightedAverageShsOut": 219146920,
    "weightedAverageShsOutDil": 294424200,
    "link": null,
    "finalLink": null
  },
  {
    "date": "2004-09-30",
    "symbol": "SMCI",
    "reportedCurrency": "USD",
    "cik": "0001375365",
    "fillingDate": "2004-09-30",
    "acceptedDate": "2004-09-30 00:00:00",
    "calendarYear": "2005",
    "period": "Q1",
    "revenue": 52941000,
    "costOfRevenue": 0,
    "grossProfit": 52941000,
    "grossProfitRatio": 1,
    "researchAndDevelopmentExpenses": 0,
    "generalAndAdministrativeExpenses": 0,
    "sellingAndMarketingExpenses": 0,
    "sellingGeneralAndAdministrativeExpenses": 0,
    "otherExpenses": 0,
    "operatingExpenses": 0,
    "costAndExpenses": 0,
    "interestIncome": 0,
    "interestExpense": 0,
    "depreciationAndAmortization": 0,
    "ebitda": 52941000,
    "ebitdaratio": 1,
    "operatingIncome": 52941000,
    "operatingIncomeRatio": 1,
    "totalOtherIncomeExpensesNet": 0,
    "incomeBeforeTax": 0,
    "incomeBeforeTaxRatio": 0,
    "incomeTaxExpense": 51168000,
    "netIncome": 1773000,
    "netIncomeRatio": 0.0334901116,
    "eps": 0.008,
    "epsdiluted": 0.006,
    "weightedAverageShsOut": 219146920,
    "weightedAverageShsOutDil": 294424200,
    "link": null,
    "finalLink": null
  }
]