[
  {
    "date": "2025-06-28",
    "symbol": "SNA",
    "reportedCurrency": "USD",
    "cik": "0000091440",
    "fillingDate": "2025-07-17",
    "acceptedDate": "2025-07-17 11:17:18",
    "calendarYear": "2025",
    "period": "Q2",
    "revenue": 1281100000,
    "costOfRevenue": 617400000,
    "grossProfit": 663700000,
    "grossProfitRatio": 0.5180704082,
    "researchAndDevelopmentExpenses": 0,
    "generalAndAdministrativeExpenses": 0,
    "sellingAndMarketingExpenses": 0,
    "sellingGeneralAndAdministrativeExpenses": 0,
    "otherExpenses": 336400000,
    "operatingExpenses": 336400000,
    "costAndExpenses": 953800000,
    "interestIncome": 14100000,
    "interestExpense": 12300000,
    "depreciationAndAmortization": 24400000,
    "ebitda": 366000000,
    "ebitdaratio": 0.2856919835,
    "operatingIncome": 327300000,
    "operatingIncomeRatio": 0.2554835688,
    "totalOtherIncomeExpensesNet": 2000000,
    "incomeBeforeTax": 329300000,
    "incomeBeforeTaxRatio": 0.2570447272,
    "incomeTaxExpense": 72500000,
    "netIncome": 250300000,
    "netIncomeRatio": 0.1953789712,
    "eps": 4.8,
    "epsdiluted": 4.72,
    "weightedAverageShsOut": 52200000,
    "weightedAverageShsOutDil": 53000000,
    "link": "https://www.sec.gov/Archives/edgar/data/91440/000009144025000064/0000091440-25-000064-index.htm",
    "finalLink": "https://www.sec.gov/Archives/edgar/data/91440/000009144025000064/sna-20250628.htm"
  },
  {
    "date": "2025-03-29",
    "symbol": "SNA",
    "reportedCurrency": "USD",
    "cik": "0000091440",
    "fillingDate": "2025-04-17",
    "acceptedDate": "2025-04-17 11:14:49",
    "calendarYear": "2025",
    "period": "Q1",
    "revenue": 1243200000,
    "costOfRevenue": 594400000,
    "grossProfit": 648800000,
    "grossProfitRatio": 0.5218790219,
    "researchAndDevelopmentExpenses": 0,
    "generalAndAdministrativeExpenses": 0,
    "sellingAndMarketingExpenses": 0,
    "sellingGeneralAndAdministrativeExpenses": 0,
    "otherExpenses": 335400000,
    "operatingExpenses": 335400000,
    "costAndExpenses": 929800000,
    "interestIncome": 13900000,
    "interestExpense": 12400000,
    "depreciationAndAmortization": 24000000,
    "ebitda": 351800000,
    "ebitdaratio": 0.282979408,
    "operatingIncome": 313400000,
    "operatingIncomeRatio": 0.2520913771,
    "totalOtherIncomeExpensesNet": 2000000,
    "incomeBeforeTax": 315400000,
    "incomeBeforeTaxRatio": 0.2537001287,
    "incomeTaxExpense": 68700000,
    "netIncome": 240500000,
    "netIncomeRatio": 0.193452381,
    "eps": 4.59,
    "epsdiluted": 4.51,
    "weightedAverageShsOut": 52400000,
    "weightedAverageShsOutDil": 53300000,
    "link": "https://www.sec.gov/Archives/edgar/data/91440/000009144025000031/0000091440-25-000031-index.htm",
    "finalLink": "https://www.sec.gov/Archives/edgar/data/91440/000009144025000031/sna-20250329.htm"
  },
  {
    "date": "2024-12-28",
    "symbol": "SNA",
    "reportedCurrency": "USD",
    "cik": "0000091440",
    "fillingDate": "2025-02-13",
    "acceptedDate": "2025-02-13 17:00:30",
    "calendarYear": "2024",
    "period": "Q4",
    "revenue": 1299200000,
    "costOfRevenue": 636400000,
    "grossProfit": 662800000,
    "grossProfitRatio": 0.5101600985,
    "researchAndDevelopmentExpenses": 0,
    "generalAndAdministrativeExpenses": 0,
    "sellingAndMarketingExpenses": 0,
    "sellingGeneralAndAdministrativeExpenses": 0,
    "otherExpenses": 330900000,
    "operatingExpenses": 330900000,
    "costAndExpenses": 967300000,
    "interestIncome": 14700000,
    "interestExpense": 12300000,
    "depreciationAndAmortization": 24300000,
    "ebitda": 375800000,
    "ebitdaratio": 0.2892549261,
    "operatingIncome": 331900000,
    "operatingIncomeRatio": 0.2554649015,
    "totalOtherIncomeExpensesNet": 7300000,
    "incomeBeforeTax": 339200000,
    "incomeBeforeTaxRatio": 0.2610837438,
    "incomeTaxExpense": 75000000,
    "netIncome": 258100000,
    "netIncomeRatio": 0.1986607143,
    "eps": 4.91,
    "epsdiluted": 4.82,
    "weightedAverageShsOut": 52600000,
    "weightedAverageShsOutDil": 53500000,
    "link": "https://www.sec.gov/Archives/edgar/data/91440/000009144025000010/0000091440-25-000010-index.htm",
    "finalLink": "https://www.sec.gov/Archives/edgar/data/91440/000009144025000010/sna-20241228.htm"
  },
  {
    "date": "2024-09-28",
    "symbol": "SNA",
    "reportedCurrency": "USD",
    "cik": "0000091440",
    "fillingDate": "2024-10-17",
    "acceptedDate": "2024-10-17 11:13:57",
    "calendarYear": "2024",
    "period": "Q3",
    "revenue": 1247400000,
    "costOfRevenue": 587900000,
    "grossProfit": 659500000,
    "grossProfitRatio": 0.5286996954,
    "researchAndDevelopmentExpenses": 0,
    "generalAndAdministrativeExpenses": 0,
    "sellingAndMarketingExpenses": 0,
    "sellingGeneralAndAdministrativeExpenses": 0,
    "otherExpenses": 335400000,
    "operatingExpenses": 335400000,
    "costAndExpenses": 923300000,
    "interestIncome": 15200000,
    "interestExpense": 12500000,
    "depreciationAndAmortization": 24600000,
    "ebitda": 369300000,
    "ebitdaratio": 0.2960557961,
    "operatingIncome": 324100000,
    "operatingIncomeRatio": 0.2598204265,
    "totalOtherIncomeExpensesNet": 8100000,
    "incomeBeforeTax": 332200000,
    "incomeBeforeTaxRatio": 0.266313933,
    "incomeTaxExpense": 74700000,
    "netIncome": 251100000,
    "netIncomeRatio": 0.2012987013,
    "eps": 4.77,
    "epsdiluted": 4.7,
    "weightedAverageShsOut": 52600000,
    "weightedAverageShsOutDil": 53400000,
    "link": "https://www.sec.gov/Archives/edgar/data/91440/000009144024000062/0000091440-24-000062-index.htm",
    "finalLink": "https://www.sec.gov/Archives/edgar/data/91440/000009144024000062/sna-20240928.htm"
  },
  {
    "date": "2024-06-29",
    "symbol": "SNA",
    "reportedCurrency": "USD",
    "cik": "0000091440",
    "fillingDate": "2024-07-18",
    "acceptedDate": "2024-07-18 11:23:06",
    "calendarYear": "2024",
    "period": "Q2",
    "revenue": 1279900000,
    "costOfRevenue": 612400000,
    "grossProfit": 667500000,
    "grossProfitRatio": 0.5215251191,
    "researchAndDevelopmentExpenses": 0,
    "generalAndAdministrativeExpenses": 0,
    "sellingAndMarketingExpenses": 0,
    "sellingGeneralAndAdministrativeExpenses": 0,
    "otherExpenses": 317000000,
    "operatingExpenses": 317000000,
    "costAndExpenses": 929400000,
    "interestIncome": 14200000,
    "interestExpense": 12300000,
    "depreciationAndAmortization": 24600000,
    "ebitda": 393800000,
    "ebitdaratio": 0.3076802875,
    "operatingIncome": 350500000,
    "operatingIncomeRatio": 0.2738495195,
    "totalOtherIncomeExpensesNet": 6400000,
    "incomeBeforeTax": 356900000,
    "incomeBeforeTaxRatio": 0.2788499101,
    "incomeTaxExpense": 79300000,
    "netIncome": 271200000,
    "netIncomeRatio": 0.211891554,
    "eps": 5.15,
    "epsdiluted": 5.07,
    "weightedAverageShsOut": 52661542,
    "weightedAverageShsOutDil": 53495884,
    "link": "https://www.sec.gov/Archives/edgar/data/91440/000009144024000051/0000091440-24-000051-index.htm",
    "finalLink": "https://www.sec.gov/Archives/edgar/data/91440/000009144024000051/sna-20240629.htm"
  },
  {
    "date": "2024-03-30",
    "symbol": "SNA",
    "reportedCurrency": "USD",
    "cik": "0000091440",
    "fillingDate": "2024-04-18",
    "acceptedDate": "2024-04-18 11:11:11",
    "calendarYear": "2024",
    "period": "Q1",
    "revenue": 1182300000,
    "costOfRevenue": 585600000,
    "grossProfit": 596700000,
    "grossProfitRatio": 0.50469424,
    "researchAndDevelopmentExpenses": 0,
    "generalAndAdministrativeExpenses": -7000000,
    "sellingAndMarketingExpenses": 0,
    "sellingGeneralAndAdministrativeExpenses": -7000000,
    "otherExpenses": 264500000,
    "operatingExpenses": 257500000,
    "costAndExpenses": 843100000,
    "interestIncome": 12900000,
    "interestExpense": 12500000,
    "depreciationAndAmortization": 24500000,
    "ebitda": 381800000,
    "ebitdaratio": 0.3229298824,
    "operatingIncome": 339200000,
    "operatingIncomeRatio": 0.2868984183,
    "totalOtherIncomeExpensesNet": 5600000,
    "incomeBeforeTax": 344800000,
    "incomeBeforeTaxRatio": 0.2916349488,
    "incomeTaxExpense": 75200000,
    "netIncome": 263500000,
    "netIncomeRatio": 0.2228706758,
    "eps": 5,
    "epsdiluted": 4.91,
    "weightedAverageShsOut": 52741565,
    "weightedAverageShsOutDil": 53671031,
    "link": "https://www.sec.gov/Archives/edgar/data/91440/000009144024000029/0000091440-24-000029-index.htm",
    "finalLink": "https://www.sec.gov/Archives/edgar/data/91440/000009144024000029/sna-20240330.htm"
  },
  {
    "date": "2023-12-30",
    "symbol": "SNA",
    "reportedCurrency": "USD",
    "cik": "0000091440",
    "fillingDate": "2024-02-16",
    "acceptedDate": "2024-02-15 17:36:51",
    "calendarYear": "2023",
    "period": "Q4",
    "revenue": 1196600000,
    "costOfRevenue": 619000000,
    "grossProfit": 577600000,
    "grossProfitRatio": 0.4827009861,
    "researchAndDevelopmentExpenses": 0,
    "generalAndAdministrativeExpenses": 0,
    "sellingAndMarketingExpenses": 0,
    "sellingGeneralAndAdministrativeExpenses": 0,
    "otherExpenses": 251800000,
    "operatingExpenses": 251800000,
    "costAndExpenses": 870800000,
    "interestIncome": 11400000,
    "interestExpense": 12900000,
    "depreciationAndAmortization": 25000000,
    "ebitda": 368300000,
    "ebitdaratio": 0.3077887347,
    "operatingIncome": 325800000,
    "operatingIncomeRatio": 0.2722714357,
    "totalOtherIncomeExpensesNet": 5000000,
    "incomeBeforeTax": 330800000,
    "incomeBeforeTaxRatio": 0.2764499415,
    "incomeTaxExpense": 69500000,
    "netIncome": 255300000,
    "netIncomeRatio": 0.2133545044,
    "eps": 4.84,
    "epsdiluted": 4.75,
    "weightedAverageShsOut": 52700000,
    "weightedAverageShsOutDil": 53800000,
    "link": "https://www.sec.gov/Archives/edgar/data/91440/000009144024000005/0000091440-24-000005-index.htm",
    "finalLink": "https://www.sec.gov/Archives/edgar/data/91440/000009144024000005/sna-20231230.htm"
  },
  {
    "date": "2023-09-30",
    "symbol": "SNA",
    "reportedCurrency": "USD",
    "cik": "0000091440",
    "fillingDate": "2023-10-19",
    "acceptedDate": "2023-10-19 11:15:31",
    "calendarYear": "2023",
    "period": "Q3",
    "revenue": 1159300000,
    "costOfRevenue": 581100000,
    "grossProfit": 578200000,
    "grossProfitRatio": 0.4987492452,
    "researchAndDevelopmentExpenses": 0,
    "generalAndAdministrativeExpenses": 0,
    "sellingAndMarketingExpenses": 0,
    "sellingGeneralAndAdministrativeExpenses": 0,
    "otherExpenses": 263600000,
    "operatingExpenses": 263600000,
    "costAndExpenses": 844700000,
    "interestIncome": 10900000,
    "interestExpense": 12800000,
    "depreciationAndAmortization": 24600000,
    "ebitda": 357200000,
    "ebitdaratio": 0.3081169671,
    "operatingIncome": 314600000,
    "operatingIncomeRatio": 0.2713706547,
    "totalOtherIncomeExpensesNet": 5600000,
    "incomeBeforeTax": 320200000,
    "incomeBeforeTaxRatio": 0.2762011559,
    "incomeTaxExpense": 71100000,
    "netIncome": 243100000,
    "netIncomeRatio": 0.2096955059,
    "eps": 4.6,
    "epsdiluted": 4.51,
    "weightedAverageShsOut": 52822472,
    "weightedAverageShsOutDil": 53902179,
    "link": "https://www.sec.gov/Archives/edgar/data/91440/000009144023000033/0000091440-23-000033-index.htm",
    "finalLink": "https://www.sec.gov/Archives/edgar/data/91440/000009144023000033/sna-20230930.htm"
  },
  {
    "date": "2023-07-01",
    "symbol": "SNA",
    "reportedCurrency": "USD",
    "cik": "0000091440",
    "fillingDate": "2023-07-20",
    "acceptedDate": "2023-07-20 11:10:18",
    "calendarYear": "2023",
    "period": "Q2",
    "revenue": 1191300000,
    "costOfRevenue": 587600000,
    "grossProfit": 603700000,
    "grossProfitRatio": 0.5067573239,
    "researchAndDevelopmentExpenses": 0,
    "generalAndAdministrativeExpenses": 0,
    "sellingAndMarketingExpenses": 0,
    "sellingGeneralAndAdministrativeExpenses": 0,
    "otherExpenses": 259800000,
    "operatingExpenses": 259800000,
    "costAndExpenses": 847400000,
    "interestIncome": 9900000,
    "interestExpense": 13000000,
    "depreciationAndAmortization": 24800000,
    "ebitda": 385500000,
    "ebitdaratio": 0.3235960715,
    "operatingIncome": 343900000,
    "operatingIncomeRatio": 0.288676236,
    "totalOtherIncomeExpensesNet": 4200000,
    "incomeBeforeTax": 348100000,
    "incomeBeforeTaxRatio": 0.2922017964,
    "incomeTaxExpense": 78200000,
    "netIncome": 264000000,
    "netIncomeRatio": 0.2216066482,
    "eps": 4.99,
    "epsdiluted": 4.89,
    "weightedAverageShsOut": 52956701,
    "weightedAverageShsOutDil": 54005879,
    "link": "https://www.sec.gov/Archives/edgar/data/91440/000009144023000025/0000091440-23-000025-index.htm",
    "finalLink": "https://www.sec.gov/Archives/edgar/data/91440/000009144023000025/sna-20230701.htm"
  },
  {
    "date": "2023-04-01",
    "symbol": "SNA",
    "reportedCurrency": "USD",
    "cik": "0000091440",
    "fillingDate": "2023-04-20",
    "acceptedDate": "2023-04-20 11:13:04",
    "calendarYear": "2023",
    "period": "Q1",
    "revenue": 1183000000,
    "costOfRevenue": 593400000,
    "grossProfit": 589600000,
    "grossProfitRatio": 0.4983939138,
    "researchAndDevelopmentExpenses": 0,
    "generalAndAdministrativeExpenses": -9600000,
    "sellingAndMarketingExpenses": 0,
    "sellingGeneralAndAdministrativeExpenses": -9600000,
    "otherExpenses": 273100000,
    "operatingExpenses": 263500000,
    "costAndExpenses": 856900000,
    "interestIncome": 8000000,
    "interestExpense": 12800000,
    "depreciationAndAmortization": 24900000,
    "ebitda": 366200000,
    "ebitdaratio": 0.3095519865,
    "operatingIncome": 326100000,
    "operatingIncomeRatio": 0.2756551141,
    "totalOtherIncomeExpensesNet": 2800000,
    "incomeBeforeTax": 328900000,
    "incomeBeforeTaxRatio": 0.278021978,
    "incomeTaxExpense": 74600000,
    "netIncome": 248700000,
    "netIncomeRatio": 0.2102282333,
    "eps": 4.69,
    "epsdiluted": 4.6,
    "weightedAverageShsOut": 53019170,
    "weightedAverageShsOutDil": 54063751,
    "link": "https://www.sec.gov/Archives/edgar/data/91440/000009144023000011/0000091440-23-000011-index.htm",
    "finalLink": "https://www.sec.gov/Archives/edgar/data/91440/000009144023000011/sna-20230401.htm"
  },
  {
    "date": "2022-12-31",
    "symbol": "SNA",
    "reportedCurrency": "USD",
    "cik": "0000091440",
    "fillingDate": "2023-02-09",
    "acceptedDate": "2023-02-09 17:22:32",
    "calendarYear": "2022",
    "period": "Q4",
    "revenue": 1155900000,
    "costOfRevenue": 595200000,
    "grossProfit": 560700000,
    "grossProfitRatio": 0.4850765637,
    "researchAndDevelopmentExpenses": 0,
    "generalAndAdministrativeExpenses": 0,
    "sellingAndMarketingExpenses": 0,
    "sellingGeneralAndAdministrativeExpenses": 0,
    "otherExpenses": 248800000,
    "operatingExpenses": 248800000,
    "costAndExpenses": 844000000,
    "interestIncome": 6300000,
    "interestExpense": 12000000,
    "depreciationAndAmortization": 24700000,
    "ebitda": 348400000,
    "ebitdaratio": 0.3014101566,
    "operatingIncome": 311900000,
    "operatingIncomeRatio": 0.2698330305,
    "totalOtherIncomeExpensesNet": -200000,
    "incomeBeforeTax": 311700000,
    "incomeBeforeTaxRatio": 0.2696600052,
    "incomeTaxExpense": 67200000,
    "netIncome": 238900000,
    "netIncomeRatio": 0.2066787784,
    "eps": 4.5,
    "epsdiluted": 4.42,
    "weightedAverageShsOut": 53100000,
    "weightedAverageShsOutDil": 54100000,
    "link": "https://www.sec.gov/Archives/edgar/data/91440/000009144023000005/0000091440-23-000005-index.htm",
    "finalLink": "https://www.sec.gov/Archives/edgar/data/91440/000009144023000005/sna-20221231.htm"
  },
  {
    "date": "2022-10-01",
    "symbol": "SNA",
    "reportedCurrency": "USD",
    "cik": "0000091440",
    "fillingDate": "2022-10-20",
    "acceptedDate": "2022-10-20 11:05:28",
    "calendarYear": "2022",
    "period": "Q3",
    "revenue": 1102500000,
    "costOfRevenue": 569900000,
    "grossProfit": 532600000,
    "grossProfitRatio": 0.4830839002,
    "researchAndDevelopmentExpenses": 0,
    "generalAndAdministrativeExpenses": 0,
    "sellingAndMarketingExpenses": 0,
    "sellingGeneralAndAdministrativeExpenses": 0,
    "otherExpenses": 242700000,
    "operatingExpenses": 242700000,
    "costAndExpenses": 812600000,
    "interestIncome": 4600000,
    "interestExpense": 12200000,
    "depreciationAndAmortization": 24400000,
    "ebitda": 327400000,
    "ebitdaratio": 0.2969614512,
    "operatingIncome": 289900000,
    "operatingIncomeRatio": 0.2629478458,
    "totalOtherIncomeExpensesNet": 1300000,
    "incomeBeforeTax": 291200000,
    "incomeBeforeTaxRatio": 0.2641269841,
    "incomeTaxExpense": 61700000,
    "netIncome": 223900000,
    "netIncomeRatio": 0.2030839002,
    "eps": 4.21,
    "epsdiluted": 4.14,
    "weightedAverageShsOut": 53200000,
    "weightedAverageShsOutDil": 54100000,
    "link": "https://www.sec.gov/Archives/edgar/data/91440/000009144022000031/0000091440-22-000031-index.htm",
    "finalLink": "https://www.sec.gov/Archives/edgar/data/91440/000009144022000031/sna-20221001.htm"
  },
  {
    "date": "2022-07-02",
    "symbol": "SNA",
    "reportedCurrency": "USD",
    "cik": "0000091440",
    "fillingDate": "2022-07-21",
    "acceptedDate": "2022-07-21 11:07:48",
    "calendarYear": "2022",
    "period": "Q2",
    "revenue": 1136600000,
    "costOfRevenue": 583100000,
    "grossProfit": 553500000,
    "grossProfitRatio": 0.4869787084,
    "researchAndDevelopmentExpenses": 0,
    "generalAndAdministrativeExpenses": 0,
    "sellingAndMarketingExpenses": 0,
    "sellingGeneralAndAdministrativeExpenses": 0,
    "otherExpenses": 241600000,
    "operatingExpenses": 241600000,
    "costAndExpenses": 824700000,
    "interestIncome": 1600000,
    "interestExpense": 12100000,
    "depreciationAndAmortization": 25400000,
    "ebitda": 346600000,
    "ebitdaratio": 0.3049445715,
    "operatingIncome": 311900000,
    "operatingIncomeRatio": 0.2744149217,
    "totalOtherIncomeExpensesNet": -2400000,
    "incomeBeforeTax": 309500000,
    "incomeBeforeTaxRatio": 0.2723033609,
    "incomeTaxExpense": 72300000,
    "netIncome": 231500000,
    "netIncomeRatio": 0.2036776351,
    "eps": 4.34,
    "epsdiluted": 4.27,
    "weightedAverageShsOut": 53312259,
    "weightedAverageShsOutDil": 54238807,
    "link": "https://www.sec.gov/Archives/edgar/data/91440/000009144022000026/0000091440-22-000026-index.htm",
    "finalLink": "https://www.sec.gov/Archives/edgar/data/91440/000009144022000026/sna-20220702.htm"
  },
  {
    "date": "2022-04-02",
    "symbol": "SNA",
    "reportedCurrency": "USD",
    "cik": "0000091440",
    "fillingDate": "2022-04-21",
    "acceptedDate": "2022-04-21 11:09:55",
    "calendarYear": "2022",
    "period": "Q1",
    "revenue": 1097800000,
    "costOfRevenue": 563500000,
    "grossProfit": 534300000,
    "grossProfitRatio": 0.4867006741,
    "researchAndDevelopmentExpenses": 0,
    "generalAndAdministrativeExpenses": 0,
    "sellingAndMarketingExpenses": 0,
    "sellingGeneralAndAdministrativeExpenses": 0,
    "otherExpenses": 240800000,
    "operatingExpenses": 240800000,
    "costAndExpenses": 804300000,
    "interestIncome": 500000,
    "interestExpense": 12000000,
    "depreciationAndAmortization": 25700000,
    "ebitda": 327500000,
    "ebitdaratio": 0.2983239206,
    "operatingIncome": 293500000,
    "operatingIncomeRatio": 0.2673528876,
    "totalOtherIncomeExpensesNet": -3300000,
    "incomeBeforeTax": 290200000,
    "incomeBeforeTaxRatio": 0.2643468756,
    "incomeTaxExpense": 67500000,
    "netIncome": 217400000,
    "netIncomeRatio": 0.1980324285,
    "eps": 4.07,
    "epsdiluted": 4,
    "weightedAverageShsOut": 53396714,
    "weightedAverageShsOutDil": 54312014,
    "link": "https://www.sec.gov/Archives/edgar/data/91440/000009144022000014/0000091440-22-000014-index.htm",
    "finalLink": "https://www.sec.gov/Archives/edgar/data/91440/000009144022000014/sna-20220402.htm"
  },
  {
    "date": "2022-01-01",
    "symbol": "SNA",
    "reportedCurrency": "USD",
    "cik": "0000091440",
    "fillingDate": "2022-02-11",
    "acceptedDate": "2022-02-10 18:18:46",
    "calendarYear": "2021",
    "period": "Q4",
    "revenue": 1108300000,
    "costOfRevenue": 574900000,
    "grossProfit": 533400000,
    "grossProfitRatio": 0.4812776324,
    "researchAndDevelopmentExpenses": 0,
    "generalAndAdministrativeExpenses": 0,
    "sellingAndMarketingExpenses": 0,
    "sellingGeneralAndAdministrativeExpenses": 0,
    "otherExpenses": 234000000,
    "operatingExpenses": 234000000,
    "costAndExpenses": 808900000,
    "interestIncome": 900000,
    "interestExpense": 11300000,
    "depreciationAndAmortization": 29700000,
    "ebitda": 334200000,
    "ebitdaratio": 0.3015429035,
    "operatingIncome": 299400000,
    "operatingIncomeRatio": 0.270143463,
    "totalOtherIncomeExpensesNet": -6200000,
    "incomeBeforeTax": 293200000,
    "incomeBeforeTaxRatio": 0.2645493098,
    "incomeTaxExpense": 64100000,
    "netIncome": 223700000,
    "netIncomeRatio": 0.2018406569,
    "eps": 4.18,
    "epsdiluted": 4.1,
    "weightedAverageShsOut": 53500000,
    "weightedAverageShsOutDil": 54500000,
    "link": "https://www.sec.gov/Archives/edgar/data/91440/000009144022000005/0000091440-22-000005-index.htm",
    "finalLink": "https://www.sec.gov/Archives/edgar/data/91440/000009144022000005/sna-20220101.htm"
  },
  {
    "date": "2021-10-02",
    "symbol": "SNA",
    "reportedCurrency": "USD",
    "cik": "0000091440",
    "fillingDate": "2021-10-21",
    "acceptedDate": "2021-10-21 11:13:35",
    "calendarYear": "2021",
    "period": "Q3",
    "revenue": 1037700000,
    "costOfRevenue": 517000000,
    "grossProfit": 520700000,
    "grossProfitRatio": 0.5017827889,
    "researchAndDevelopmentExpenses": 0,
    "generalAndAdministrativeExpenses": 0,
    "sellingAndMarketingExpenses": 0,
    "sellingGeneralAndAdministrativeExpenses": 0,
    "otherExpenses": 248800000,
    "operatingExpenses": 248800000,
    "costAndExpenses": 765800000,
    "interestIncome": 0,
    "interestExpense": 13200000,
    "depreciationAndAmortization": 24900000,
    "ebitda": 300500000,
    "ebitdaratio": 0.289582731,
    "operatingIncome": 271900000,
    "operatingIncomeRatio": 0.2620217789,
    "totalOtherIncomeExpensesNet": -9500000,
    "incomeBeforeTax": 262400000,
    "incomeBeforeTaxRatio": 0.2528669172,
    "incomeTaxExpense": 60900000,
    "netIncome": 196200000,
    "netIncomeRatio": 0.1890719861,
    "eps": 3.65,
    "epsdiluted": 3.57,
    "weightedAverageShsOut": 53800000,
    "weightedAverageShsOutDil": 54900000,
    "link": "https://www.sec.gov/Archives/edgar/data/91440/000009144021000029/0000091440-21-000029-index.htm",
    "finalLink": "https://www.sec.gov/Archives/edgar/data/91440/000009144021000029/sna-20211002.htm"
  },
  {
    "date": "2021-07-03",
    "symbol": "SNA",
    "reportedCurrency": "USD",
    "cik": "0000091440",
    "fillingDate": "2021-07-22",
    "acceptedDate": "2021-07-22 11:12:21",
    "calendarYear": "2021",
    "period": "Q2",
    "revenue": 1081400000,
    "costOfRevenue": 538300000,
    "grossProfit": 543100000,
    "grossProfitRatio": 0.5022193453,
    "researchAndDevelopmentExpenses": 0,
    "generalAndAdministrativeExpenses": 0,
    "sellingAndMarketingExpenses": 0,
    "sellingGeneralAndAdministrativeExpenses": 0,
    "otherExpenses": 257100000,
    "operatingExpenses": 257100000,
    "costAndExpenses": 795400000,
    "interestIncome": 0,
    "interestExpense": 14300000,
    "depreciationAndAmortization": 25500000,
    "ebitda": 314900000,
    "ebitdaratio": 0.291196597,
    "operatingIncome": 286000000,
    "operatingIncomeRatio": 0.2644719808,
    "totalOtherIncomeExpensesNet": -9900000,
    "incomeBeforeTax": 276100000,
    "incomeBeforeTaxRatio": 0.2553171814,
    "incomeTaxExpense": 62900000,
    "netIncome": 208000000,
    "netIncomeRatio": 0.1923432587,
    "eps": 3.85,
    "epsdiluted": 3.76,
    "weightedAverageShsOut": 54051436,
    "weightedAverageShsOutDil": 55307732,
    "link": "https://www.sec.gov/Archives/edgar/data/91440/000009144021000023/0000091440-21-000023-index.htm",
    "finalLink": "https://www.sec.gov/Archives/edgar/data/91440/000009144021000023/sna-20210703.htm"
  },
  {
    "date": "2021-04-03",
    "symbol": "SNA",
    "reportedCurrency": "USD",
    "cik": "0000091440",
    "fillingDate": "2021-04-22",
    "acceptedDate": "2021-04-22 11:17:09",
    "calendarYear": "2021",
    "period": "Q1",
    "revenue": 1024600000,
    "costOfRevenue": 511000000,
    "grossProfit": 513600000,
    "grossProfitRatio": 0.5012687878,
    "researchAndDevelopmentExpenses": 0,
    "generalAndAdministrativeExpenses": 0,
    "sellingAndMarketingExpenses": 0,
    "sellingGeneralAndAdministrativeExpenses": 0,
    "otherExpenses": 247400000,
    "operatingExpenses": 247400000,
    "costAndExpenses": 758400000,
    "interestIncome": 0,
    "interestExpense": 14300000,
    "depreciationAndAmortization": 24700000,
    "ebitda": 295200000,
    "ebitdaratio": 0.2881124341,
    "operatingIncome": 266200000,
    "operatingIncomeRatio": 0.2598087058,
    "totalOtherIncomeExpensesNet": -9500000,
    "incomeBeforeTax": 256700000,
    "incomeBeforeTaxRatio": 0.2505367948,
    "incomeTaxExpense": 59100000,
    "netIncome": 192600000,
    "netIncomeRatio": 0.1879757954,
    "eps": 3.55,
    "epsdiluted": 3.5,
    "weightedAverageShsOut": 54200000,
    "weightedAverageShsOutDil": 55100000,
    "link": "https://www.sec.gov/Archives/edgar/data/91440/000009144021000011/0000091440-21-000011-index.htm",
    "finalLink": "https://www.sec.gov/Archives/edgar/data/91440/000009144021000011/sna-20210403.htm"
  },
  {
    "date": "2021-01-02",
    "symbol": "SNA",
    "reportedCurrency": "USD",
    "cik": "0000091440",
    "fillingDate": "2021-02-11",
    "acceptedDate": "2021-02-11 17:29:52",
    "calendarYear": "2020",
    "period": "Q4",
    "revenue": 1074400000,
    "costOfRevenue": 558200000,
    "grossProfit": 516200000,
    "grossProfitRatio": 0.480454207,
    "researchAndDevelopmentExpenses": 0,
    "generalAndAdministrativeExpenses": 0,
    "sellingAndMarketingExpenses": 0,
    "sellingGeneralAndAdministrativeExpenses": 0,
    "otherExpenses": 231500000,
    "operatingExpenses": 231500000,
    "costAndExpenses": 789700000,
    "interestIncome": 500000,
    "interestExpense": 15800000,
    "depreciationAndAmortization": 25200000,
    "ebitda": 312300000,
    "ebitdaratio": 0.2906738645,
    "operatingIncome": 285700000,
    "operatingIncomeRatio": 0.26591586,
    "totalOtherIncomeExpensesNet": -13700000,
    "incomeBeforeTax": 272000000,
    "incomeBeforeTaxRatio": 0.253164557,
    "incomeTaxExpense": 58200000,
    "netIncome": 208900000,
    "netIncomeRatio": 0.1944341028,
    "eps": 3.85,
    "epsdiluted": 3.82,
    "weightedAverageShsOut": 54200000,
    "weightedAverageShsOutDil": 54700000,
    "link": "https://www.sec.gov/Archives/edgar/data/91440/000009144021000005/0000091440-21-000005-index.htm",
    "finalLink": "https://www.sec.gov/Archives/edgar/data/91440/000009144021000005/sna-20210102.htm"
  },
  {
    "date": "2020-09-26",
    "symbol": "SNA",
    "reportedCurrency": "USD",
    "cik": "0000091440",
    "fillingDate": "2020-10-22",
    "acceptedDate": "2020-10-22 11:17:14",
    "calendarYear": "2020",
    "period": "Q3",
    "revenue": 941600000,
    "costOfRevenue": 472100000,
    "grossProfit": 469500000,
    "grossProfitRatio": 0.4986193713,
    "researchAndDevelopmentExpenses": 0,
    "generalAndAdministrativeExpenses": 0,
    "sellingAndMarketingExpenses": 0,
    "sellingGeneralAndAdministrativeExpenses": 0,
    "otherExpenses": 218200000,
    "operatingExpenses": 218200000,
    "costAndExpenses": 690300000,
    "interestIncome": 500000,
    "interestExpense": 14200000,
    "depreciationAndAmortization": 23900000,
    "ebitda": 278000000,
    "ebitdaratio": 0.295242141,
    "operatingIncome": 251300000,
    "operatingIncomeRatio": 0.2668861512,
    "totalOtherIncomeExpensesNet": -11500000,
    "incomeBeforeTax": 239800000,
    "incomeBeforeTaxRatio": 0.2546728972,
    "incomeTaxExpense": 55100000,
    "netIncome": 179700000,
    "netIncomeRatio": 0.1908453696,
    "eps": 3.31,
    "epsdiluted": 3.28,
    "weightedAverageShsOut": 54300000,
    "weightedAverageShsOutDil": 54800000,
    "link": "https://www.sec.gov/Archives/edgar/data/91440/000009144020000028/0000091440-20-000028-index.htm",
    "finalLink": "https://www.sec.gov/Archives/edgar/data/91440/000009144020000028/sna-20200926.htm"
  },
  {
    "date": "2020-06-27",
    "symbol": "SNA",
    "reportedCurrency": "USD",
    "cik": "0000091440",
    "fillingDate": "2020-07-31",
    "acceptedDate": "2020-07-31 11:14:21",
    "calendarYear": "2020",
    "period": "Q2",
    "revenue": 808900000,
    "costOfRevenue": 408100000,
    "grossProfit": 400800000,
    "grossProfitRatio": 0.4954876993,
    "researchAndDevelopmentExpenses": 0,
    "generalAndAdministrativeExpenses": 0,
    "sellingAndMarketingExpenses": 0,
    "sellingGeneralAndAdministrativeExpenses": 248100000,
    "otherExpenses": 0,
    "operatingExpenses": 248100000,
    "costAndExpenses": 656200000,
    "interestIncome": 300000,
    "interestExpense": 13800000,
    "depreciationAndAmortization": 23800000,
    "ebitda": 174500000,
    "ebitdaratio": 0.2157250587,
    "operatingIncome": 152700000,
    "operatingIncomeRatio": 0.1887748795,
    "totalOtherIncomeExpensesNet": -14900000,
    "incomeBeforeTax": 137800000,
    "incomeBeforeTaxRatio": 0.1703548028,
    "incomeTaxExpense": 31900000,
    "netIncome": 101200000,
    "netIncomeRatio": 0.1251081716,
    "eps": 1.86,
    "epsdiluted": 1.85,
    "weightedAverageShsOut": 54400000,
    "weightedAverageShsOutDil": 54800000,
    "link": "https://www.sec.gov/Archives/edgar/data/91440/000009144020000025/0000091440-20-000025-index.htm",
    "finalLink": "https://www.sec.gov/Archives/edgar/data/91440/000009144020000025/sna-20200627.htm"
  },
  {
    "date": "2020-03-28",
    "symbol": "SNA",
    "reportedCurrency": "USD",
    "cik": "0000091440",
    "fillingDate": "2020-04-21",
    "acceptedDate": "2020-04-21 11:14:18",
    "calendarYear": "2020",
    "period": "Q1",
    "revenue": 852200000,
    "costOfRevenue": 430600000,
    "grossProfit": 421600000,
    "grossProfitRatio": 0.4947195494,
    "researchAndDevelopmentExpenses": 0,
    "generalAndAdministrativeExpenses": 0,
    "sellingAndMarketingExpenses": 0,
    "sellingGeneralAndAdministrativeExpenses": 0,
    "otherExpenses": 225800000,
    "operatingExpenses": 225800000,
    "costAndExpenses": 656400000,
    "interestIncome": 0,
    "interestExpense": 11400000,
    "depreciationAndAmortization": 23800000,
    "ebitda": 221100000,
    "ebitdaratio": 0.2594461394,
    "operatingIncome": 195800000,
    "operatingIncomeRatio": 0.2297582727,
    "totalOtherIncomeExpensesNet": -9900000,
    "incomeBeforeTax": 185900000,
    "incomeBeforeTaxRatio": 0.2181412814,
    "incomeTaxExpense": 43900000,
    "netIncome": 137200000,
    "netIncomeRatio": 0.1609950716,
    "eps": 2.52,
    "epsdiluted": 2.49,
    "weightedAverageShsOut": 54500000,
    "weightedAverageShsOutDil": 55000000,
    "link": "https://www.sec.gov/Archives/edgar/data/91440/000009144020000007/0000091440-20-000007-index.htm",
    "finalLink": "https://www.sec.gov/Archives/edgar/data/91440/000009144020000007/sna-20200328.htm"
  },
  {
    "date": "2019-12-28",
    "symbol": "SNA",
    "reportedCurrency": "USD",
    "cik": "0000091440",
    "fillingDate": "2020-02-13",
    "acceptedDate": "2020-02-13 16:42:10",
    "calendarYear": "2019",
    "period": "Q4",
    "revenue": 955200000,
    "costOfRevenue": 504700000,
    "grossProfit": 450500000,
    "grossProfitRatio": 0.4716289782,
    "researchAndDevelopmentExpenses": 0,
    "generalAndAdministrativeExpenses": 0,
    "sellingAndMarketingExpenses": 0,
    "sellingGeneralAndAdministrativeExpenses": 0,
    "otherExpenses": 216900000,
    "operatingExpenses": 216900000,
    "costAndExpenses": 721600000,
    "interestIncome": 400000,
    "interestExpense": 12500000,
    "depreciationAndAmortization": 23900000,
    "ebitda": 259900000,
    "ebitdaratio": 0.2720896147,
    "operatingIncome": 233600000,
    "operatingIncomeRatio": 0.2445561139,
    "totalOtherIncomeExpensesNet": -9700000,
    "incomeBeforeTax": 223900000,
    "incomeBeforeTaxRatio": 0.2344011725,
    "incomeTaxExpense": 48900000,
    "netIncome": 170600000,
    "netIncomeRatio": 0.17860134,
    "eps": 3.12,
    "epsdiluted": 3.08,
    "weightedAverageShsOut": 54700000,
    "weightedAverageShsOutDil": 55400000,
    "link": "https://www.sec.gov/Archives/edgar/data/91440/000009144020000004/0000091440-20-000004-index.htm",
    "finalLink": "https://www.sec.gov/Archives/edgar/data/91440/000009144020000004/sna-20191228.htm"
  },
  {
    "date": "2019-09-28",
    "symbol": "SNA",
    "reportedCurrency": "USD",
    "cik": "0000091440",
    "fillingDate": "2019-10-17",
    "acceptedDate": "2019-10-17 11:21:02",
    "calendarYear": "2019",
    "period": "Q3",
    "revenue": 901800000,
    "costOfRevenue": 453700000,
    "grossProfit": 448100000,
    "grossProfitRatio": 0.4968950987,
    "researchAndDevelopmentExpenses": 0,
    "generalAndAdministrativeExpenses": 0,
    "sellingAndMarketingExpenses": 0,
    "sellingGeneralAndAdministrativeExpenses": 0,
    "otherExpenses": 219400000,
    "operatingExpenses": 219400000,
    "costAndExpenses": 673100000,
    "interestIncome": 0,
    "interestExpense": 12000000,
    "depreciationAndAmortization": 22900000,
    "ebitda": 254400000,
    "ebitdaratio": 0.2821024617,
    "operatingIncome": 228700000,
    "operatingIncomeRatio": 0.2536039033,
    "totalOtherIncomeExpensesNet": -9200000,
    "incomeBeforeTax": 219500000,
    "incomeBeforeTaxRatio": 0.2434020847,
    "incomeTaxExpense": 50400000,
    "netIncome": 164600000,
    "netIncomeRatio": 0.1825238412,
    "eps": 2.99,
    "epsdiluted": 2.96,
    "weightedAverageShsOut": 54969340,
    "weightedAverageShsOutDil": 55656942,
    "link": "https://www.sec.gov/Archives/edgar/data/91440/000009144019000022/0000091440-19-000022-index.htm",
    "finalLink": "https://www.sec.gov/Archives/edgar/data/91440/000009144019000022/sna-20190928.htm"
  },
  {
    "date": "2019-06-29",
    "symbol": "SNA",
    "reportedCurrency": "USD",
    "cik": "0000091440",
    "fillingDate": "2019-07-18",
    "acceptedDate": "2019-07-18 11:16:43",
    "calendarYear": "2019",
    "period": "Q2",
    "revenue": 951300000,
    "costOfRevenue": 477500000,
    "grossProfit": 473800000,
    "grossProfitRatio": 0.4980552928,
    "researchAndDevelopmentExpenses": 0,
    "generalAndAdministrativeExpenses": 0,
    "sellingAndMarketingExpenses": 0,
    "sellingGeneralAndAdministrativeExpenses": 0,
    "otherExpenses": 223300000,
    "operatingExpenses": 223300000,
    "costAndExpenses": 700800000,
    "interestIncome": 0,
    "interestExpense": 12400000,
    "depreciationAndAmortization": 23000000,
    "ebitda": 275600000,
    "ebitdaratio": 0.2897088195,
    "operatingIncome": 250500000,
    "operatingIncomeRatio": 0.2633238726,
    "totalOtherIncomeExpensesNet": -10300000,
    "incomeBeforeTax": 240500000,
    "incomeBeforeTaxRatio": 0.2528119416,
    "incomeTaxExpense": 55600000,
    "netIncome": 180400000,
    "netIncomeRatio": 0.189635236,
    "eps": 3.27,
    "epsdiluted": 3.22,
    "weightedAverageShsOut": 55200000,
    "weightedAverageShsOutDil": 56000000,
    "link": "https://www.sec.gov/Archives/edgar/data/91440/000009144019000017/0000091440-19-000017-index.htm",
    "finalLink": "https://www.sec.gov/Archives/edgar/data/91440/000009144019000017/snaq2fy1910-qdocument.htm"
  },
  {
    "date": "2019-03-30",
    "symbol": "SNA",
    "reportedCurrency": "USD",
    "cik": "0000091440",
    "fillingDate": "2019-04-18",
    "acceptedDate": "2019-04-18 11:12:06",
    "calendarYear": "2019",
    "period": "Q1",
    "revenue": 921700000,
    "costOfRevenue": 450100000,
    "grossProfit": 471600000,
    "grossProfitRatio": 0.511663231,
    "researchAndDevelopmentExpenses": 0,
    "generalAndAdministrativeExpenses": 0,
    "sellingAndMarketingExpenses": 0,
    "sellingGeneralAndAdministrativeExpenses": 0,
    "otherExpenses": 222100000,
    "operatingExpenses": 222100000,
    "costAndExpenses": 672200000,
    "interestIncome": 0,
    "interestExpense": 12500000,
    "depreciationAndAmortization": 22600000,
    "ebitda": 273600000,
    "ebitdaratio": 0.2968427905,
    "operatingIncome": 249500000,
    "operatingIncomeRatio": 0.2706954541,
    "totalOtherIncomeExpensesNet": -11000000,
    "incomeBeforeTax": 239000000,
    "incomeBeforeTaxRatio": 0.259303461,
    "incomeTaxExpense": 56900000,
    "netIncome": 177900000,
    "netIncomeRatio": 0.1930129109,
    "eps": 3.21,
    "epsdiluted": 3.16,
    "weightedAverageShsOut": 55500000,
    "weightedAverageShsOutDil": 56300000,
    "link": "https://www.sec.gov/Archives/edgar/data/91440/000009144019000008/0000091440-19-000008-index.htm",
    "finalLink": "https://www.sec.gov/Archives/edgar/data/91440/000009144019000008/sna_q1fy19x10-qdocument.htm"
  },
  {
    "date": "2018-12-29",
    "symbol": "SNA",
    "reportedCurrency": "USD",
    "cik": "0000091440",
    "fillingDate": "2019-02-14",
    "acceptedDate": "2019-02-14 16:35:53",
    "calendarYear": "2018",
    "period": "Q4",
    "revenue": 952500000,
    "costOfRevenue": 495100000,
    "grossProfit": 457400000,
    "grossProfitRatio": 0.4802099738,
    "researchAndDevelopmentExpenses": 0,
    "generalAndAdministrativeExpenses": 0,
    "sellingAndMarketingExpenses": 0,
    "sellingGeneralAndAdministrativeExpenses": 0,
    "otherExpenses": 219200000,
    "operatingExpenses": 219200000,
    "costAndExpenses": 714300000,
    "interestIncome": 200000,
    "interestExpense": 12700000,
    "depreciationAndAmortization": 22900000,
    "ebitda": 264100000,
    "ebitdaratio": 0.2772703412,
    "operatingIncome": 238200000,
    "operatingIncomeRatio": 0.2500787402,
    "totalOtherIncomeExpensesNet": -9400000,
    "incomeBeforeTax": 228800000,
    "incomeBeforeTaxRatio": 0.2402099738,
    "incomeTaxExpense": 49500000,
    "netIncome": 175000000,
    "netIncomeRatio": 0.1837270341,
    "eps": 3.14,
    "epsdiluted": 3.09,
    "weightedAverageShsOut": 55800000,
    "weightedAverageShsOutDil": 56600000,
    "link": "https://www.sec.gov/Archives/edgar/data/91440/000009144019000003/0000091440-19-000003-index.htm",
    "finalLink": "https://www.sec.gov/Archives/edgar/data/91440/000009144019000003/sna_fy18x10-kdocument.htm"
  },
  {
    "date": "2018-09-29",
    "symbol": "SNA",
    "reportedCurrency": "USD",
    "cik": "0000091440",
    "fillingDate": "2018-10-18",
    "acceptedDate": "2018-10-18 11:11:40",
    "calendarYear": "2018",
    "period": "Q3",
    "revenue": 898100000,
    "costOfRevenue": 444200000,
    "grossProfit": 453900000,
    "grossProfitRatio": 0.5054002895,
    "researchAndDevelopmentExpenses": 0,
    "generalAndAdministrativeExpenses": 0,
    "sellingAndMarketingExpenses": 0,
    "sellingGeneralAndAdministrativeExpenses": 0,
    "otherExpenses": 221500000,
    "operatingExpenses": 221500000,
    "costAndExpenses": 665700000,
    "interestIncome": 100000,
    "interestExpense": 12800000,
    "depreciationAndAmortization": 23200000,
    "ebitda": 254600000,
    "ebitdaratio": 0.2834873622,
    "operatingIncome": 232400000,
    "operatingIncomeRatio": 0.2587685113,
    "totalOtherIncomeExpensesNet": -13400000,
    "incomeBeforeTax": 219000000,
    "incomeBeforeTaxRatio": 0.2438481238,
    "incomeTaxExpense": 51500000,
    "netIncome": 163200000,
    "netIncomeRatio": 0.181716958,
    "eps": 2.9,
    "epsdiluted": 2.85,
    "weightedAverageShsOut": 56260432,
    "weightedAverageShsOutDil": 57333933,
    "link": "https://www.sec.gov/Archives/edgar/data/91440/000009144018000013/0000091440-18-000013-index.htm",
    "finalLink": "https://www.sec.gov/Archives/edgar/data/91440/000009144018000013/sna_q3fy18x10-qdocument.htm"
  },
  {
    "date": "2018-06-30",
    "symbol": "SNA",
    "reportedCurrency": "USD",
    "cik": "0000091440",
    "fillingDate": "2018-07-19",
    "acceptedDate": "2018-07-19 11:12:11",
    "calendarYear": "2018",
    "period": "Q2",
    "revenue": 954600000,
    "costOfRevenue": 467500000,
    "grossProfit": 487100000,
    "grossProfitRatio": 0.51026608,
    "researchAndDevelopmentExpenses": 0,
    "generalAndAdministrativeExpenses": 0,
    "sellingAndMarketingExpenses": 0,
    "sellingGeneralAndAdministrativeExpenses": 0,
    "otherExpenses": 236200000,
    "operatingExpenses": 236200000,
    "costAndExpenses": 703700000,
    "interestIncome": 200000,
    "interestExpense": 12300000,
    "depreciationAndAmortization": 24000000,
    "ebitda": 274300000,
    "ebitdaratio": 0.287345485,
    "operatingIncome": 250900000,
    "operatingIncomeRatio": 0.2628326,
    "totalOtherIncomeExpensesNet": -12600000,
    "incomeBeforeTax": 238300000,
    "incomeBeforeTaxRatio": 0.2496333543,
    "incomeTaxExpense": 55800000,
    "netIncome": 178700000,
    "netIncomeRatio": 0.1871988267,
    "eps": 3.17,
    "epsdiluted": 3.12,
    "weightedAverageShsOut": 56400000,
    "weightedAverageShsOutDil": 57300000,
    "link": "https://www.sec.gov/Archives/edgar/data/91440/000009144018000008/0000091440-18-000008-index.htm",
    "finalLink": "https://www.sec.gov/Archives/edgar/data/91440/000009144018000008/sna_q2fy18x10-qdocument.htm"
  },
  {
    "date": "2018-03-31",
    "symbol": "SNA",
    "reportedCurrency": "USD",
    "cik": "0000091440",
    "fillingDate": "2018-04-19",
    "acceptedDate": "2018-04-19 11:17:46",
    "calendarYear": "2018",
    "period": "Q1",
    "revenue": 935500000,
    "costOfRevenue": 463900000,
    "grossProfit": 471600000,
    "grossProfitRatio": 0.5041154463,
    "researchAndDevelopmentExpenses": 0,
    "generalAndAdministrativeExpenses": 0,
    "sellingAndMarketingExpenses": 0,
    "sellingGeneralAndAdministrativeExpenses": 0,
    "otherExpenses": 237000000,
    "operatingExpenses": 237000000,
    "costAndExpenses": 700900000,
    "interestIncome": 100000,
    "interestExpense": 14100000,
    "depreciationAndAmortization": 24000000,
    "ebitda": 261400000,
    "ebitdaratio": 0.2794227686,
    "operatingIncome": 234600000,
    "operatingIncomeRatio": 0.2507749866,
    "totalOtherIncomeExpensesNet": -10800000,
    "incomeBeforeTax": 223800000,
    "incomeBeforeTaxRatio": 0.2392303581,
    "incomeTaxExpense": 57600000,
    "netIncome": 163000000,
    "netIncomeRatio": 0.1742383752,
    "eps": 2.87,
    "epsdiluted": 2.82,
    "weightedAverageShsOut": 56700000,
    "weightedAverageShsOutDil": 57800000,
    "link": "https://www.sec.gov/Archives/edgar/data/91440/000162828018004528/0001628280-18-004528-index.htm",
    "finalLink": "https://www.sec.gov/Archives/edgar/data/91440/000162828018004528/sna_q1fy18x10-qdocument.htm"
  },
  {
    "date": "2017-12-30",
    "symbol": "SNA",
    "reportedCurrency": "USD",
    "cik": "0000091440",
    "fillingDate": "2018-02-15",
    "acceptedDate": "2018-02-15 15:12:42",
    "calendarYear": "2017",
    "period": "Q4",
    "revenue": 974600000,
    "costOfRevenue": 509300000,
    "grossProfit": 465300000,
    "grossProfitRatio": 0.4774266366,
    "researchAndDevelopmentExpenses": 0,
    "generalAndAdministrativeExpenses": 0,
    "sellingAndMarketingExpenses": 0,
    "sellingGeneralAndAdministrativeExpenses": 0,
    "otherExpenses": 253200000,
    "operatingExpenses": 253200000,
    "costAndExpenses": 762500000,
    "interestIncome": 100000,
    "interestExpense": 14700000,
    "depreciationAndAmortization": 23800000,
    "ebitda": 234400000,
    "ebitdaratio": 0.2405089267,
    "operatingIncome": 212100000,
    "operatingIncomeRatio": 0.2176277447,
    "totalOtherIncomeExpensesNet": -15100000,
    "incomeBeforeTax": 197000000,
    "incomeBeforeTaxRatio": 0.2021342089,
    "incomeTaxExpense": 63800000,
    "netIncome": 129500000,
    "netIncomeRatio": 0.1328750257,
    "eps": 2.28,
    "epsdiluted": 2.24,
    "weightedAverageShsOut": 56700000,
    "weightedAverageShsOutDil": 57900000,
    "link": "https://www.sec.gov/Archives/edgar/data/91440/000119312518047130/0001193125-18-047130-index.htm",
    "finalLink": "https://www.sec.gov/Archives/edgar/data/91440/000119312518047130/d491312d10k.htm"
  },
  {
    "date": "2017-09-30",
    "symbol": "SNA",
    "reportedCurrency": "USD",
    "cik": "0000091440",
    "fillingDate": "2017-10-19",
    "acceptedDate": "2017-10-19 11:12:16",
    "calendarYear": "2017",
    "period": "Q3",
    "revenue": 903800000,
    "costOfRevenue": 455000000,
    "grossProfit": 448800000,
    "grossProfitRatio": 0.4965700376,
    "researchAndDevelopmentExpenses": 0,
    "generalAndAdministrativeExpenses": 0,
    "sellingAndMarketingExpenses": 0,
    "sellingGeneralAndAdministrativeExpenses": 0,
    "otherExpenses": 240100000,
    "operatingExpenses": 240100000,
    "costAndExpenses": 695100000,
    "interestIncome": 0,
    "interestExpense": 14300000,
    "depreciationAndAmortization": 23500000,
    "ebitda": 230500000,
    "ebitdaratio": 0.2550342996,
    "operatingIncome": 208700000,
    "operatingIncomeRatio": 0.230913919,
    "totalOtherIncomeExpensesNet": -14800000,
    "incomeBeforeTax": 193900000,
    "incomeBeforeTaxRatio": 0.2145386147,
    "incomeTaxExpense": 57200000,
    "netIncome": 133400000,
    "netIncomeRatio": 0.1475990263,
    "eps": 2.33,
    "epsdiluted": 2.29,
    "weightedAverageShsOut": 57200000,
    "weightedAverageShsOutDil": 58300000,
    "link": "https://www.sec.gov/Archives/edgar/data/91440/000119312517313528/0001193125-17-313528-index.htm",
    "finalLink": "https://www.sec.gov/Archives/edgar/data/91440/000119312517313528/d469765d10q.htm"
  },
  {
    "date": "2017-07-01",
    "symbol": "SNA",
    "reportedCurrency": "USD",
    "cik": "0000091440",
    "fillingDate": "2017-07-20",
    "acceptedDate": "2017-07-20 11:16:48",
    "calendarYear": "2017",
    "period": "Q2",
    "revenue": 921400000,
    "costOfRevenue": 458200000,
    "grossProfit": 463200000,
    "grossProfitRatio": 0.5027132624,
    "researchAndDevelopmentExpenses": 0,
    "generalAndAdministrativeExpenses": 0,
    "sellingAndMarketingExpenses": 0,
    "sellingGeneralAndAdministrativeExpenses": 0,
    "otherExpenses": 224900000,
    "operatingExpenses": 224900000,
    "costAndExpenses": 683100000,
    "interestIncome": 100000,
    "interestExpense": 14100000,
    "depreciationAndAmortization": 22800000,
    "ebitda": 259200000,
    "ebitdaratio": 0.2813110484,
    "operatingIncome": 238300000,
    "operatingIncomeRatio": 0.2586281745,
    "totalOtherIncomeExpensesNet": -14900000,
    "incomeBeforeTax": 223400000,
    "incomeBeforeTaxRatio": 0.2424571305,
    "incomeTaxExpense": 67300000,
    "netIncome": 153200000,
    "netIncomeRatio": 0.1662687215,
    "eps": 2.65,
    "epsdiluted": 2.6,
    "weightedAverageShsOut": 57800000,
    "weightedAverageShsOutDil": 59000000,
    "link": "https://www.sec.gov/Archives/edgar/data/91440/000119312517231811/0001193125-17-231811-index.htm",
    "finalLink": "https://www.sec.gov/Archives/edgar/data/91440/000119312517231811/d414768d10q.htm"
  },
  {
    "date": "2017-04-01",
    "symbol": "SNA",
    "reportedCurrency": "USD",
    "cik": "0000091440",
    "fillingDate": "2017-04-20",
    "acceptedDate": "2017-04-20 11:16:45",
    "calendarYear": "2017",
    "period": "Q1",
    "revenue": 887100000,
    "costOfRevenue": 438800000,
    "grossProfit": 448300000,
    "grossProfitRatio": 0.505354526,
    "researchAndDevelopmentExpenses": 0,
    "generalAndAdministrativeExpenses": 0,
    "sellingAndMarketingExpenses": 0,
    "sellingGeneralAndAdministrativeExpenses": 0,
    "otherExpenses": 225600000,
    "operatingExpenses": 225600000,
    "costAndExpenses": 664400000,
    "interestIncome": 100000,
    "interestExpense": 13700000,
    "depreciationAndAmortization": 23100000,
    "ebitda": 243400000,
    "ebitdaratio": 0.2743771841,
    "operatingIncome": 222700000,
    "operatingIncomeRatio": 0.2510427235,
    "totalOtherIncomeExpensesNet": -15100000,
    "incomeBeforeTax": 207600000,
    "incomeBeforeTaxRatio": 0.2340209672,
    "incomeTaxExpense": 62600000,
    "netIncome": 141600000,
    "netIncomeRatio": 0.1596212377,
    "eps": 2.45,
    "epsdiluted": 2.39,
    "weightedAverageShsOut": 57900000,
    "weightedAverageShsOutDil": 59300000,
    "link": "https://www.sec.gov/Archives/edgar/data/91440/000119312517130182/0001193125-17-130182-index.htm",
    "finalLink": "https://www.sec.gov/Archives/edgar/data/91440/000119312517130182/d358428d10q.htm"
  },
  {
    "date": "2016-12-31",
    "symbol": "SNA",
    "reportedCurrency": "USD",
    "cik": "0000091440",
    "fillingDate": "2017-02-09",
    "acceptedDate": "2017-02-09 16:18:39",
    "calendarYear": "2016",
    "period": "Q4",
    "revenue": 889800000,
    "costOfRevenue": 445900000,
    "grossProfit": 443900000,
    "grossProfitRatio": 0.4988761519,
    "researchAndDevelopmentExpenses": 0,
    "generalAndAdministrativeExpenses": 0,
    "sellingAndMarketingExpenses": 0,
    "sellingGeneralAndAdministrativeExpenses": 0,
    "otherExpenses": 216200000,
    "operatingExpenses": 216200000,
    "costAndExpenses": 662100000,
    "interestIncome": 100000,
    "interestExpense": 13100000,
    "depreciationAndAmortization": 67400000,
    "ebitda": 294800000,
    "ebitdaratio": 0.3313104068,
    "operatingIncome": 227700000,
    "operatingIncomeRatio": 0.2559002023,
    "totalOtherIncomeExpensesNet": -13400000,
    "incomeBeforeTax": 214300000,
    "incomeBeforeTaxRatio": 0.2408406383,
    "incomeTaxExpense": 64900000,
    "netIncome": 146300000,
    "netIncomeRatio": 0.1644189706,
    "eps": 2.52,
    "epsdiluted": 2.47,
    "weightedAverageShsOut": 58000000,
    "weightedAverageShsOutDil": 59300000,
    "link": "https://www.sec.gov/Archives/edgar/data/91440/000119312517036139/0001193125-17-036139-index.htm",
    "finalLink": "https://www.sec.gov/Archives/edgar/data/91440/000119312517036139/d308837d10k.htm"
  },
  {
    "date": "2016-10-01",
    "symbol": "SNA",
    "reportedCurrency": "USD",
    "cik": "0000091440",
    "fillingDate": "2016-10-20",
    "acceptedDate": "2016-10-20 11:12:19",
    "calendarYear": "2016",
    "period": "Q3",
    "revenue": 834100000,
    "costOfRevenue": 415000000,
    "grossProfit": 419100000,
    "grossProfitRatio": 0.5024577389,
    "researchAndDevelopmentExpenses": 0,
    "generalAndAdministrativeExpenses": 0,
    "sellingAndMarketingExpenses": 0,
    "sellingGeneralAndAdministrativeExpenses": 0,
    "otherExpenses": 210900000,
    "operatingExpenses": 210900000,
    "costAndExpenses": 625900000,
    "interestIncome": 200000,
    "interestExpense": 13600000,
    "depreciationAndAmortization": 21200000,
    "ebitda": 228600000,
    "ebitdaratio": 0.2740678576,
    "operatingIncome": 208200000,
    "operatingIncomeRatio": 0.2496103585,
    "totalOtherIncomeExpensesNet": -13900000,
    "incomeBeforeTax": 194300000,
    "incomeBeforeTaxRatio": 0.23294569,
    "incomeTaxExpense": 59600000,
    "netIncome": 131700000,
    "netIncomeRatio": 0.1578947368,
    "eps": 2.27,
    "epsdiluted": 2.22,
    "weightedAverageShsOut": 58000000,
    "weightedAverageShsOutDil": 59300000,
    "link": "https://www.sec.gov/Archives/edgar/data/91440/000119312516742417/0001193125-16-742417-index.htm",
    "finalLink": "https://www.sec.gov/Archives/edgar/data/91440/000119312516742417/d258201d10q.htm"
  },
  {
    "date": "2016-07-02",
    "symbol": "SNA",
    "reportedCurrency": "USD",
    "cik": "0000091440",
    "fillingDate": "2016-07-21",
    "acceptedDate": "2016-07-21 11:10:48",
    "calendarYear": "2016",
    "period": "Q2",
    "revenue": 872300000,
    "costOfRevenue": 441000000,
    "grossProfit": 431300000,
    "grossProfitRatio": 0.4944399862,
    "researchAndDevelopmentExpenses": 0,
    "generalAndAdministrativeExpenses": 0,
    "sellingAndMarketingExpenses": 0,
    "sellingGeneralAndAdministrativeExpenses": 0,
    "otherExpenses": 215400000,
    "operatingExpenses": 215400000,
    "costAndExpenses": 656400000,
    "interestIncome": 0,
    "interestExpense": 12900000,
    "depreciationAndAmortization": 21700000,
    "ebitda": 238800000,
    "ebitdaratio": 0.2737590279,
    "operatingIncome": 215900000,
    "operatingIncomeRatio": 0.2475065918,
    "totalOtherIncomeExpensesNet": -11700000,
    "incomeBeforeTax": 204200000,
    "incomeBeforeTaxRatio": 0.2340937751,
    "incomeTaxExpense": 62200000,
    "netIncome": 140100000,
    "netIncomeRatio": 0.1606098819,
    "eps": 2.41,
    "epsdiluted": 2.36,
    "weightedAverageShsOut": 58100000,
    "weightedAverageShsOutDil": 59400000,
    "link": "https://www.sec.gov/Archives/edgar/data/91440/000119312516653238/0001193125-16-653238-index.htm",
    "finalLink": "https://www.sec.gov/Archives/edgar/data/91440/000119312516653238/d212424d10q.htm"
  },
  {
    "date": "2016-04-02",
    "symbol": "SNA",
    "reportedCurrency": "USD",
    "cik": "0000091440",
    "fillingDate": "2016-04-21",
    "acceptedDate": "2016-04-21 11:04:09",
    "calendarYear": "2016",
    "period": "Q1",
    "revenue": 834200000,
    "costOfRevenue": 418900000,
    "grossProfit": 415300000,
    "grossProfitRatio": 0.4978422441,
    "researchAndDevelopmentExpenses": 0,
    "generalAndAdministrativeExpenses": 0,
    "sellingAndMarketingExpenses": 0,
    "sellingGeneralAndAdministrativeExpenses": 0,
    "otherExpenses": 212900000,
    "operatingExpenses": 212900000,
    "costAndExpenses": 631800000,
    "interestIncome": 0,
    "interestExpense": 13100000,
    "depreciationAndAmortization": 21000000,
    "ebitda": 222700000,
    "ebitdaratio": 0.2669623591,
    "operatingIncome": 202400000,
    "operatingIncomeRatio": 0.2426276672,
    "totalOtherIncomeExpensesNet": -13800000,
    "incomeBeforeTax": 188600000,
    "incomeBeforeTaxRatio": 0.2260848717,
    "incomeTaxExpense": 57600000,
    "netIncome": 128300000,
    "netIncomeRatio": 0.153800048,
    "eps": 2.21,
    "epsdiluted": 2.16,
    "weightedAverageShsOut": 58100000,
    "weightedAverageShsOutDil": 59500000,
    "link": "https://www.sec.gov/Archives/edgar/data/91440/000119312516549686/0001193125-16-549686-index.htm",
    "finalLink": "https://www.sec.gov/Archives/edgar/data/91440/000119312516549686/d161415d10q.htm"
  },
  {
    "date": "2016-01-02",
    "symbol": "SNA",
    "reportedCurrency": "USD",
    "cik": "0000091440",
    "fillingDate": "2016-02-11",
    "acceptedDate": "2016-02-11 16:48:22",
    "calendarYear": "2015",
    "period": "Q4",
    "revenue": 851700000,
    "costOfRevenue": 439400000,
    "grossProfit": 412300000,
    "grossProfitRatio": 0.4840906422,
    "researchAndDevelopmentExpenses": 0,
    "generalAndAdministrativeExpenses": 0,
    "sellingAndMarketingExpenses": 0,
    "sellingGeneralAndAdministrativeExpenses": 0,
    "otherExpenses": 205000000,
    "operatingExpenses": 205000000,
    "costAndExpenses": 644400000,
    "interestIncome": 0,
    "interestExpense": 13000000,
    "depreciationAndAmortization": 21400000,
    "ebitda": 228200000,
    "ebitdaratio": 0.2679347188,
    "operatingIncome": 207300000,
    "operatingIncomeRatio": 0.2433955618,
    "totalOtherIncomeExpensesNet": -13500000,
    "incomeBeforeTax": 193800000,
    "incomeBeforeTaxRatio": 0.2275449102,
    "incomeTaxExpense": 59300000,
    "netIncome": 131400000,
    "netIncomeRatio": 0.1542796759,
    "eps": 2.26,
    "epsdiluted": 2.22,
    "weightedAverageShsOut": 58100000,
    "weightedAverageShsOutDil": 59200000,
    "link": "https://www.sec.gov/Archives/edgar/data/91440/000119312516459788/0001193125-16-459788-index.htm",
    "finalLink": "https://www.sec.gov/Archives/edgar/data/91440/000119312516459788/d58704d10k.htm"
  },
  {
    "date": "2015-10-03",
    "symbol": "SNA",
    "reportedCurrency": "USD",
    "cik": "0000091440",
    "fillingDate": "2015-10-22",
    "acceptedDate": "2015-10-22 11:05:50",
    "calendarYear": "2015",
    "period": "Q3",
    "revenue": 821500000,
    "costOfRevenue": 414600000,
    "grossProfit": 406900000,
    "grossProfitRatio": 0.495313451,
    "researchAndDevelopmentExpenses": 0,
    "generalAndAdministrativeExpenses": 0,
    "sellingAndMarketingExpenses": 0,
    "sellingGeneralAndAdministrativeExpenses": 0,
    "otherExpenses": 219800000,
    "operatingExpenses": 219800000,
    "costAndExpenses": 634400000,
    "interestIncome": 0,
    "interestExpense": 13000000,
    "depreciationAndAmortization": -22200000,
    "ebitda": 186600000,
    "ebitdaratio": 0.2271454656,
    "operatingIncome": 187100000,
    "operatingIncomeRatio": 0.2277541083,
    "totalOtherIncomeExpensesNet": -13500000,
    "incomeBeforeTax": 173600000,
    "incomeBeforeTaxRatio": 0.2113207547,
    "incomeTaxExpense": 53900000,
    "netIncome": 116800000,
    "netIncomeRatio": 0.142178941,
    "eps": 2.01,
    "epsdiluted": 1.98,
    "weightedAverageShsOut": 58100000,
    "weightedAverageShsOutDil": 59100000,
    "link": "https://www.sec.gov/Archives/edgar/data/91440/000119312515350204/0001193125-15-350204-index.htm",
    "finalLink": "https://www.sec.gov/Archives/edgar/data/91440/000119312515350204/d16516d10q.htm"
  },
  {
    "date": "2015-07-04",
    "symbol": "SNA",
    "reportedCurrency": "USD",
    "cik": "0000091440",
    "fillingDate": "2015-07-23",
    "acceptedDate": "2015-07-23 11:11:34",
    "calendarYear": "2015",
    "period": "Q2",
    "revenue": 851800000,
    "costOfRevenue": 432800000,
    "grossProfit": 419000000,
    "grossProfitRatio": 0.4918995069,
    "researchAndDevelopmentExpenses": 0,
    "generalAndAdministrativeExpenses": 0,
    "sellingAndMarketingExpenses": 0,
    "sellingGeneralAndAdministrativeExpenses": 0,
    "otherExpenses": 226800000,
    "operatingExpenses": 226800000,
    "costAndExpenses": 659600000,
    "interestIncome": 0,
    "interestExpense": 12900000,
    "depreciationAndAmortization": 20600000,
    "ebitda": 212100000,
    "ebitdaratio": 0.2490021132,
    "operatingIncome": 192200000,
    "operatingIncomeRatio": 0.2256398216,
    "totalOtherIncomeExpensesNet": -13600000,
    "incomeBeforeTax": 178600000,
    "incomeBeforeTaxRatio": 0.2096736323,
    "incomeTaxExpense": 56200000,
    "netIncome": 120000000,
    "netIncomeRatio": 0.1408781404,
    "eps": 2.07,
    "epsdiluted": 2.03,
    "weightedAverageShsOut": 58100000,
    "weightedAverageShsOutDil": 59100000,
    "link": "https://www.sec.gov/Archives/edgar/data/91440/000119312515260787/0001193125-15-260787-index.htm",
    "finalLink": "https://www.sec.gov/Archives/edgar/data/91440/000119312515260787/d939337d10q.htm"
  },
  {
    "date": "2015-04-04",
    "symbol": "SNA",
    "reportedCurrency": "USD",
    "cik": "0000091440",
    "fillingDate": "2015-04-23",
    "acceptedDate": "2015-04-23 11:12:03",
    "calendarYear": "2015",
    "period": "Q1",
    "revenue": 827800000,
    "costOfRevenue": 417700000,
    "grossProfit": 410100000,
    "grossProfitRatio": 0.4954095192,
    "researchAndDevelopmentExpenses": 0,
    "generalAndAdministrativeExpenses": 0,
    "sellingAndMarketingExpenses": 0,
    "sellingGeneralAndAdministrativeExpenses": 0,
    "otherExpenses": 231900000,
    "operatingExpenses": 231900000,
    "costAndExpenses": 649600000,
    "interestIncome": 0,
    "interestExpense": 13000000,
    "depreciationAndAmortization": 20000000,
    "ebitda": 197500000,
    "ebitdaratio": 0.2385841991,
    "operatingIncome": 178200000,
    "operatingIncomeRatio": 0.2152693887,
    "totalOtherIncomeExpensesNet": -13700000,
    "incomeBeforeTax": 164500000,
    "incomeBeforeTaxRatio": 0.1987194975,
    "incomeTaxExpense": 51800000,
    "netIncome": 110500000,
    "netIncomeRatio": 0.1334863494,
    "eps": 1.9,
    "epsdiluted": 1.87,
    "weightedAverageShsOut": 58100000,
    "weightedAverageShsOutDil": 59100000,
    "link": "https://www.sec.gov/Archives/edgar/data/91440/000119312515143380/0001193125-15-143380-index.htm",
    "finalLink": "https://www.sec.gov/Archives/edgar/data/91440/000119312515143380/d901618d10q.htm"
  },
  {
    "date": "2015-01-03",
    "symbol": "SNA",
    "reportedCurrency": "USD",
    "cik": "0000091440",
    "fillingDate": "2015-02-12",
    "acceptedDate": "2015-02-12 13:42:22",
    "calendarYear": "2014",
    "period": "Q4",
    "revenue": 857400000,
    "costOfRevenue": 446100000,
    "grossProfit": 411300000,
    "grossProfitRatio": 0.4797060882,
    "researchAndDevelopmentExpenses": 0,
    "generalAndAdministrativeExpenses": 0,
    "sellingAndMarketingExpenses": 0,
    "sellingGeneralAndAdministrativeExpenses": 0,
    "otherExpenses": 223900000,
    "operatingExpenses": 223900000,
    "costAndExpenses": 670000000,
    "interestIncome": 0,
    "interestExpense": 13800000,
    "depreciationAndAmortization": 20500000,
    "ebitda": 207700000,
    "ebitdaratio": 0.2422439935,
    "operatingIncome": 187400000,
    "operatingIncomeRatio": 0.218567763,
    "totalOtherIncomeExpensesNet": -14000000,
    "incomeBeforeTax": 173400000,
    "incomeBeforeTaxRatio": 0.2022393282,
    "incomeTaxExpense": 54900000,
    "netIncome": 116200000,
    "netIncomeRatio": 0.1355260089,
    "eps": 2,
    "epsdiluted": 1.97,
    "weightedAverageShsOut": 58100000,
    "weightedAverageShsOutDil": 59100000,
    "link": "https://www.sec.gov/Archives/edgar/data/91440/000119312515046309/0001193125-15-046309-index.htm",
    "finalLink": "https://www.sec.gov/Archives/edgar/data/91440/000119312515046309/d829867d10k.htm"
  },
  {
    "date": "2014-09-27",
    "symbol": "SNA",
    "reportedCurrency": "USD",
    "cik": "0000091440",
    "fillingDate": "2014-10-16",
    "acceptedDate": "2014-10-16 11:02:33",
    "calendarYear": "2014",
    "period": "Q3",
    "revenue": 806300000,
    "costOfRevenue": 412400000,
    "grossProfit": 393900000,
    "grossProfitRatio": 0.4885278432,
    "researchAndDevelopmentExpenses": 0,
    "generalAndAdministrativeExpenses": 0,
    "sellingAndMarketingExpenses": 0,
    "sellingGeneralAndAdministrativeExpenses": 0,
    "otherExpenses": 225600000,
    "operatingExpenses": 225600000,
    "costAndExpenses": 638000000,
    "interestIncome": 0,
    "interestExpense": 12700000,
    "depreciationAndAmortization": 19700000,
    "ebitda": 187100000,
    "ebitdaratio": 0.232047625,
    "operatingIncome": 168300000,
    "operatingIncomeRatio": 0.2087312415,
    "totalOtherIncomeExpensesNet": -13600000,
    "incomeBeforeTax": 154700000,
    "incomeBeforeTaxRatio": 0.1918640704,
    "incomeTaxExpense": 48400000,
    "netIncome": 103700000,
    "netIncomeRatio": 0.1286121791,
    "eps": 1.78,
    "epsdiluted": 1.76,
    "weightedAverageShsOut": 58100000,
    "weightedAverageShsOutDil": 59000000,
    "link": "https://www.sec.gov/Archives/edgar/data/91440/000119312514373460/0001193125-14-373460-index.htm",
    "finalLink": "https://www.sec.gov/Archives/edgar/data/91440/000119312514373460/d786164d10q.htm"
  },
  {
    "date": "2014-06-28",
    "symbol": "SNA",
    "reportedCurrency": "USD",
    "cik": "0000091440",
    "fillingDate": "2014-07-17",
    "acceptedDate": "2014-07-17 11:05:12",
    "calendarYear": "2014",
    "period": "Q2",
    "revenue": 826500000,
    "costOfRevenue": 426100000,
    "grossProfit": 400400000,
    "grossProfitRatio": 0.4844525106,
    "researchAndDevelopmentExpenses": 0,
    "generalAndAdministrativeExpenses": 0,
    "sellingAndMarketingExpenses": 0,
    "sellingGeneralAndAdministrativeExpenses": 0,
    "otherExpenses": 227500000,
    "operatingExpenses": 227500000,
    "costAndExpenses": 653600000,
    "interestIncome": 0,
    "interestExpense": 12700000,
    "depreciationAndAmortization": 19700000,
    "ebitda": 192900000,
    "ebitdaratio": 0.2333938294,
    "operatingIncome": 172900000,
    "operatingIncomeRatio": 0.2091954023,
    "totalOtherIncomeExpensesNet": -12400000,
    "incomeBeforeTax": 160500000,
    "incomeBeforeTaxRatio": 0.1941923775,
    "incomeTaxExpense": 51900000,
    "netIncome": 106100000,
    "netIncomeRatio": 0.1283726558,
    "eps": 1.83,
    "epsdiluted": 1.8,
    "weightedAverageShsOut": 58100000,
    "weightedAverageShsOutDil": 59000000,
    "link": "https://www.sec.gov/Archives/edgar/data/91440/000119312514271225/0001193125-14-271225-index.htm",
    "finalLink": "https://www.sec.gov/Archives/edgar/data/91440/000119312514271225/d740414d10q.htm"
  },
  {
    "date": "2014-03-29",
    "symbol": "SNA",
    "reportedCurrency": "USD",
    "cik": "0000091440",
    "fillingDate": "2014-04-17",
    "acceptedDate": "2014-04-17 11:06:03",
    "calendarYear": "2014",
    "period": "Q1",
    "revenue": 787500000,
    "costOfRevenue": 408800000,
    "grossProfit": 378700000,
    "grossProfitRatio": 0.4808888889,
    "researchAndDevelopmentExpenses": 0,
    "generalAndAdministrativeExpenses": 0,
    "sellingAndMarketingExpenses": 0,
    "sellingGeneralAndAdministrativeExpenses": 0,
    "otherExpenses": 222600000,
    "operatingExpenses": 222600000,
    "costAndExpenses": 631400000,
    "interestIncome": 0,
    "interestExpense": 13700000,
    "depreciationAndAmortization": 19600000,
    "ebitda": 175600000,
    "ebitdaratio": 0.222984127,
    "operatingIncome": 156100000,
    "operatingIncomeRatio": 0.1982222222,
    "totalOtherIncomeExpensesNet": -13800000,
    "incomeBeforeTax": 142300000,
    "incomeBeforeTaxRatio": 0.1806984127,
    "incomeTaxExpense": 44300000,
    "netIncome": 95900000,
    "netIncomeRatio": 0.1217777778,
    "eps": 1.65,
    "epsdiluted": 1.62,
    "weightedAverageShsOut": 58200000,
    "weightedAverageShsOutDil": 59100000,
    "link": "https://www.sec.gov/Archives/edgar/data/91440/000119312514146982/0001193125-14-146982-index.htm",
    "finalLink": "https://www.sec.gov/Archives/edgar/data/91440/000119312514146982/d698155d10q.htm"
  },
  {
    "date": "2013-12-28",
    "symbol": "SNA",
    "reportedCurrency": "USD",
    "cik": "0000091440",
    "fillingDate": "2014-02-14",
    "acceptedDate": "2014-02-14 14:16:25",
    "calendarYear": "2013",
    "period": "Q4",
    "revenue": 797500000,
    "costOfRevenue": 419000000,
    "grossProfit": 378500000,
    "grossProfitRatio": 0.4746081505,
    "researchAndDevelopmentExpenses": 0,
    "generalAndAdministrativeExpenses": 0,
    "sellingAndMarketingExpenses": 0,
    "sellingGeneralAndAdministrativeExpenses": 0,
    "otherExpenses": 221900000,
    "operatingExpenses": 221900000,
    "costAndExpenses": 640900000,
    "interestIncome": 0,
    "interestExpense": 14300000,
    "depreciationAndAmortization": 19000000,
    "ebitda": 174800000,
    "ebitdaratio": 0.219184953,
    "operatingIncome": 156600000,
    "operatingIncomeRatio": 0.1963636364,
    "totalOtherIncomeExpensesNet": -15100000,
    "incomeBeforeTax": 141500000,
    "incomeBeforeTaxRatio": 0.1774294671,
    "incomeTaxExpense": 44600000,
    "netIncome": 94500000,
    "netIncomeRatio": 0.1184952978,
    "eps": 1.63,
    "epsdiluted": 1.6,
    "weightedAverageShsOut": 58100000,
    "weightedAverageShsOutDil": 59100000,
    "link": "https://www.sec.gov/Archives/edgar/data/91440/000119312514054235/0001193125-14-054235-index.htm",
    "finalLink": "https://www.sec.gov/Archives/edgar/data/91440/000119312514054235/d640970d10k.htm"
  },
  {
    "date": "2013-09-28",
    "symbol": "SNA",
    "reportedCurrency": "USD",
    "cik": "0000091440",
    "fillingDate": "2013-10-17",
    "acceptedDate": "2013-10-17 11:01:04",
    "calendarYear": "2013",
    "period": "Q3",
    "revenue": 753200000,
    "costOfRevenue": 388900000,
    "grossProfit": 364300000,
    "grossProfitRatio": 0.483669676,
    "researchAndDevelopmentExpenses": 0,
    "generalAndAdministrativeExpenses": 0,
    "sellingAndMarketingExpenses": 0,
    "sellingGeneralAndAdministrativeExpenses": 0,
    "otherExpenses": 221400000,
    "operatingExpenses": 221400000,
    "costAndExpenses": 610300000,
    "interestIncome": 0,
    "interestExpense": 14400000,
    "depreciationAndAmortization": 19400000,
    "ebitda": 161500000,
    "ebitdaratio": 0.2144184811,
    "operatingIncome": 142900000,
    "operatingIncomeRatio": 0.1897238449,
    "totalOtherIncomeExpensesNet": -15200000,
    "incomeBeforeTax": 127700000,
    "incomeBeforeTaxRatio": 0.169543282,
    "incomeTaxExpense": 40800000,
    "netIncome": 84600000,
    "netIncomeRatio": 0.1123207647,
    "eps": 1.45,
    "epsdiluted": 1.43,
    "weightedAverageShsOut": 58200000,
    "weightedAverageShsOutDil": 59000000,
    "link": "https://www.sec.gov/Archives/edgar/data/91440/000119312513401902/0001193125-13-401902-index.htm",
    "finalLink": "https://www.sec.gov/Archives/edgar/data/91440/000119312513401902/d594575d10q.htm"
  },
  {
    "date": "2013-06-29",
    "symbol": "SNA",
    "reportedCurrency": "USD",
    "cik": "0000091440",
    "fillingDate": "2013-07-18",
    "acceptedDate": "2013-07-18 11:12:06",
    "calendarYear": "2013",
    "period": "Q2",
    "revenue": 764100000,
    "costOfRevenue": 390900000,
    "grossProfit": 373200000,
    "grossProfitRatio": 0.4884177464,
    "researchAndDevelopmentExpenses": 0,
    "generalAndAdministrativeExpenses": 0,
    "sellingAndMarketingExpenses": 0,
    "sellingGeneralAndAdministrativeExpenses": 0,
    "otherExpenses": 224800000,
    "operatingExpenses": 224800000,
    "costAndExpenses": 615700000,
    "interestIncome": 0,
    "interestExpense": -13800000,
    "depreciationAndAmortization": 19500000,
    "ebitda": 166200000,
    "ebitdaratio": 0.217510797,
    "operatingIncome": 148400000,
    "operatingIncomeRatio": 0.1942154168,
    "totalOtherIncomeExpensesNet": -15500000,
    "incomeBeforeTax": 132900000,
    "incomeBeforeTaxRatio": 0.1739301139,
    "incomeTaxExpense": 42500000,
    "netIncome": 88400000,
    "netIncomeRatio": 0.1156916634,
    "eps": 1.52,
    "epsdiluted": 1.5,
    "weightedAverageShsOut": 58200000,
    "weightedAverageShsOutDil": 59000000,
    "link": "https://www.sec.gov/Archives/edgar/data/91440/000119312513293944/0001193125-13-293944-index.htm",
    "finalLink": "https://www.sec.gov/Archives/edgar/data/91440/000119312513293944/d548711d10q.htm"
  },
  {
    "date": "2013-03-30",
    "symbol": "SNA",
    "reportedCurrency": "USD",
    "cik": "0000091440",
    "fillingDate": "2013-04-18",
    "acceptedDate": "2013-04-18 11:09:44",
    "calendarYear": "2013",
    "period": "Q1",
    "revenue": 741700000,
    "costOfRevenue": 384800000,
    "grossProfit": 356900000,
    "grossProfitRatio": 0.4811918565,
    "researchAndDevelopmentExpenses": 0,
    "generalAndAdministrativeExpenses": 0,
    "sellingAndMarketingExpenses": 0,
    "sellingGeneralAndAdministrativeExpenses": 0,
    "otherExpenses": 218600000,
    "operatingExpenses": 218600000,
    "costAndExpenses": 603400000,
    "interestIncome": 0,
    "interestExpense": -13600000,
    "depreciationAndAmortization": 18800000,
    "ebitda": 156500000,
    "ebitdaratio": 0.2110017527,
    "operatingIncome": 138300000,
    "operatingIncomeRatio": 0.1864635297,
    "totalOtherIncomeExpensesNet": -14200000,
    "incomeBeforeTax": 124100000,
    "incomeBeforeTaxRatio": 0.1673183228,
    "incomeTaxExpense": 38800000,
    "netIncome": 82800000,
    "netIncomeRatio": 0.1116354321,
    "eps": 1.42,
    "epsdiluted": 1.4,
    "weightedAverageShsOut": 58300000,
    "weightedAverageShsOutDil": 59200000,
    "link": "https://www.sec.gov/Archives/edgar/data/91440/000119312513160206/0001193125-13-160206-index.htm",
    "finalLink": "https://www.sec.gov/Archives/edgar/data/91440/000119312513160206/d507261d10q.htm"
  },
  {
    "date": "2012-12-29",
    "symbol": "SNA",
    "reportedCurrency": "USD",
    "cik": "0000091440",
    "fillingDate": "2013-02-14",
    "acceptedDate": "2013-02-14 10:49:32",
    "calendarYear": "2012",
    "period": "Q4",
    "revenue": 753200000,
    "costOfRevenue": 401200000,
    "grossProfit": 352000000,
    "grossProfitRatio": 0.4673393521,
    "researchAndDevelopmentExpenses": 0,
    "generalAndAdministrativeExpenses": 0,
    "sellingAndMarketingExpenses": 0,
    "sellingGeneralAndAdministrativeExpenses": 0,
    "otherExpenses": 211300000,
    "operatingExpenses": 211300000,
    "costAndExpenses": 612500000,
    "interestIncome": 12500000,
    "interestExpense": 0,
    "depreciationAndAmortization": 19500000,
    "ebitda": 160300000,
    "ebitdaratio": 0.2128252788,
    "operatingIncome": 140700000,
    "operatingIncomeRatio": 0.186802974,
    "totalOtherIncomeExpensesNet": -14300000,
    "incomeBeforeTax": 126400000,
    "incomeBeforeTaxRatio": 0.1678173128,
    "incomeTaxExpense": 39800000,
    "netIncome": 84600000,
    "netIncomeRatio": 0.1123207647,
    "eps": 1.45,
    "epsdiluted": 1.43,
    "weightedAverageShsOut": 58200000,
    "weightedAverageShsOutDil": 59000000,
    "link": "https://www.sec.gov/Archives/edgar/data/91440/000119312513058193/0001193125-13-058193-index.htm",
    "finalLink": "https://www.sec.gov/Archives/edgar/data/91440/000119312513058193/d442551d10k.htm"
  },
  {
    "date": "2012-09-29",
    "symbol": "SNA",
    "reportedCurrency": "USD",
    "cik": "0000091440",
    "fillingDate": "2012-10-18",
    "acceptedDate": "2012-10-18 11:12:14",
    "calendarYear": "2012",
    "period": "Q3",
    "revenue": 711600000,
    "costOfRevenue": 371200000,
    "grossProfit": 340400000,
    "grossProfitRatio": 0.4783586284,
    "researchAndDevelopmentExpenses": 0,
    "generalAndAdministrativeExpenses": 0,
    "sellingAndMarketingExpenses": 0,
    "sellingGeneralAndAdministrativeExpenses": 244200000,
    "otherExpenses": -27900000,
    "operatingExpenses": 216300000,
    "costAndExpenses": 587500000,
    "interestIncome": 0,
    "interestExpense": -13600000,
    "depreciationAndAmortization": 19000000,
    "ebitda": 142900000,
    "ebitdaratio": 0.2008150646,
    "operatingIncome": 124100000,
    "operatingIncomeRatio": 0.1743957279,
    "totalOtherIncomeExpensesNet": -13800000,
    "incomeBeforeTax": 110300000,
    "incomeBeforeTaxRatio": 0.1550028106,
    "incomeTaxExpense": 34900000,
    "netIncome": 74100000,
    "netIncomeRatio": 0.1041315346,
    "eps": 1.27,
    "epsdiluted": 1.26,
    "weightedAverageShsOut": 58300000,
    "weightedAverageShsOutDil": 58900000,
    "link": "https://www.sec.gov/Archives/edgar/data/91440/000119312512426871/0001193125-12-426871-index.htm",
    "finalLink": "https://www.sec.gov/Archives/edgar/data/91440/000119312512426871/d400939d10q.htm"
  },
  {
    "date": "2012-06-30",
    "symbol": "SNA",
    "reportedCurrency": "USD",
    "cik": "0000091440",
    "fillingDate": "2012-07-19",
    "acceptedDate": "2012-07-19 11:17:45",
    "calendarYear": "2012",
    "period": "Q2",
    "revenue": 737900000,
    "costOfRevenue": 388000000,
    "grossProfit": 349900000,
    "grossProfitRatio": 0.4741834937,
    "researchAndDevelopmentExpenses": 0,
    "generalAndAdministrativeExpenses": 0,
    "sellingAndMarketingExpenses": 0,
    "sellingGeneralAndAdministrativeExpenses": 245300000,
    "otherExpenses": -25600000,
    "operatingExpenses": 219700000,
    "costAndExpenses": 607700000,
    "interestIncome": -78200000,
    "interestExpense": -13900000,
    "depreciationAndAmortization": 19200000,
    "ebitda": 149500000,
    "ebitdaratio": 0.2026019786,
    "operatingIncome": 130200000,
    "operatingIncomeRatio": 0.176446673,
    "totalOtherIncomeExpensesNet": -13800000,
    "incomeBeforeTax": 116400000,
    "incomeBeforeTaxRatio": 0.1577449519,
    "incomeTaxExpense": 38300000,
    "netIncome": 76400000,
    "netIncomeRatio": 0.1035370646,
    "eps": 1.31,
    "epsdiluted": 1.3,
    "weightedAverageShsOut": 58200000,
    "weightedAverageShsOutDil": 58800000,
    "link": "https://www.sec.gov/Archives/edgar/data/91440/000119312512307088/0001193125-12-307088-index.htm",
    "finalLink": "https://www.sec.gov/Archives/edgar/data/91440/000119312512307088/d360513d10q.htm"
  },
  {
    "date": "2012-03-31",
    "symbol": "SNA",
    "reportedCurrency": "USD",
    "cik": "0000091440",
    "fillingDate": "2012-04-19",
    "acceptedDate": "2012-04-19 12:32:53",
    "calendarYear": "2012",
    "period": "Q1",
    "revenue": 735200000,
    "costOfRevenue": 387500000,
    "grossProfit": 347700000,
    "grossProfitRatio": 0.4729325354,
    "researchAndDevelopmentExpenses": 0,
    "generalAndAdministrativeExpenses": 0,
    "sellingAndMarketingExpenses": 0,
    "sellingGeneralAndAdministrativeExpenses": 250200000,
    "otherExpenses": -23900000,
    "operatingExpenses": 226300000,
    "costAndExpenses": 613800000,
    "interestIncome": -80200000,
    "interestExpense": -13900000,
    "depreciationAndAmortization": 19000000,
    "ebitda": 140000000,
    "ebitdaratio": 0.1904243743,
    "operatingIncome": 121400000,
    "operatingIncomeRatio": 0.165125136,
    "totalOtherIncomeExpensesNet": -14300000,
    "incomeBeforeTax": 107100000,
    "incomeBeforeTaxRatio": 0.1456746464,
    "incomeTaxExpense": 35200000,
    "netIncome": 71000000,
    "netIncomeRatio": 0.0965723613,
    "eps": 1.22,
    "epsdiluted": 1.21,
    "weightedAverageShsOut": 58200000,
    "weightedAverageShsOutDil": 58800000,
    "link": "https://www.sec.gov/Archives/edgar/data/91440/000119312512170165/0001193125-12-170165-index.htm",
    "finalLink": "https://www.sec.gov/Archives/edgar/data/91440/000119312512170165/d319660d10q.htm"
  },
  {
    "date": "2011-12-31",
    "symbol": "SNA",
    "reportedCurrency": "USD",
    "cik": "0000091440",
    "fillingDate": "2012-02-16",
    "acceptedDate": "2012-02-16 09:34:58",
    "calendarYear": "2011",
    "period": "Q4",
    "revenue": 736600000,
    "costOfRevenue": 400800000,
    "grossProfit": 335800000,
    "grossProfitRatio": 0.45587836,
    "researchAndDevelopmentExpenses": 0,
    "generalAndAdministrativeExpenses": 0,
    "sellingAndMarketingExpenses": 0,
    "sellingGeneralAndAdministrativeExpenses": 232000000,
    "otherExpenses": -22100000,
    "operatingExpenses": 209900000,
    "costAndExpenses": 610700000,
    "interestIncome": 300000,
    "interestExpense": 13500000,
    "depreciationAndAmortization": 19200000,
    "ebitda": 144100000,
    "ebitdaratio": 0.1956285637,
    "operatingIncome": 125900000,
    "operatingIncomeRatio": 0.1709204453,
    "totalOtherIncomeExpensesNet": -14500000,
    "incomeBeforeTax": 111400000,
    "incomeBeforeTaxRatio": 0.1512354059,
    "incomeTaxExpense": 36200000,
    "netIncome": 74300000,
    "netIncomeRatio": 0.1008688569,
    "eps": 1.27,
    "epsdiluted": 1.27,
    "weightedAverageShsOut": 58200000,
    "weightedAverageShsOutDil": 58700000,
    "link": "https://www.sec.gov/Archives/edgar/data/91440/000119312512064510/0001193125-12-064510-index.htm",
    "finalLink": "https://www.sec.gov/Archives/edgar/data/91440/000119312512064510/d261304d10k.htm"
  },
  {
    "date": "2011-10-01",
    "symbol": "SNA",
    "reportedCurrency": "USD",
    "cik": "0000091440",
    "fillingDate": "2011-10-20",
    "acceptedDate": "2011-10-20 14:28:23",
    "calendarYear": "2011",
    "period": "Q3",
    "revenue": 697200000,
    "costOfRevenue": 367900000,
    "grossProfit": 329300000,
    "grossProfitRatio": 0.4723178428,
    "researchAndDevelopmentExpenses": 0,
    "generalAndAdministrativeExpenses": 0,
    "sellingAndMarketingExpenses": 0,
    "sellingGeneralAndAdministrativeExpenses": 235000000,
    "otherExpenses": -20800000,
    "operatingExpenses": 214200000,
    "costAndExpenses": 582100000,
    "interestIncome": 300000,
    "interestExpense": 15100000,
    "depreciationAndAmortization": 18800000,
    "ebitda": 132200000,
    "ebitdaratio": 0.1896156053,
    "operatingIncome": 115100000,
    "operatingIncomeRatio": 0.1650889271,
    "totalOtherIncomeExpensesNet": -16800000,
    "incomeBeforeTax": 98300000,
    "incomeBeforeTaxRatio": 0.1409925416,
    "incomeTaxExpense": 30500000,
    "netIncome": 67800000,
    "netIncomeRatio": 0.0972461274,
    "eps": 1.16,
    "epsdiluted": 1.16,
    "weightedAverageShsOut": 58200000,
    "weightedAverageShsOutDil": 58700000,
    "link": "https://www.sec.gov/Archives/edgar/data/91440/000119312511275890/0001193125-11-275890-index.htm",
    "finalLink": "https://www.sec.gov/Archives/edgar/data/91440/000119312511275890/d234288d10q.htm"
  },
  {
    "date": "2011-07-02",
    "symbol": "SNA",
    "reportedCurrency": "USD",
    "cik": "0000091440",
    "fillingDate": "2011-07-21",
    "acceptedDate": "2011-07-21 12:29:55",
    "calendarYear": "2011",
    "period": "Q2",
    "revenue": 726700000,
    "costOfRevenue": 384500000,
    "grossProfit": 342200000,
    "grossProfitRatio": 0.4708958305,
    "researchAndDevelopmentExpenses": 0,
    "generalAndAdministrativeExpenses": 0,
    "sellingAndMarketingExpenses": 0,
    "sellingGeneralAndAdministrativeExpenses": 243400000,
    "otherExpenses": -35500000,
    "operatingExpenses": 207900000,
    "costAndExpenses": 592400000,
    "interestIncome": 400000,
    "interestExpense": 16300000,
    "depreciationAndAmortization": 18300000,
    "ebitda": 153500000,
    "ebitdaratio": 0.2112288427,
    "operatingIncome": 134300000,
    "operatingIncomeRatio": 0.1848080363,
    "totalOtherIncomeExpensesNet": -15400000,
    "incomeBeforeTax": 118900000,
    "incomeBeforeTaxRatio": 0.1636163479,
    "incomeTaxExpense": 39800000,
    "netIncome": 78000000,
    "netIncomeRatio": 0.1073345259,
    "eps": 1.34,
    "epsdiluted": 1.33,
    "weightedAverageShsOut": 58200000,
    "weightedAverageShsOutDil": 58800000,
    "link": "https://www.sec.gov/Archives/edgar/data/91440/000119312511193355/0001193125-11-193355-index.htm",
    "finalLink": "https://www.sec.gov/Archives/edgar/data/91440/000119312511193355/d10q.htm"
  },
  {
    "date": "2011-04-02",
    "symbol": "SNA",
    "reportedCurrency": "USD",
    "cik": "0000091440",
    "fillingDate": "2011-04-21",
    "acceptedDate": "2011-04-21 11:02:33",
    "calendarYear": "2011",
    "period": "Q1",
    "revenue": 693700000,
    "costOfRevenue": 363100000,
    "grossProfit": 330600000,
    "grossProfitRatio": 0.4765748883,
    "researchAndDevelopmentExpenses": 0,
    "generalAndAdministrativeExpenses": 0,
    "sellingAndMarketingExpenses": 0,
    "sellingGeneralAndAdministrativeExpenses": 243300000,
    "otherExpenses": -12500000,
    "operatingExpenses": 230800000,
    "costAndExpenses": 593900000,
    "interestIncome": 400000,
    "interestExpense": 16300000,
    "depreciationAndAmortization": 18300000,
    "ebitda": 118900000,
    "ebitdaratio": 0.1713997405,
    "operatingIncome": 99800000,
    "operatingIncomeRatio": 0.1438662246,
    "totalOtherIncomeExpensesNet": -15500000,
    "incomeBeforeTax": 84300000,
    "incomeBeforeTaxRatio": 0.1215222719,
    "incomeTaxExpense": 27200000,
    "netIncome": 56200000,
    "netIncomeRatio": 0.0810148479,
    "eps": 0.97,
    "epsdiluted": 0.96,
    "weightedAverageShsOut": 58200000,
    "weightedAverageShsOutDil": 58700000,
    "link": "https://www.sec.gov/Archives/edgar/data/91440/000119312511104737/0001193125-11-104737-index.htm",
    "finalLink": "https://www.sec.gov/Archives/edgar/data/91440/000119312511104737/d10q.htm"
  },
  {
    "date": "2011-01-01",
    "symbol": "SNA",
    "reportedCurrency": "USD",
    "cik": "0000091440",
    "fillingDate": "2011-02-17",
    "acceptedDate": "2011-02-17 11:07:55",
    "calendarYear": "2010",
    "period": "Q4",
    "revenue": 656100000,
    "costOfRevenue": 342600000,
    "grossProfit": 313500000,
    "grossProfitRatio": 0.4778235025,
    "researchAndDevelopmentExpenses": 0,
    "generalAndAdministrativeExpenses": 0,
    "sellingAndMarketingExpenses": 0,
    "sellingGeneralAndAdministrativeExpenses": 0,
    "otherExpenses": 216600000,
    "operatingExpenses": 216600000,
    "costAndExpenses": 559200000,
    "interestIncome": 300000,
    "interestExpense": 14100000,
    "depreciationAndAmortization": 18200000,
    "ebitda": 115700000,
    "ebitdaratio": 0.1763450693,
    "operatingIncome": 96900000,
    "operatingIncomeRatio": 0.1476909008,
    "totalOtherIncomeExpensesNet": -13500000,
    "incomeBeforeTax": 83400000,
    "incomeBeforeTaxRatio": 0.1271147691,
    "incomeTaxExpense": 24500000,
    "netIncome": 57900000,
    "netIncomeRatio": 0.0882487426,
    "eps": 0.99,
    "epsdiluted": 0.99,
    "weightedAverageShsOut": 58000000,
    "weightedAverageShsOutDil": 58600000,
    "link": "https://www.sec.gov/Archives/edgar/data/91440/000119312511038686/0001193125-11-038686-index.htm",
    "finalLink": "https://www.sec.gov/Archives/edgar/data/91440/000119312511038686/d10k.htm"
  },
  {
    "date": "2010-10-02",
    "symbol": "SNA",
    "reportedCurrency": "USD",
    "cik": "0000091440",
    "fillingDate": "2010-10-22",
    "acceptedDate": "2010-10-22 11:16:27",
    "calendarYear": "2010",
    "period": "Q3",
    "revenue": 653100000,
    "costOfRevenue": 351900000,
    "grossProfit": 301200000,
    "grossProfitRatio": 0.4611851171,
    "researchAndDevelopmentExpenses": 0,
    "generalAndAdministrativeExpenses": 0,
    "sellingAndMarketingExpenses": 0,
    "sellingGeneralAndAdministrativeExpenses": 222400000,
    "otherExpenses": -5000000,
    "operatingExpenses": 217400000,
    "costAndExpenses": 569300000,
    "interestIncome": 500000,
    "interestExpense": 13500000,
    "depreciationAndAmortization": 18000000,
    "ebitda": 102500000,
    "ebitdaratio": 0.1569438065,
    "operatingIncome": 83800000,
    "operatingIncomeRatio": 0.1283111315,
    "totalOtherIncomeExpensesNet": -12800000,
    "incomeBeforeTax": 71000000,
    "incomeBeforeTaxRatio": 0.1087122952,
    "incomeTaxExpense": 23800000,
    "netIncome": 46500000,
    "netIncomeRatio": 0.0711988976,
    "eps": 0.8,
    "epsdiluted": 0.8,
    "weightedAverageShsOut": 58100000,
    "weightedAverageShsOutDil": 58400000,
    "link": "https://www.sec.gov/Archives/edgar/data/91440/000119312510234336/0001193125-10-234336-index.htm",
    "finalLink": "https://www.sec.gov/Archives/edgar/data/91440/000119312510234336/d10q.htm"
  },
  {
    "date": "2010-07-03",
    "symbol": "SNA",
    "reportedCurrency": "USD",
    "cik": "0000091440",
    "fillingDate": "2010-07-28",
    "acceptedDate": "2010-07-28 15:25:01",
    "calendarYear": "2010",
    "period": "Q2",
    "revenue": 647600000,
    "costOfRevenue": 343800000,
    "grossProfit": 303800000,
    "grossProfitRatio": 0.4691167387,
    "researchAndDevelopmentExpenses": 0,
    "generalAndAdministrativeExpenses": 0,
    "sellingAndMarketingExpenses": 0,
    "sellingGeneralAndAdministrativeExpenses": 224800000,
    "otherExpenses": -1700000,
    "operatingExpenses": 223100000,
    "costAndExpenses": 566900000,
    "interestIncome": 300000,
    "interestExpense": 13200000,
    "depreciationAndAmortization": 18300000,
    "ebitda": 98200000,
    "ebitdaratio": 0.1516368128,
    "operatingIncome": 80700000,
    "operatingIncomeRatio": 0.1246139592,
    "totalOtherIncomeExpensesNet": -14000000,
    "incomeBeforeTax": 66700000,
    "incomeBeforeTaxRatio": 0.1029956763,
    "incomeTaxExpense": 20300000,
    "netIncome": 45300000,
    "netIncomeRatio": 0.0699505868,
    "eps": 0.78,
    "epsdiluted": 0.78,
    "weightedAverageShsOut": 58000000,
    "weightedAverageShsOutDil": 58300000,
    "link": "https://www.sec.gov/Archives/edgar/data/91440/000119312510168916/0001193125-10-168916-index.htm",
    "finalLink": "https://www.sec.gov/Archives/edgar/data/91440/000119312510168916/d10q.htm"
  },
  {
    "date": "2010-04-03",
    "symbol": "SNA",
    "reportedCurrency": "USD",
    "cik": "0000091440",
    "fillingDate": "2010-04-22",
    "acceptedDate": "2010-04-22 13:00:40",
    "calendarYear": "2010",
    "period": "Q1",
    "revenue": 621600000,
    "costOfRevenue": 334000000,
    "grossProfit": 287600000,
    "grossProfitRatio": 0.4626769627,
    "researchAndDevelopmentExpenses": 0,
    "generalAndAdministrativeExpenses": 0,
    "sellingAndMarketingExpenses": 0,
    "sellingGeneralAndAdministrativeExpenses": 215900000,
    "otherExpenses": 1700000,
    "operatingExpenses": 217600000,
    "costAndExpenses": 551600000,
    "interestIncome": 200000,
    "interestExpense": 14000000,
    "depreciationAndAmortization": 18200000,
    "ebitda": 88500000,
    "ebitdaratio": 0.1423745174,
    "operatingIncome": 70000000,
    "operatingIncomeRatio": 0.1126126126,
    "totalOtherIncomeExpensesNet": -13700000,
    "incomeBeforeTax": 56300000,
    "incomeBeforeTaxRatio": 0.0905727156,
    "incomeTaxExpense": 19000000,
    "netIncome": 36800000,
    "netIncomeRatio": 0.0592020592,
    "eps": 0.64,
    "epsdiluted": 0.63,
    "weightedAverageShsOut": 57800000,
    "weightedAverageShsOutDil": 58300000,
    "link": "https://www.sec.gov/Archives/edgar/data/91440/000119312510089810/0001193125-10-089810-index.htm",
    "finalLink": "https://www.sec.gov/Archives/edgar/data/91440/000119312510089810/d10q.htm"
  },
  {
    "date": "2010-01-02",
    "symbol": "SNA",
    "reportedCurrency": "USD",
    "cik": "0000091440",
    "fillingDate": "2010-02-18",
    "acceptedDate": "2010-02-18 10:24:15",
    "calendarYear": "2009",
    "period": "Q4",
    "revenue": 566500000,
    "costOfRevenue": 303400000,
    "grossProfit": 263100000,
    "grossProfitRatio": 0.4644307149,
    "researchAndDevelopmentExpenses": 0,
    "generalAndAdministrativeExpenses": 0,
    "sellingAndMarketingExpenses": 0,
    "sellingGeneralAndAdministrativeExpenses": 0,
    "otherExpenses": 195700000,
    "operatingExpenses": 195700000,
    "costAndExpenses": 499100000,
    "interestIncome": 0,
    "interestExpense": 14700000,
    "depreciationAndAmortization": 19200000,
    "ebitda": 87900000,
    "ebitdaratio": 0.1551632833,
    "operatingIncome": 67400000,
    "operatingIncomeRatio": 0.1189761695,
    "totalOtherIncomeExpensesNet": -13400000,
    "incomeBeforeTax": 54000000,
    "incomeBeforeTaxRatio": 0.0953221536,
    "incomeTaxExpense": 16500000,
    "netIncome": 36600000,
    "netIncomeRatio": 0.0646072374,
    "eps": 0.63,
    "epsdiluted": 0.63,
    "weightedAverageShsOut": 57900000,
    "weightedAverageShsOutDil": 57900000,
    "link": "https://www.sec.gov/Archives/edgar/data/91440/000119312510033916/0001193125-10-033916-index.htm",
    "finalLink": "https://www.sec.gov/Archives/edgar/data/91440/000119312510033916/d10k.htm"
  },
  {
    "date": "2009-10-03",
    "symbol": "SNA",
    "reportedCurrency": "USD",
    "cik": "0000091440",
    "fillingDate": "2009-10-29",
    "acceptedDate": "2009-10-29 11:00:24",
    "calendarYear": "2009",
    "period": "Q3",
    "revenue": 587800000,
    "costOfRevenue": 332600000,
    "grossProfit": 255200000,
    "grossProfitRatio": 0.4341612793,
    "researchAndDevelopmentExpenses": 0,
    "generalAndAdministrativeExpenses": 0,
    "sellingAndMarketingExpenses": 0,
    "sellingGeneralAndAdministrativeExpenses": 0,
    "otherExpenses": 206500000,
    "operatingExpenses": 206500000,
    "costAndExpenses": 539100000,
    "interestIncome": 600000,
    "interestExpense": 12800000,
    "depreciationAndAmortization": 18300000,
    "ebitda": 67200000,
    "ebitdaratio": 0.1143246002,
    "operatingIncome": 48700000,
    "operatingIncomeRatio": 0.08285131,
    "totalOtherIncomeExpensesNet": -12600000,
    "incomeBeforeTax": 36100000,
    "incomeBeforeTaxRatio": 0.0614154474,
    "incomeTaxExpense": 10300000,
    "netIncome": 25400000,
    "netIncomeRatio": 0.0432119769,
    "eps": 0.44,
    "epsdiluted": 0.44,
    "weightedAverageShsOut": 57700000,
    "weightedAverageShsOutDil": 57800000,
    "link": "https://www.sec.gov/Archives/edgar/data/91440/000119312509217103/0001193125-09-217103-index.htm",
    "finalLink": "https://www.sec.gov/Archives/edgar/data/91440/000119312509217103/d10q.htm"
  },
  {
    "date": "2009-07-04",
    "symbol": "SNA",
    "reportedCurrency": "USD",
    "cik": "0000091440",
    "fillingDate": "2009-07-31",
    "acceptedDate": "2009-07-31 11:48:57",
    "calendarYear": "2009",
    "period": "Q2",
    "revenue": 590000000,
    "costOfRevenue": 336000000,
    "grossProfit": 254000000,
    "grossProfitRatio": 0.4305084746,
    "researchAndDevelopmentExpenses": 0,
    "generalAndAdministrativeExpenses": 0,
    "sellingAndMarketingExpenses": 0,
    "sellingGeneralAndAdministrativeExpenses": 200300000,
    "otherExpenses": -16600000,
    "operatingExpenses": 183700000,
    "costAndExpenses": 519700000,
    "interestIncome": 0,
    "interestExpense": 11600000,
    "depreciationAndAmortization": 19000000,
    "ebitda": 90400000,
    "ebitdaratio": 0.153220339,
    "operatingIncome": 70300000,
    "operatingIncomeRatio": 0.1191525424,
    "totalOtherIncomeExpensesNet": -10500000,
    "incomeBeforeTax": 59800000,
    "incomeBeforeTaxRatio": 0.1013559322,
    "incomeTaxExpense": 17600000,
    "netIncome": 37400000,
    "netIncomeRatio": 0.0633898305,
    "eps": 0.65,
    "epsdiluted": 0.65,
    "weightedAverageShsOut": 57700000,
    "weightedAverageShsOutDil": 57900000,
    "link": "https://www.sec.gov/Archives/edgar/data/91440/000110465909046210/0001104659-09-046210-index.htm",
    "finalLink": "https://www.sec.gov/Archives/edgar/data/91440/000110465909046210/a09-18886_110q.htm"
  },
  {
    "date": "2009-04-04",
    "symbol": "SNA",
    "reportedCurrency": "USD",
    "cik": "0000091440",
    "fillingDate": "2009-05-01",
    "acceptedDate": "2009-05-01 11:30:32",
    "calendarYear": "2009",
    "period": "Q1",
    "revenue": 572600000,
    "costOfRevenue": 313900000,
    "grossProfit": 258700000,
    "grossProfitRatio": 0.4517988124,
    "researchAndDevelopmentExpenses": 0,
    "generalAndAdministrativeExpenses": 0,
    "sellingAndMarketingExpenses": 0,
    "sellingGeneralAndAdministrativeExpenses": 204400000,
    "otherExpenses": -10000000,
    "operatingExpenses": 194400000,
    "costAndExpenses": 508300000,
    "interestIncome": 0,
    "interestExpense": 8600000,
    "depreciationAndAmortization": 18100000,
    "ebitda": 82100000,
    "ebitdaratio": 0.1433810688,
    "operatingIncome": 64300000,
    "operatingIncomeRatio": 0.1122947957,
    "totalOtherIncomeExpensesNet": -8900000,
    "incomeBeforeTax": 55400000,
    "incomeBeforeTaxRatio": 0.0967516591,
    "incomeTaxExpense": 18300000,
    "netIncome": 34800000,
    "netIncomeRatio": 0.0607754104,
    "eps": 0.61,
    "epsdiluted": 0.6,
    "weightedAverageShsOut": 57500000,
    "weightedAverageShsOutDil": 57800000,
    "link": "https://www.sec.gov/Archives/edgar/data/91440/000110465909028381/0001104659-09-028381-index.htm",
    "finalLink": "https://www.sec.gov/Archives/edgar/data/91440/000110465909028381/a09-11881_110q.htm"
  },
  {
    "date": "2009-01-03",
    "symbol": "SNA",
    "reportedCurrency": "USD",
    "cik": "0000091440",
    "fillingDate": "2009-02-18",
    "acceptedDate": "2009-02-18 09:05:14",
    "calendarYear": "2008",
    "period": "Q4",
    "revenue": 667800000,
    "costOfRevenue": 367800000,
    "grossProfit": 300000000,
    "grossProfitRatio": 0.4492362983,
    "researchAndDevelopmentExpenses": 0,
    "generalAndAdministrativeExpenses": 0,
    "sellingAndMarketingExpenses": 0,
    "sellingGeneralAndAdministrativeExpenses": 211400000,
    "otherExpenses": -8900000,
    "operatingExpenses": 202500000,
    "costAndExpenses": 570300000,
    "interestIncome": 0,
    "interestExpense": 8700000,
    "depreciationAndAmortization": 17000000,
    "ebitda": 117300000,
    "ebitdaratio": 0.1756513926,
    "operatingIncome": 97500000,
    "operatingIncomeRatio": 0.1460017969,
    "totalOtherIncomeExpensesNet": -9200000,
    "incomeBeforeTax": 88300000,
    "incomeBeforeTaxRatio": 0.1322252171,
    "incomeTaxExpense": 28200000,
    "netIncome": 58600000,
    "netIncomeRatio": 0.0877508236,
    "eps": 1.01,
    "epsdiluted": 1.01,
    "weightedAverageShsOut": 57500000,
    "weightedAverageShsOutDil": 58000000,
    "link": "https://www.sec.gov/Archives/edgar/data/91440/000110465909010323/0001104659-09-010323-index.htm",
    "finalLink": "https://www.sec.gov/Archives/edgar/data/91440/000110465909010323/a09-1236_110k.htm"
  },
  {
    "date": "2008-09-27",
    "symbol": "SNA",
    "reportedCurrency": "USD",
    "cik": "0000091440",
    "fillingDate": "2008-10-23",
    "acceptedDate": "2008-10-23 11:30:29",
    "calendarYear": "2008",
    "period": "Q3",
    "revenue": 715800000,
    "costOfRevenue": 398800000,
    "grossProfit": 317000000,
    "grossProfitRatio": 0.4428611344,
    "researchAndDevelopmentExpenses": 0,
    "generalAndAdministrativeExpenses": 0,
    "sellingAndMarketingExpenses": 0,
    "sellingGeneralAndAdministrativeExpenses": 230600000,
    "otherExpenses": 0,
    "operatingExpenses": 230600000,
    "costAndExpenses": 629400000,
    "interestIncome": 0,
    "interestExpense": 6800000,
    "depreciationAndAmortization": 18500000,
    "ebitda": 105900000,
    "ebitdaratio": 0.1479463537,
    "operatingIncome": 86400000,
    "operatingIncomeRatio": 0.1207041073,
    "totalOtherIncomeExpensesNet": -5800000,
    "incomeBeforeTax": 80600000,
    "incomeBeforeTaxRatio": 0.1126012853,
    "incomeTaxExpense": 26800000,
    "netIncome": 54600000,
    "netIncomeRatio": 0.07627829,
    "eps": 0.95,
    "epsdiluted": 0.94,
    "weightedAverageShsOut": 57500000,
    "weightedAverageShsOutDil": 58200000,
    "link": "https://www.sec.gov/Archives/edgar/data/91440/000110465908065387/0001104659-08-065387-index.htm",
    "finalLink": "https://www.sec.gov/Archives/edgar/data/91440/000110465908065387/a08-26473_110q.htm"
  },
  {
    "date": "2008-06-28",
    "symbol": "SNA",
    "reportedCurrency": "USD",
    "cik": "0000091440",
    "fillingDate": "2008-07-24",
    "acceptedDate": "2008-07-24 16:30:39",
    "calendarYear": "2008",
    "period": "Q2",
    "revenue": 766100000,
    "costOfRevenue": 419600000,
    "grossProfit": 346500000,
    "grossProfitRatio": 0.4522908237,
    "researchAndDevelopmentExpenses": 0,
    "generalAndAdministrativeExpenses": 0,
    "sellingAndMarketingExpenses": 0,
    "sellingGeneralAndAdministrativeExpenses": 245600000,
    "otherExpenses": -10800000,
    "operatingExpenses": 234800000,
    "costAndExpenses": 654400000,
    "interestIncome": 0,
    "interestExpense": 8800000,
    "depreciationAndAmortization": 18800000,
    "ebitda": 131800000,
    "ebitdaratio": 0.1720402036,
    "operatingIncome": 111700000,
    "operatingIncomeRatio": 0.1458034199,
    "totalOtherIncomeExpensesNet": -7500000,
    "incomeBeforeTax": 69700000,
    "incomeBeforeTaxRatio": 0.0909802898,
    "incomeTaxExpense": 34500000,
    "netIncome": 66900000,
    "netIncomeRatio": 0.0873254144,
    "eps": 1.16,
    "epsdiluted": 1.15,
    "weightedAverageShsOut": 57600000,
    "weightedAverageShsOutDil": 58100000,
    "link": "https://www.sec.gov/Archives/edgar/data/91440/000110465908047485/0001104659-08-047485-index.htm",
    "finalLink": "https://www.sec.gov/Archives/edgar/data/91440/000110465908047485/a08-19767_110q.htm"
  },
  {
    "date": "2008-03-29",
    "symbol": "SNA",
    "reportedCurrency": "USD",
    "cik": "0000091440",
    "fillingDate": "2008-04-24",
    "acceptedDate": "2008-04-24 10:43:59",
    "calendarYear": "2008",
    "period": "Q1",
    "revenue": 721600000,
    "costOfRevenue": 395700000,
    "grossProfit": 325900000,
    "grossProfitRatio": 0.451635255,
    "researchAndDevelopmentExpenses": 0,
    "generalAndAdministrativeExpenses": 0,
    "sellingAndMarketingExpenses": 0,
    "sellingGeneralAndAdministrativeExpenses": 245500000,
    "otherExpenses": -12800000,
    "operatingExpenses": 232700000,
    "costAndExpenses": 628400000,
    "interestIncome": 0,
    "interestExpense": 9500000,
    "depreciationAndAmortization": 17700000,
    "ebitda": 111900000,
    "ebitdaratio": 0.1550720621,
    "operatingIncome": 93200000,
    "operatingIncomeRatio": 0.1291574279,
    "totalOtherIncomeExpensesNet": -8500000,
    "incomeBeforeTax": 84700000,
    "incomeBeforeTaxRatio": 0.1173780488,
    "incomeTaxExpense": 28300000,
    "netIncome": 56600000,
    "netIncomeRatio": 0.0784368071,
    "eps": 0.98,
    "epsdiluted": 0.97,
    "weightedAverageShsOut": 57500000,
    "weightedAverageShsOutDil": 58200000,
    "link": "https://www.sec.gov/Archives/edgar/data/91440/000110465908026369/0001104659-08-026369-index.htm",
    "finalLink": "https://www.sec.gov/Archives/edgar/data/91440/000110465908026369/a08-12127_110q.htm"
  },
  {
    "date": "2007-12-29",
    "symbol": "SNA",
    "reportedCurrency": "USD",
    "cik": "0000091440",
    "fillingDate": "2008-02-19",
    "acceptedDate": "2008-02-19 11:13:18",
    "calendarYear": "2007",
    "period": "Q4",
    "revenue": 742900000,
    "costOfRevenue": 409500000,
    "grossProfit": 333400000,
    "grossProfitRatio": 0.448781801,
    "researchAndDevelopmentExpenses": 0,
    "generalAndAdministrativeExpenses": 0,
    "sellingAndMarketingExpenses": 0,
    "sellingGeneralAndAdministrativeExpenses": 245100000,
    "otherExpenses": -8000000,
    "operatingExpenses": 237100000,
    "costAndExpenses": 646600000,
    "interestIncome": 0,
    "interestExpense": 0,
    "depreciationAndAmortization": 25400000,
    "ebitda": 121700000,
    "ebitdaratio": 0.1638174721,
    "operatingIncome": 96300000,
    "operatingIncomeRatio": 0.1296271369,
    "totalOtherIncomeExpensesNet": -10600000,
    "incomeBeforeTax": 85700000,
    "incomeBeforeTaxRatio": 0.1153587293,
    "incomeTaxExpense": 25900000,
    "netIncome": 57300000,
    "netIncomeRatio": 0.0771301656,
    "eps": 0.98,
    "epsdiluted": 0.98,
    "weightedAverageShsOut": 57600000,
    "weightedAverageShsOutDil": 58200000,
    "link": "https://www.sec.gov/Archives/edgar/data/91440/000110465908011401/0001104659-08-011401-index.htm",
    "finalLink": "https://www.sec.gov/Archives/edgar/data/91440/000110465908011401/a08-2386_110k.htm"
  },
  {
    "date": "2007-09-29",
    "symbol": "SNA",
    "reportedCurrency": "USD",
    "cik": "0000091440",
    "fillingDate": "2007-10-24",
    "acceptedDate": "2007-10-24 11:13:40",
    "calendarYear": "2007",
    "period": "Q3",
    "revenue": 680700000,
    "costOfRevenue": 379800000,
    "grossProfit": 300900000,
    "grossProfitRatio": 0.4420449537,
    "researchAndDevelopmentExpenses": 0,
    "generalAndAdministrativeExpenses": 0,
    "sellingAndMarketingExpenses": 0,
    "sellingGeneralAndAdministrativeExpenses": 234100000,
    "otherExpenses": -5600000,
    "operatingExpenses": 228500000,
    "costAndExpenses": 608300000,
    "interestIncome": 0,
    "interestExpense": 0,
    "depreciationAndAmortization": 16500000,
    "ebitda": 88900000,
    "ebitdaratio": 0.1306008521,
    "operatingIncome": 72400000,
    "operatingIncomeRatio": 0.1063610989,
    "totalOtherIncomeExpensesNet": -9700000,
    "incomeBeforeTax": 62700000,
    "incomeBeforeTaxRatio": 0.0921110621,
    "incomeTaxExpense": 21600000,
    "netIncome": 41100000,
    "netIncomeRatio": 0.0603790216,
    "eps": 0.71,
    "epsdiluted": 0.7,
    "weightedAverageShsOut": 57700000,
    "weightedAverageShsOutDil": 58400000,
    "link": "https://www.sec.gov/Archives/edgar/data/91440/000110465907076576/0001104659-07-076576-index.htm",
    "finalLink": "https://www.sec.gov/Archives/edgar/data/91440/000110465907076576/a07-25397_110q.htm"
  },
  {
    "date": "2007-06-30",
    "symbol": "SNA",
    "reportedCurrency": "USD",
    "cik": "0000091440",
    "fillingDate": "2007-07-25",
    "acceptedDate": "2007-07-25 11:01:05",
    "calendarYear": "2007",
    "period": "Q2",
    "revenue": 711900000,
    "costOfRevenue": 389500000,
    "grossProfit": 322400000,
    "grossProfitRatio": 0.4528725945,
    "researchAndDevelopmentExpenses": 0,
    "generalAndAdministrativeExpenses": 0,
    "sellingAndMarketingExpenses": 0,
    "sellingGeneralAndAdministrativeExpenses": 240100000,
    "otherExpenses": -5100000,
    "operatingExpenses": 235000000,
    "costAndExpenses": 624500000,
    "interestIncome": 0,
    "interestExpense": 0,
    "depreciationAndAmortization": 17300000,
    "ebitda": 104700000,
    "ebitdaratio": 0.1470712179,
    "operatingIncome": 87400000,
    "operatingIncomeRatio": 0.122770052,
    "totalOtherIncomeExpensesNet": -9200000,
    "incomeBeforeTax": 78200000,
    "incomeBeforeTaxRatio": 0.1098468886,
    "incomeTaxExpense": 25400000,
    "netIncome": 43800000,
    "netIncomeRatio": 0.0615254952,
    "eps": 0.75,
    "epsdiluted": 0.74,
    "weightedAverageShsOut": 58100000,
    "weightedAverageShsOutDil": 58800000,
    "link": "https://www.sec.gov/Archives/edgar/data/91440/000110465907055959/0001104659-07-055959-index.htm",
    "finalLink": "https://www.sec.gov/Archives/edgar/data/91440/000110465907055959/a07-17975_110q.htm"
  },
  {
    "date": "2007-03-31",
    "symbol": "SNA",
    "reportedCurrency": "USD",
    "cik": "0000091440",
    "fillingDate": "2007-04-24",
    "acceptedDate": "2007-04-24 10:58:56",
    "calendarYear": "2007",
    "period": "Q1",
    "revenue": 705700000,
    "costOfRevenue": 395800000,
    "grossProfit": 309900000,
    "grossProfitRatio": 0.4391384441,
    "researchAndDevelopmentExpenses": 0,
    "generalAndAdministrativeExpenses": 0,
    "sellingAndMarketingExpenses": 0,
    "sellingGeneralAndAdministrativeExpenses": 244900000,
    "otherExpenses": 133700000,
    "operatingExpenses": 378600000,
    "costAndExpenses": 774400000,
    "interestIncome": 0,
    "interestExpense": 0,
    "depreciationAndAmortization": 16500000,
    "ebitda": -52200000,
    "ebitdaratio": -0.0739691087,
    "operatingIncome": -68700000,
    "operatingIncomeRatio": -0.0973501488,
    "totalOtherIncomeExpensesNet": 127300000,
    "incomeBeforeTax": 58600000,
    "incomeBeforeTaxRatio": 0.0830381182,
    "incomeTaxExpense": 19600000,
    "netIncome": 39000000,
    "netIncomeRatio": 0.0552642766,
    "eps": 0.67,
    "epsdiluted": 0.66,
    "weightedAverageShsOut": 58200000,
    "weightedAverageShsOutDil": 59000000,
    "link": "https://www.sec.gov/Archives/edgar/data/91440/000110465907030712/0001104659-07-030712-index.htm",
    "finalLink": "https://www.sec.gov/Archives/edgar/data/91440/000110465907030712/a07-11842_110q.htm"
  },
  {
    "date": "2006-12-30",
    "symbol": "SNA",
    "reportedCurrency": "USD",
    "cik": "0000091440",
    "fillingDate": "2007-02-20",
    "acceptedDate": "2007-02-20 09:54:39",
    "calendarYear": "2006",
    "period": "Q4",
    "revenue": 670800000,
    "costOfRevenue": 381400000,
    "grossProfit": 289400000,
    "grossProfitRatio": 0.431425164,
    "researchAndDevelopmentExpenses": 0,
    "generalAndAdministrativeExpenses": 0,
    "sellingAndMarketingExpenses": 0,
    "sellingGeneralAndAdministrativeExpenses": 268200000,
    "otherExpenses": -38000000,
    "operatingExpenses": 230200000,
    "costAndExpenses": 611600000,
    "interestIncome": 0,
    "interestExpense": 0,
    "depreciationAndAmortization": 14900000,
    "ebitda": 36100000,
    "ebitdaratio": 0.0538163387,
    "operatingIncome": 59200000,
    "operatingIncomeRatio": 0.0882528324,
    "totalOtherIncomeExpensesNet": -5800000,
    "incomeBeforeTax": 53400000,
    "incomeBeforeTaxRatio": 0.0796064401,
    "incomeTaxExpense": 15400000,
    "netIncome": 38000000,
    "netIncomeRatio": 0.0566487776,
    "eps": 0.64,
    "epsdiluted": 0.64,
    "weightedAverageShsOut": 58600000,
    "weightedAverageShsOutDil": 59800000,
    "link": "https://www.sec.gov/Archives/edgar/data/91440/000110465907012161/0001104659-07-012161-index.htm",
    "finalLink": "https://www.sec.gov/Archives/edgar/data/91440/000110465907012161/a07-4548_110k.htm"
  },
  {
    "date": "2006-09-30",
    "symbol": "SNA",
    "reportedCurrency": "USD",
    "cik": "0000091440",
    "fillingDate": "2006-10-23",
    "acceptedDate": "2006-10-23 17:28:59",
    "calendarYear": "2006",
    "period": "Q3",
    "revenue": 594700000,
    "costOfRevenue": 336100000,
    "grossProfit": 258600000,
    "grossProfitRatio": 0.4348410964,
    "researchAndDevelopmentExpenses": 0,
    "generalAndAdministrativeExpenses": 0,
    "sellingAndMarketingExpenses": 0,
    "sellingGeneralAndAdministrativeExpenses": 216000000,
    "otherExpenses": -3000000,
    "operatingExpenses": 213000000,
    "costAndExpenses": 549100000,
    "interestIncome": 0,
    "interestExpense": 0,
    "depreciationAndAmortization": 11800000,
    "ebitda": 57400000,
    "ebitdaratio": 0.0965192534,
    "operatingIncome": 45600000,
    "operatingIncomeRatio": 0.0766773163,
    "totalOtherIncomeExpensesNet": -3200000,
    "incomeBeforeTax": 43000000,
    "incomeBeforeTaxRatio": 0.072305364,
    "incomeTaxExpense": 14800000,
    "netIncome": 28200000,
    "netIncomeRatio": 0.0474188667,
    "eps": 0.48,
    "epsdiluted": 0.48,
    "weightedAverageShsOut": 58200000,
    "weightedAverageShsOutDil": 58800000,
    "link": "https://www.sec.gov/Archives/edgar/data/91440/000089706906002246/0000897069-06-002246-index.htm",
    "finalLink": "https://www.sec.gov/Archives/edgar/data/91440/000089706906002246/cmw2369.htm"
  },
  {
    "date": "2006-07-01",
    "symbol": "SNA",
    "reportedCurrency": "USD",
    "cik": "0000091440",
    "fillingDate": "2006-07-26",
    "acceptedDate": "2006-07-26 10:59:22",
    "calendarYear": "2006",
    "period": "Q2",
    "revenue": 621700000,
    "costOfRevenue": 341800000,
    "grossProfit": 279900000,
    "grossProfitRatio": 0.4502171465,
    "researchAndDevelopmentExpenses": 0,
    "generalAndAdministrativeExpenses": 0,
    "sellingAndMarketingExpenses": 0,
    "sellingGeneralAndAdministrativeExpenses": 224900000,
    "otherExpenses": 35000000,
    "operatingExpenses": 259900000,
    "costAndExpenses": 601700000,
    "interestIncome": 0,
    "interestExpense": 0,
    "depreciationAndAmortization": 12700000,
    "ebitda": 70700000,
    "ebitdaratio": 0.1137204439,
    "operatingIncome": 20000000,
    "operatingIncomeRatio": 0.0321698568,
    "totalOtherIncomeExpensesNet": -4400000,
    "incomeBeforeTax": 15700000,
    "incomeBeforeTaxRatio": 0.0252533376,
    "incomeTaxExpense": 3900000,
    "netIncome": 11800000,
    "netIncomeRatio": 0.0189802155,
    "eps": 0.2,
    "epsdiluted": 0.2,
    "weightedAverageShsOut": 58200000,
    "weightedAverageShsOutDil": 58900000,
    "link": "https://www.sec.gov/Archives/edgar/data/91440/000089706906001745/0000897069-06-001745-index.htm",
    "finalLink": "https://www.sec.gov/Archives/edgar/data/91440/000089706906001745/cmw2270.htm"
  },
  {
    "date": "2006-04-01",
    "symbol": "SNA",
    "reportedCurrency": "USD",
    "cik": "0000091440",
    "fillingDate": "2006-05-01",
    "acceptedDate": "2006-05-01 16:20:30",
    "calendarYear": "2006",
    "period": "Q1",
    "revenue": 593500000,
    "costOfRevenue": 333200000,
    "grossProfit": 260300000,
    "grossProfitRatio": 0.4385846672,
    "researchAndDevelopmentExpenses": 0,
    "generalAndAdministrativeExpenses": 0,
    "sellingAndMarketingExpenses": 0,
    "sellingGeneralAndAdministrativeExpenses": 222900000,
    "otherExpenses": -2000000,
    "operatingExpenses": 220900000,
    "costAndExpenses": 554100000,
    "interestIncome": 0,
    "interestExpense": 0,
    "depreciationAndAmortization": 12500000,
    "ebitda": 51900000,
    "ebitdaratio": 0.0874473463,
    "operatingIncome": 39400000,
    "operatingIncomeRatio": 0.0663858467,
    "totalOtherIncomeExpensesNet": -5600000,
    "incomeBeforeTax": 33800000,
    "incomeBeforeTaxRatio": 0.0569502949,
    "incomeTaxExpense": 11700000,
    "netIncome": 22100000,
    "netIncomeRatio": 0.0372367313,
    "eps": 0.38,
    "epsdiluted": 0.37,
    "weightedAverageShsOut": 58200000,
    "weightedAverageShsOutDil": 59100000,
    "link": "https://www.sec.gov/Archives/edgar/data/91440/000089706906001182/0000897069-06-001182-index.htm",
    "finalLink": "https://www.sec.gov/Archives/edgar/data/91440/000089706906001182/cmw2155.htm"
  },
  {
    "date": "2005-12-31",
    "symbol": "SNA",
    "reportedCurrency": "USD",
    "cik": "0000091440",
    "fillingDate": "2006-02-21",
    "acceptedDate": "2006-02-21 12:43:55",
    "calendarYear": "2005",
    "period": "Q4",
    "revenue": 573600000,
    "costOfRevenue": 316200000,
    "grossProfit": 257400000,
    "grossProfitRatio": 0.4487447699,
    "researchAndDevelopmentExpenses": 0,
    "generalAndAdministrativeExpenses": 0,
    "sellingAndMarketingExpenses": 0,
    "sellingGeneralAndAdministrativeExpenses": 213800000,
    "otherExpenses": 0,
    "operatingExpenses": 213800000,
    "costAndExpenses": 530000000,
    "interestIncome": 0,
    "interestExpense": 0,
    "depreciationAndAmortization": 12600000,
    "ebitda": 56200000,
    "ebitdaratio": 0.0979776848,
    "operatingIncome": 43600000,
    "operatingIncomeRatio": 0.0760111576,
    "totalOtherIncomeExpensesNet": -700000,
    "incomeBeforeTax": 42900000,
    "incomeBeforeTaxRatio": 0.074790795,
    "incomeTaxExpense": 15500000,
    "netIncome": 27400000,
    "netIncomeRatio": 0.0477684798,
    "eps": 0.47,
    "epsdiluted": 0.47,
    "weightedAverageShsOut": 57800000,
    "weightedAverageShsOutDil": 57900000,
    "link": "https://www.sec.gov/Archives/edgar/data/91440/000089706906000518/0000897069-06-000518-index.htm",
    "finalLink": "https://www.sec.gov/Archives/edgar/data/91440/000089706906000518/cmw2048.htm"
  },
  {
    "date": "2005-10-01",
    "symbol": "SNA",
    "reportedCurrency": "USD",
    "cik": "0000091440",
    "fillingDate": "2005-10-26",
    "acceptedDate": "2005-10-26 08:44:20",
    "calendarYear": "2005",
    "period": "Q3",
    "revenue": 567200000,
    "costOfRevenue": 306900000,
    "grossProfit": 260300000,
    "grossProfitRatio": 0.4589210155,
    "researchAndDevelopmentExpenses": 0,
    "generalAndAdministrativeExpenses": 0,
    "sellingAndMarketingExpenses": 0,
    "sellingGeneralAndAdministrativeExpenses": 217500000,
    "otherExpenses": 0,
    "operatingExpenses": 217500000,
    "costAndExpenses": 524400000,
    "interestIncome": 0,
    "interestExpense": 0,
    "depreciationAndAmortization": 12200000,
    "ebitda": 55000000,
    "ebitdaratio": 0.0969675599,
    "operatingIncome": 42800000,
    "operatingIncomeRatio": 0.0754583921,
    "totalOtherIncomeExpensesNet": -6100000,
    "incomeBeforeTax": 36700000,
    "incomeBeforeTaxRatio": 0.0647038082,
    "incomeTaxExpense": 15700000,
    "netIncome": 21000000,
    "netIncomeRatio": 0.0370239774,
    "eps": 0.36,
    "epsdiluted": 0.36,
    "weightedAverageShsOut": 57900000,
    "weightedAverageShsOutDil": 58600000,
    "link": "https://www.sec.gov/Archives/edgar/data/91440/000089706905002586/0000897069-05-002586-index.htm",
    "finalLink": "https://www.sec.gov/Archives/edgar/data/91440/000089706905002586/cmw1791.htm"
  },
  {
    "date": "2005-07-02",
    "symbol": "SNA",
    "reportedCurrency": "USD",
    "cik": "0000091440",
    "fillingDate": "2005-07-28",
    "acceptedDate": "2005-07-28 09:11:11",
    "calendarYear": "2005",
    "period": "Q2",
    "revenue": 608600000,
    "costOfRevenue": 323800000,
    "grossProfit": 284800000,
    "grossProfitRatio": 0.4679592507,
    "researchAndDevelopmentExpenses": 0,
    "generalAndAdministrativeExpenses": 0,
    "sellingAndMarketingExpenses": 0,
    "sellingGeneralAndAdministrativeExpenses": 237500000,
    "otherExpenses": 0,
    "operatingExpenses": 237500000,
    "costAndExpenses": 561300000,
    "interestIncome": 0,
    "interestExpense": 0,
    "depreciationAndAmortization": 12800000,
    "ebitda": 60100000,
    "ebitdaratio": 0.0987512323,
    "operatingIncome": 47300000,
    "operatingIncomeRatio": 0.0777193559,
    "totalOtherIncomeExpensesNet": -6400000,
    "incomeBeforeTax": 40900000,
    "incomeBeforeTaxRatio": 0.0672034177,
    "incomeTaxExpense": 14300000,
    "netIncome": 26600000,
    "netIncomeRatio": 0.0437068682,
    "eps": 0.46,
    "epsdiluted": 0.46,
    "weightedAverageShsOut": 57700000,
    "weightedAverageShsOutDil": 58300000,
    "link": "https://www.sec.gov/Archives/edgar/data/91440/000089706905001824/0000897069-05-001824-index.htm",
    "finalLink": "https://www.sec.gov/Archives/edgar/data/91440/000089706905001824/cmw1581.htm"
  },
  {
    "date": "2005-04-02",
    "symbol": "SNA",
    "reportedCurrency": "USD",
    "cik": "0000091440",
    "fillingDate": "2005-05-06",
    "acceptedDate": "2005-05-06 10:13:50",
    "calendarYear": "2005",
    "period": "Q1",
    "revenue": 598700000,
    "costOfRevenue": 341800000,
    "grossProfit": 256900000,
    "grossProfitRatio": 0.4290963755,
    "researchAndDevelopmentExpenses": 0,
    "generalAndAdministrativeExpenses": 0,
    "sellingAndMarketingExpenses": 0,
    "sellingGeneralAndAdministrativeExpenses": 226900000,
    "otherExpenses": -4300000,
    "operatingExpenses": 222600000,
    "costAndExpenses": 564400000,
    "interestIncome": 0,
    "interestExpense": 0,
    "depreciationAndAmortization": 14600000,
    "ebitda": 48900000,
    "ebitdaratio": 0.0816769668,
    "operatingIncome": 34300000,
    "operatingIncomeRatio": 0.0572907967,
    "totalOtherIncomeExpensesNet": -6800000,
    "incomeBeforeTax": 27500000,
    "incomeBeforeTaxRatio": 0.0459328545,
    "incomeTaxExpense": 9600000,
    "netIncome": 17900000,
    "netIncomeRatio": 0.0298981126,
    "eps": 0.31,
    "epsdiluted": 0.31,
    "weightedAverageShsOut": 57800000,
    "weightedAverageShsOutDil": 58300000,
    "link": "https://www.sec.gov/Archives/edgar/data/91440/000089706905001129/0000897069-05-001129-index.htm",
    "finalLink": "https://www.sec.gov/Archives/edgar/data/91440/000089706905001129/cmw1401.htm"
  },
  {
    "date": "2005-02-01",
    "symbol": "SNA",
    "reportedCurrency": "USD",
    "cik": "0000091440",
    "fillingDate": "2005-02-25",
    "acceptedDate": "2005-02-25 16:56:22",
    "calendarYear": "2004",
    "period": "Q4",
    "revenue": 610000000,
    "costOfRevenue": 327100000,
    "grossProfit": 282900000,
    "grossProfitRatio": 0.4637704918,
    "researchAndDevelopmentExpenses": 0,
    "generalAndAdministrativeExpenses": 0,
    "sellingAndMarketingExpenses": 0,
    "sellingGeneralAndAdministrativeExpenses": 244900000,
    "otherExpenses": 0,
    "operatingExpenses": 244900000,
    "costAndExpenses": 572000000,
    "interestIncome": 0,
    "interestExpense": 0,
    "depreciationAndAmortization": 12900000,
    "ebitda": 50900000,
    "ebitdaratio": 0.083442623,
    "operatingIncome": 38000000,
    "operatingIncomeRatio": 0.062295082,
    "totalOtherIncomeExpensesNet": -900000,
    "incomeBeforeTax": 37100000,
    "incomeBeforeTaxRatio": 0.0608196721,
    "incomeTaxExpense": 13100000,
    "netIncome": 24000000,
    "netIncomeRatio": 0.0393442623,
    "eps": 0.41,
    "epsdiluted": 0.41,
    "weightedAverageShsOut": 57900000,
    "weightedAverageShsOutDil": 58000000,
    "link": "https://www.sec.gov/Archives/edgar/data/91440/000089706905000548/0000897069-05-000548-index.htm",
    "finalLink": "https://www.sec.gov/Archives/edgar/data/91440/000089706905000548/cmw1253.htm"
  },
  {
    "date": "2004-10-02",
    "symbol": "SNA",
    "reportedCurrency": "USD",
    "cik": "0000091440",
    "fillingDate": "2004-11-08",
    "acceptedDate": "2004-11-08 17:20:40",
    "calendarYear": "2004",
    "period": "Q3",
    "revenue": 568800000,
    "costOfRevenue": 311500000,
    "grossProfit": 257300000,
    "grossProfitRatio": 0.4523558368,
    "researchAndDevelopmentExpenses": 0,
    "generalAndAdministrativeExpenses": 0,
    "sellingAndMarketingExpenses": 0,
    "sellingGeneralAndAdministrativeExpenses": 220800000,
    "otherExpenses": 0,
    "operatingExpenses": 220800000,
    "costAndExpenses": 532300000,
    "interestIncome": 0,
    "interestExpense": 0,
    "depreciationAndAmortization": 14000000,
    "ebitda": 50500000,
    "ebitdaratio": 0.0887834037,
    "operatingIncome": 36500000,
    "operatingIncomeRatio": 0.0641701828,
    "totalOtherIncomeExpensesNet": -6900000,
    "incomeBeforeTax": 29600000,
    "incomeBeforeTaxRatio": 0.0520393812,
    "incomeTaxExpense": 6800000,
    "netIncome": 22800000,
    "netIncomeRatio": 0.0400843882,
    "eps": 0.39,
    "epsdiluted": 0.39,
    "weightedAverageShsOut": 57700000,
    "weightedAverageShsOutDil": 58200000,
    "link": "https://www.sec.gov/Archives/edgar/data/91440/000089706904001942/0000897069-04-001942-index.htm",
    "finalLink": "https://www.sec.gov/Archives/edgar/data/91440/000089706904001942/cmw1020.htm"
  },
  {
    "date": "2004-07-03",
    "symbol": "SNA",
    "reportedCurrency": "USD",
    "cik": "0000091440",
    "fillingDate": "2004-08-10",
    "acceptedDate": "2004-08-10 16:20:31",
    "calendarYear": "2004",
    "period": "Q2",
    "revenue": 612100000,
    "costOfRevenue": 335400000,
    "grossProfit": 276700000,
    "grossProfitRatio": 0.4520503186,
    "researchAndDevelopmentExpenses": 0,
    "generalAndAdministrativeExpenses": 0,
    "sellingAndMarketingExpenses": 0,
    "sellingGeneralAndAdministrativeExpenses": 235900000,
    "otherExpenses": 0,
    "operatingExpenses": 235900000,
    "costAndExpenses": 571300000,
    "interestIncome": 0,
    "interestExpense": 0,
    "depreciationAndAmortization": 15200000,
    "ebitda": 56000000,
    "ebitdaratio": 0.0914883189,
    "operatingIncome": 40800000,
    "operatingIncomeRatio": 0.0666557752,
    "totalOtherIncomeExpensesNet": -6600000,
    "incomeBeforeTax": 34200000,
    "incomeBeforeTaxRatio": 0.0558732233,
    "incomeTaxExpense": 12000000,
    "netIncome": 22200000,
    "netIncomeRatio": 0.0362685836,
    "eps": 0.38,
    "epsdiluted": 0.38,
    "weightedAverageShsOut": 57900000,
    "weightedAverageShsOutDil": 58500000,
    "link": "https://www.sec.gov/Archives/edgar/data/91440/000089706904001447/0000897069-04-001447-index.htm",
    "finalLink": "https://www.sec.gov/Archives/edgar/data/91440/000089706904001447/cmw862.htm"
  },
  {
    "date": "2004-04-03",
    "symbol": "SNA",
    "reportedCurrency": "USD",
    "cik": "0000091440",
    "fillingDate": "2004-05-06",
    "acceptedDate": "2004-05-06 17:03:01",
    "calendarYear": "2004",
    "period": "Q1",
    "revenue": 616300000,
    "costOfRevenue": 345800000,
    "grossProfit": 270500000,
    "grossProfitRatio": 0.4389096219,
    "researchAndDevelopmentExpenses": 0,
    "generalAndAdministrativeExpenses": 0,
    "sellingAndMarketingExpenses": 0,
    "sellingGeneralAndAdministrativeExpenses": 243500000,
    "otherExpenses": 0,
    "operatingExpenses": 243500000,
    "costAndExpenses": 589300000,
    "interestIncome": 0,
    "interestExpense": 0,
    "depreciationAndAmortization": 18900000,
    "ebitda": 45900000,
    "ebitdaratio": 0.0744767159,
    "operatingIncome": 27000000,
    "operatingIncomeRatio": 0.0438098329,
    "totalOtherIncomeExpensesNet": -7500000,
    "incomeBeforeTax": 19500000,
    "incomeBeforeTaxRatio": 0.0316404349,
    "incomeTaxExpense": 6800000,
    "netIncome": 12700000,
    "netIncomeRatio": 0.0206068473,
    "eps": 0.22,
    "epsdiluted": 0.22,
    "weightedAverageShsOut": 58200000,
    "weightedAverageShsOutDil": 58700000,
    "link": "https://www.sec.gov/Archives/edgar/data/91440/000089706904000982/0000897069-04-000982-index.htm",
    "finalLink": "https://www.sec.gov/Archives/edgar/data/91440/000089706904000982/cmw693.htm"
  },
  {
    "date": "2003-12-31",
    "symbol": "SNA",
    "reportedCurrency": "USD",
    "cik": "0000091440",
    "fillingDate": "2004-03-16",
    "acceptedDate": "2004-03-16 17:19:53",
    "calendarYear": "2003",
    "period": "Q4",
    "revenue": 599300000,
    "costOfRevenue": 347900000,
    "grossProfit": 251400000,
    "grossProfitRatio": 0.4194894043,
    "researchAndDevelopmentExpenses": 0,
    "generalAndAdministrativeExpenses": 0,
    "sellingAndMarketingExpenses": 0,
    "sellingGeneralAndAdministrativeExpenses": 228200000,
    "otherExpenses": -12100000,
    "operatingExpenses": 216100000,
    "costAndExpenses": 564000000,
    "interestIncome": 0,
    "interestExpense": 0,
    "depreciationAndAmortization": 16800000,
    "ebitda": 52100000,
    "ebitdaratio": 0.0869347572,
    "operatingIncome": 35300000,
    "operatingIncomeRatio": 0.0589020524,
    "totalOtherIncomeExpensesNet": -8700000,
    "incomeBeforeTax": 26600000,
    "incomeBeforeTaxRatio": 0.044385116,
    "incomeTaxExpense": 9300000,
    "netIncome": 17300000,
    "netIncomeRatio": 0.0288670115,
    "eps": 0.3,
    "epsdiluted": 0.3,
    "weightedAverageShsOut": 58200000,
    "weightedAverageShsOutDil": 58300000,
    "link": "https://www.sec.gov/Archives/edgar/data/91440/000089706904000644/0000897069-04-000644-index.htm",
    "finalLink": "https://www.sec.gov/Archives/edgar/data/91440/000089706904000644/cmw550.htm"
  },
  {
    "date": "2003-09-27",
    "symbol": "SNA",
    "reportedCurrency": "USD",
    "cik": "0000091440",
    "fillingDate": "2003-10-29",
    "acceptedDate": "2003-10-29 16:13:49",
    "calendarYear": "2003",
    "period": "Q3",
    "revenue": 525600000,
    "costOfRevenue": 303800000,
    "grossProfit": 221800000,
    "grossProfitRatio": 0.4219939117,
    "researchAndDevelopmentExpenses": 0,
    "generalAndAdministrativeExpenses": 0,
    "sellingAndMarketingExpenses": 0,
    "sellingGeneralAndAdministrativeExpenses": 200700000,
    "otherExpenses": -10000000,
    "operatingExpenses": 190700000,
    "costAndExpenses": 494500000,
    "interestIncome": 0,
    "interestExpense": 0,
    "depreciationAndAmortization": 13600000,
    "ebitda": 44700000,
    "ebitdaratio": 0.0850456621,
    "operatingIncome": 31100000,
    "operatingIncomeRatio": 0.0591704718,
    "totalOtherIncomeExpensesNet": -8200000,
    "incomeBeforeTax": 22900000,
    "incomeBeforeTaxRatio": 0.0435692542,
    "incomeTaxExpense": 5200000,
    "netIncome": 17700000,
    "netIncomeRatio": 0.0336757991,
    "eps": 0.3,
    "epsdiluted": 0.3,
    "weightedAverageShsOut": 58300000,
    "weightedAverageShsOutDil": 58400000,
    "link": "https://www.sec.gov/Archives/edgar/data/91440/000089706903001281/0000897069-03-001281-index.htm",
    "finalLink": "https://www.sec.gov/Archives/edgar/data/91440/000089706903001281/cmw222.txt"
  },
  {
    "date": "2003-06-28",
    "symbol": "SNA",
    "reportedCurrency": "USD",
    "cik": "0000091440",
    "fillingDate": "2003-08-07",
    "acceptedDate": "2003-08-07 16:25:57",
    "calendarYear": "2003",
    "period": "Q2",
    "revenue": 565200000,
    "costOfRevenue": 319100000,
    "grossProfit": 246100000,
    "grossProfitRatio": 0.4354210899,
    "researchAndDevelopmentExpenses": 0,
    "generalAndAdministrativeExpenses": 0,
    "sellingAndMarketingExpenses": 0,
    "sellingGeneralAndAdministrativeExpenses": 216600000,
    "otherExpenses": -11200000,
    "operatingExpenses": 205400000,
    "costAndExpenses": 524500000,
    "interestIncome": 0,
    "interestExpense": 0,
    "depreciationAndAmortization": 15200000,
    "ebitda": 55900000,
    "ebitdaratio": 0.0989030432,
    "operatingIncome": 40700000,
    "operatingIncomeRatio": 0.072009908,
    "totalOtherIncomeExpensesNet": -6400000,
    "incomeBeforeTax": 34300000,
    "incomeBeforeTaxRatio": 0.0606864827,
    "incomeTaxExpense": 12000000,
    "netIncome": 22300000,
    "netIncomeRatio": 0.0394550602,
    "eps": 0.38,
    "epsdiluted": 0.38,
    "weightedAverageShsOut": 58200000,
    "weightedAverageShsOutDil": 58400000,
    "link": "https://www.sec.gov/Archives/edgar/data/91440/000089706903000861/0000897069-03-000861-index.htm",
    "finalLink": "https://www.sec.gov/Archives/edgar/data/91440/000089706903000861/cmw88.txt"
  },
  {
    "date": "2003-03-29",
    "symbol": "SNA",
    "reportedCurrency": "USD",
    "cik": "0000091440",
    "fillingDate": "2003-05-09",
    "acceptedDate": "2003-05-09 10:49:20",
    "calendarYear": "2003",
    "period": "Q1",
    "revenue": 543100000,
    "costOfRevenue": 297700000,
    "grossProfit": 245400000,
    "grossProfitRatio": 0.4518504879,
    "researchAndDevelopmentExpenses": 0,
    "generalAndAdministrativeExpenses": 0,
    "sellingAndMarketingExpenses": 0,
    "sellingGeneralAndAdministrativeExpenses": 212900000,
    "otherExpenses": -10500000,
    "operatingExpenses": 202400000,
    "costAndExpenses": 500100000,
    "interestIncome": 0,
    "interestExpense": 0,
    "depreciationAndAmortization": 14700000,
    "ebitda": 57700000,
    "ebitdaratio": 0.1062419444,
    "operatingIncome": 43000000,
    "operatingIncomeRatio": 0.0791751059,
    "totalOtherIncomeExpensesNet": -10100000,
    "incomeBeforeTax": 32900000,
    "incomeBeforeTaxRatio": 0.0605781624,
    "incomeTaxExpense": 11500000,
    "netIncome": 21400000,
    "netIncomeRatio": 0.0394034248,
    "eps": 0.37,
    "epsdiluted": 0.37,
    "weightedAverageShsOut": 58200000,
    "weightedAverageShsOutDil": 58300000,
    "link": "https://www.sec.gov/Archives/edgar/data/91440/000089706903000554/0000897069-03-000554-index.htm",
    "finalLink": "https://www.sec.gov/Archives/edgar/data/91440/000089706903000554/irm321.txt"
  },
  {
    "date": "2002-12-31",
    "symbol": "SNA",
    "reportedCurrency": "USD",
    "cik": "0000091440",
    "fillingDate": "2003-03-05",
    "acceptedDate": "2003-03-05 16:07:07",
    "calendarYear": "2002",
    "period": "Q4",
    "revenue": 549500000,
    "costOfRevenue": 299500000,
    "grossProfit": 250000000,
    "grossProfitRatio": 0.4549590537,
    "researchAndDevelopmentExpenses": 0,
    "generalAndAdministrativeExpenses": 0,
    "sellingAndMarketingExpenses": 0,
    "sellingGeneralAndAdministrativeExpenses": 201300000,
    "otherExpenses": -39000000,
    "operatingExpenses": 162300000,
    "costAndExpenses": 461800000,
    "interestIncome": 0,
    "interestExpense": 0,
    "depreciationAndAmortization": 12600000,
    "ebitda": 99000000,
    "ebitdaratio": 0.1801637853,
    "operatingIncome": 87700000,
    "operatingIncomeRatio": 0.159599636,
    "totalOtherIncomeExpensesNet": -36000000,
    "incomeBeforeTax": 51700000,
    "incomeBeforeTaxRatio": 0.0940855323,
    "incomeTaxExpense": 18600000,
    "netIncome": 33100000,
    "netIncomeRatio": 0.0602365787,
    "eps": 0.56,
    "epsdiluted": 0.56,
    "weightedAverageShsOut": 58200000,
    "weightedAverageShsOutDil": 58600000,
    "link": "https://www.sec.gov/Archives/edgar/data/91440/000089706903000288/0000897069-03-000288-index.htm",
    "finalLink": "https://www.sec.gov/Archives/edgar/data/91440/000089706903000288/irm182a.txt"
  },
  {
    "date": "2002-09-28",
    "symbol": "SNA",
    "reportedCurrency": "USD",
    "cik": "0000091440",
    "fillingDate": "2002-11-07",
    "acceptedDate": "2002-11-07 15:15:40",
    "calendarYear": "2002",
    "period": "Q3",
    "revenue": 502400000,
    "costOfRevenue": 274600000,
    "grossProfit": 227800000,
    "grossProfitRatio": 0.4534235669,
    "researchAndDevelopmentExpenses": 0,
    "generalAndAdministrativeExpenses": 0,
    "sellingAndMarketingExpenses": 0,
    "sellingGeneralAndAdministrativeExpenses": 197200000,
    "otherExpenses": 1600000,
    "operatingExpenses": 198800000,
    "costAndExpenses": 473400000,
    "interestIncome": 0,
    "interestExpense": 0,
    "depreciationAndAmortization": 12600000,
    "ebitda": 43200000,
    "ebitdaratio": 0.0859872611,
    "operatingIncome": 29000000,
    "operatingIncomeRatio": 0.0577229299,
    "totalOtherIncomeExpensesNet": 1100000,
    "incomeBeforeTax": 30100000,
    "incomeBeforeTaxRatio": 0.0599124204,
    "incomeTaxExpense": 10900000,
    "netIncome": 19200000,
    "netIncomeRatio": 0.0382165605,
    "eps": 0.33,
    "epsdiluted": 0.33,
    "weightedAverageShsOut": 58400000,
    "weightedAverageShsOutDil": 58700000,
    "link": "https://www.sec.gov/Archives/edgar/data/91440/000089706902000864/0000897069-02-000864-index.htm",
    "finalLink": "https://www.sec.gov/Archives/edgar/data/91440/000089706902000864/slp422.txt"
  },
  {
    "date": "2002-06-29",
    "symbol": "SNA",
    "reportedCurrency": "USD",
    "cik": "0000091440",
    "fillingDate": "2002-08-13",
    "acceptedDate": "2002-08-13 16:56:54",
    "calendarYear": "2002",
    "period": "Q2",
    "revenue": 547200000,
    "costOfRevenue": 295800000,
    "grossProfit": 251400000,
    "grossProfitRatio": 0.4594298246,
    "researchAndDevelopmentExpenses": 0,
    "generalAndAdministrativeExpenses": 0,
    "sellingAndMarketingExpenses": 0,
    "sellingGeneralAndAdministrativeExpenses": 202800000,
    "otherExpenses": 1400000,
    "operatingExpenses": 204200000,
    "costAndExpenses": 500000000,
    "interestIncome": 0,
    "interestExpense": 0,
    "depreciationAndAmortization": 12600000,
    "ebitda": 61200000,
    "ebitdaratio": 0.1118421053,
    "operatingIncome": 47200000,
    "operatingIncomeRatio": 0.0862573099,
    "totalOtherIncomeExpensesNet": -1600000,
    "incomeBeforeTax": 45600000,
    "incomeBeforeTaxRatio": 0.0833333333,
    "incomeTaxExpense": 16400000,
    "netIncome": 29200000,
    "netIncomeRatio": 0.0533625731,
    "eps": 0.5,
    "epsdiluted": 0.5,
    "weightedAverageShsOut": 58200000,
    "weightedAverageShsOutDil": 58700000,
    "link": "https://www.sec.gov/Archives/edgar/data/91440/000089706902000585/0000897069-02-000585-index.htm",
    "finalLink": "https://www.sec.gov/Archives/edgar/data/91440/000089706902000585/slp347.txt"
  },
  {
    "date": "2002-03-30",
    "symbol": "SNA",
    "reportedCurrency": "USD",
    "cik": "0000091440",
    "fillingDate": "2002-05-10",
    "acceptedDate": "2002-05-10 15:39:18",
    "calendarYear": "2002",
    "period": "Q1",
    "revenue": 510000000,
    "costOfRevenue": 274300000,
    "grossProfit": 235700000,
    "grossProfitRatio": 0.4621568627,
    "researchAndDevelopmentExpenses": 0,
    "generalAndAdministrativeExpenses": 0,
    "sellingAndMarketingExpenses": 0,
    "sellingGeneralAndAdministrativeExpenses": 197900000,
    "otherExpenses": 3400000,
    "operatingExpenses": 201300000,
    "costAndExpenses": 475600000,
    "interestIncome": 0,
    "interestExpense": 0,
    "depreciationAndAmortization": 13900000,
    "ebitda": 51700000,
    "ebitdaratio": 0.101372549,
    "operatingIncome": 34400000,
    "operatingIncomeRatio": 0.0674509804,
    "totalOtherIncomeExpensesNet": -600000,
    "incomeBeforeTax": 33800000,
    "incomeBeforeTaxRatio": 0.0662745098,
    "incomeTaxExpense": 12100000,
    "netIncome": 24500000,
    "netIncomeRatio": 0.0480392157,
    "eps": 0.42,
    "epsdiluted": 0.42,
    "weightedAverageShsOut": 58000000,
    "weightedAverageShsOutDil": 58700000,
    "link": "https://www.sec.gov/Archives/edgar/data/91440/000089706902000361/0000897069-02-000361-index.htm",
    "finalLink": "https://www.sec.gov/Archives/edgar/data/91440/000089706902000361/pdm319z.txt"
  },
  {
    "date": "2001-12-29",
    "symbol": "SNA",
    "reportedCurrency": "USD",
    "cik": "0000091440",
    "fillingDate": "2002-03-25",
    "acceptedDate": "2002-03-25 00:00:00",
    "calendarYear": "2001",
    "period": "Q4",
    "revenue": 534600000,
    "costOfRevenue": 291000000,
    "grossProfit": 243600000,
    "grossProfitRatio": 0.455667789,
    "researchAndDevelopmentExpenses": 0,
    "generalAndAdministrativeExpenses": 0,
    "sellingAndMarketingExpenses": 0,
    "sellingGeneralAndAdministrativeExpenses": 241300000,
    "otherExpenses": 17000000,
    "operatingExpenses": 258300000,
    "costAndExpenses": 549300000,
    "interestIncome": 0,
    "interestExpense": 0,
    "depreciationAndAmortization": 16400000,
    "ebitda": 18700000,
    "ebitdaratio": 0.0349794239,
    "operatingIncome": -14700000,
    "operatingIncomeRatio": -0.0274971942,
    "totalOtherIncomeExpensesNet": -3300000,
    "incomeBeforeTax": -18000000,
    "incomeBeforeTaxRatio": -0.0336700337,
    "incomeTaxExpense": -600000,
    "netIncome": -17400000,
    "netIncomeRatio": -0.0325476992,
    "eps": -0.3,
    "epsdiluted": -0.3,
    "weightedAverageShsOut": 57900000,
    "weightedAverageShsOutDil": 57900000,
    "link": "https://www.sec.gov/Archives/edgar/data/91440/000089706902000231/0000897069-02-000231-index.htm",
    "finalLink": "https://www.sec.gov/Archives/edgar/data/91440/000089706902000231/pdm280a.txt"
  },
  {
    "date": "2001-09-29",
    "symbol": "SNA",
    "reportedCurrency": "USD",
    "cik": "0000091440",
    "fillingDate": "2001-11-13",
    "acceptedDate": "2001-11-13 00:00:00",
    "calendarYear": "2001",
    "period": "Q3",
    "revenue": 508100000,
    "costOfRevenue": 285700000,
    "grossProfit": 222400000,
    "grossProfitRatio": 0.4377091124,
    "researchAndDevelopmentExpenses": 0,
    "generalAndAdministrativeExpenses": 0,
    "sellingAndMarketingExpenses": 0,
    "sellingGeneralAndAdministrativeExpenses": 199000000,
    "otherExpenses": 18000000,
    "operatingExpenses": 217000000,
    "costAndExpenses": 502700000,
    "interestIncome": 0,
    "interestExpense": 0,
    "depreciationAndAmortization": 17000000,
    "ebitda": 40400000,
    "ebitdaratio": 0.0795119071,
    "operatingIncome": 5400000,
    "operatingIncomeRatio": 0.0106278292,
    "totalOtherIncomeExpensesNet": -2200000,
    "incomeBeforeTax": 3200000,
    "incomeBeforeTaxRatio": 0.0062979728,
    "incomeTaxExpense": 2600000,
    "netIncome": 600000,
    "netIncomeRatio": 0.0011808699,
    "eps": 0.01,
    "epsdiluted": 0.01,
    "weightedAverageShsOut": 58000000,
    "weightedAverageShsOutDil": 58200000,
    "link": "https://www.sec.gov/Archives/edgar/data/91440/000089706901500558/0000897069-01-500558-index.htm",
    "finalLink": "https://www.sec.gov/Archives/edgar/data/91440/000089706901500558/pdm166a.txt"
  },
  {
    "date": "2001-06-30",
    "symbol": "SNA",
    "reportedCurrency": "USD",
    "cik": "0000091440",
    "fillingDate": "2001-08-10",
    "acceptedDate": "2001-08-10 00:00:00",
    "calendarYear": "2001",
    "period": "Q2",
    "revenue": 525600000,
    "costOfRevenue": 286300000,
    "grossProfit": 239300000,
    "grossProfitRatio": 0.4552891933,
    "researchAndDevelopmentExpenses": 0,
    "generalAndAdministrativeExpenses": 0,
    "sellingAndMarketingExpenses": 0,
    "sellingGeneralAndAdministrativeExpenses": 205900000,
    "otherExpenses": 14400000,
    "operatingExpenses": 220300000,
    "costAndExpenses": 506600000,
    "interestIncome": 0,
    "interestExpense": 0,
    "depreciationAndAmortization": 16900000,
    "ebitda": 50300000,
    "ebitdaratio": 0.0957001522,
    "operatingIncome": 19000000,
    "operatingIncomeRatio": 0.0361491629,
    "totalOtherIncomeExpensesNet": -2900000,
    "incomeBeforeTax": 16100000,
    "incomeBeforeTaxRatio": 0.0306316591,
    "incomeTaxExpense": 7200000,
    "netIncome": 8900000,
    "netIncomeRatio": 0.0169330289,
    "eps": 0.15,
    "epsdiluted": 0.15,
    "weightedAverageShsOut": 57900000,
    "weightedAverageShsOutDil": 58200000,
    "link": "https://www.sec.gov/Archives/edgar/data/91440/000089706901500349/0000897069-01-500349-index.htm",
    "finalLink": "https://www.sec.gov/Archives/edgar/data/91440/000089706901500349/pdm104a.txt"
  },
  {
    "date": "2001-03-31",
    "symbol": "SNA",
    "reportedCurrency": "USD",
    "cik": "0000091440",
    "fillingDate": "2001-05-10",
    "acceptedDate": "2001-05-10 00:00:00",
    "calendarYear": "2001",
    "period": "Q1",
    "revenue": 527400000,
    "costOfRevenue": 283700000,
    "grossProfit": 243700000,
    "grossProfitRatio": 0.4620781191,
    "researchAndDevelopmentExpenses": 0,
    "generalAndAdministrativeExpenses": 0,
    "sellingAndMarketingExpenses": 0,
    "sellingGeneralAndAdministrativeExpenses": 202500000,
    "otherExpenses": 0,
    "operatingExpenses": 202500000,
    "costAndExpenses": 486200000,
    "interestIncome": 0,
    "interestExpense": 0,
    "depreciationAndAmortization": 17700000,
    "ebitda": 58900000,
    "ebitdaratio": 0.1116799393,
    "operatingIncome": 41200000,
    "operatingIncomeRatio": 0.0781190747,
    "totalOtherIncomeExpensesNet": 5100000,
    "incomeBeforeTax": 46300000,
    "incomeBeforeTaxRatio": 0.0877891543,
    "incomeTaxExpense": 16900000,
    "netIncome": 26900000,
    "netIncomeRatio": 0.0510049298,
    "eps": 0.46,
    "epsdiluted": 0.46,
    "weightedAverageShsOut": 57800000,
    "weightedAverageShsOutDil": 58200000,
    "link": "https://www.sec.gov/Archives/edgar/data/91440/000089706901500166/0000897069-01-500166-index.htm",
    "finalLink": "https://www.sec.gov/Archives/edgar/data/91440/000089706901500166/sdc23a.txt"
  },
  {
    "date": "2000-12-30",
    "symbol": "SNA",
    "reportedCurrency": "USD",
    "cik": "0000091440",
    "fillingDate": "2001-03-19",
    "acceptedDate": "2001-03-19 00:00:00",
    "calendarYear": "2000",
    "period": "Q4",
    "revenue": 556324000,
    "costOfRevenue": 356092000,
    "grossProfit": 200232000,
    "grossProfitRatio": 0.359919759,
    "researchAndDevelopmentExpenses": 0,
    "generalAndAdministrativeExpenses": 0,
    "sellingAndMarketingExpenses": 0,
    "sellingGeneralAndAdministrativeExpenses": 210427000,
    "otherExpenses": -39505000,
    "operatingExpenses": 170922000,
    "costAndExpenses": 527014000,
    "interestIncome": 0,
    "interestExpense": 0,
    "depreciationAndAmortization": 14748000,
    "ebitda": 56005000,
    "ebitdaratio": 0.1006697536,
    "operatingIncome": 29310000,
    "operatingIncomeRatio": 0.0526851259,
    "totalOtherIncomeExpensesNet": -1899000,
    "incomeBeforeTax": 27411000,
    "incomeBeforeTaxRatio": 0.0492716475,
    "incomeTaxExpense": 9213000,
    "netIncome": 43598000,
    "netIncomeRatio": 0.0783680014,
    "eps": 0.24,
    "epsdiluted": 0.24,
    "weightedAverageShsOut": 57914000,
    "weightedAverageShsOutDil": 58200000,
    "link": "https://www.sec.gov/Archives/edgar/data/91440/000089706901000228/0000897069-01-000228-index.htm",
    "finalLink": "https://www.sec.gov/Archives/edgar/data/91440/000089706901000228/0000897069-01-000228-0001.txt"
  },
  {
    "date": "2000-09-30",
    "symbol": "SNA",
    "reportedCurrency": "USD",
    "cik": "0000091440",
    "fillingDate": "2000-11-13",
    "acceptedDate": "2000-11-13 00:00:00",
    "calendarYear": "2000",
    "period": "Q3",
    "revenue": 511830000,
    "costOfRevenue": 263835000,
    "grossProfit": 247995000,
    "grossProfitRatio": 0.4845261122,
    "researchAndDevelopmentExpenses": 0,
    "generalAndAdministrativeExpenses": 0,
    "sellingAndMarketingExpenses": 0,
    "sellingGeneralAndAdministrativeExpenses": 189585000,
    "otherExpenses": 15543000,
    "operatingExpenses": 205128000,
    "costAndExpenses": 468963000,
    "interestIncome": 0,
    "interestExpense": 0,
    "depreciationAndAmortization": 15543000,
    "ebitda": 58410000,
    "ebitdaratio": 0.1141199226,
    "operatingIncome": 42867000,
    "operatingIncomeRatio": 0.0837524178,
    "totalOtherIncomeExpensesNet": -553000,
    "incomeBeforeTax": 42314000,
    "incomeBeforeTaxRatio": 0.0826719809,
    "incomeTaxExpense": 15445000,
    "netIncome": 26869000,
    "netIncomeRatio": 0.0524959459,
    "eps": 0.46,
    "epsdiluted": 0.46,
    "weightedAverageShsOut": 58488000,
    "weightedAverageShsOutDil": 58678000,
    "link": "https://www.sec.gov/Archives/edgar/data/91440/000089706900000554/0000897069-00-000554-index.htm",
    "finalLink": "https://www.sec.gov/Archives/edgar/data/91440/000089706900000554/0000897069-00-000554-0001.txt"
  },
  {
    "date": "2000-07-01",
    "symbol": "SNA",
    "reportedCurrency": "USD",
    "cik": "0000091440",
    "fillingDate": "2000-08-11",
    "acceptedDate": "2000-08-11 00:00:00",
    "calendarYear": "2000",
    "period": "Q2",
    "revenue": 563201000,
    "costOfRevenue": 280548000,
    "grossProfit": 282653000,
    "grossProfitRatio": 0.5018687822,
    "researchAndDevelopmentExpenses": 0,
    "generalAndAdministrativeExpenses": 0,
    "sellingAndMarketingExpenses": 0,
    "sellingGeneralAndAdministrativeExpenses": 195354000,
    "otherExpenses": 18434000,
    "operatingExpenses": 213788000,
    "costAndExpenses": 494336000,
    "interestIncome": 0,
    "interestExpense": 0,
    "depreciationAndAmortization": 18509000,
    "ebitda": 87374000,
    "ebitdaratio": 0.1551382189,
    "operatingIncome": 68865000,
    "operatingIncomeRatio": 0.1222742857,
    "totalOtherIncomeExpensesNet": 723000,
    "incomeBeforeTax": 69588000,
    "incomeBeforeTaxRatio": 0.1235580193,
    "incomeTaxExpense": 25399000,
    "netIncome": 44189000,
    "netIncomeRatio": 0.0784604431,
    "eps": 0.75,
    "epsdiluted": 0.75,
    "weightedAverageShsOut": 58640000,
    "weightedAverageShsOutDil": 58823000,
    "link": "https://www.sec.gov/Archives/edgar/data/91440/000089706900000409/0000897069-00-000409-index.htm",
    "finalLink": "https://www.sec.gov/Archives/edgar/data/91440/000089706900000409/0000897069-00-000409-0001.txt"
  },
  {
    "date": "2000-04-01",
    "symbol": "SNA",
    "reportedCurrency": "USD",
    "cik": "0000091440",
    "fillingDate": "2000-05-15",
    "acceptedDate": "2000-05-15 00:00:00",
    "calendarYear": "2000",
    "period": "Q1",
    "revenue": 544300000,
    "costOfRevenue": 282400000,
    "grossProfit": 261900000,
    "grossProfitRatio": 0.4811684733,
    "researchAndDevelopmentExpenses": 0,
    "generalAndAdministrativeExpenses": 0,
    "sellingAndMarketingExpenses": 0,
    "sellingGeneralAndAdministrativeExpenses": 195300000,
    "otherExpenses": 13400000,
    "operatingExpenses": 208700000,
    "costAndExpenses": 491100000,
    "interestIncome": 0,
    "interestExpense": 0,
    "depreciationAndAmortization": 17400000,
    "ebitda": 71000000,
    "ebitdaratio": 0.1304427705,
    "operatingIncome": 53200000,
    "operatingIncomeRatio": 0.0977402168,
    "totalOtherIncomeExpensesNet": 2500000,
    "incomeBeforeTax": 53287000,
    "incomeBeforeTaxRatio": 0.0979000551,
    "incomeTaxExpense": 19443000,
    "netIncome": 33844000,
    "netIncomeRatio": 0.0621789454,
    "eps": 1.03,
    "epsdiluted": 1.03,
    "weightedAverageShsOut": 58500000,
    "weightedAverageShsOutDil": 58700000,
    "link": "https://www.sec.gov/Archives/edgar/data/91440/000089706900000306/0000897069-00-000306-index.html",
    "finalLink": "https://www.sec.gov/Archives/edgar/data/91440/000089706900000306/"
  },
  {
    "date": "2000-01-01",
    "symbol": "SNA",
    "reportedCurrency": "USD",
    "cik": "0000091440",
    "fillingDate": "2000-03-29",
    "acceptedDate": "2000-03-29 00:00:00",
    "calendarYear": "1999",
    "period": "Q4",
    "revenue": 566700000,
    "costOfRevenue": 315400000,
    "grossProfit": 251300000,
    "grossProfitRatio": 0.4434445033,
    "researchAndDevelopmentExpenses": 0,
    "generalAndAdministrativeExpenses": 0,
    "sellingAndMarketingExpenses": 0,
    "sellingGeneralAndAdministrativeExpenses": 196500000,
    "otherExpenses": 24100000,
    "operatingExpenses": 220600000,
    "costAndExpenses": 536000000,
    "interestIncome": 0,
    "interestExpense": 0,
    "depreciationAndAmortization": 17800000,
    "ebitda": 54800000,
    "ebitdaratio": 0.0967001941,
    "operatingIncome": 30700000,
    "operatingIncomeRatio": 0.0541732839,
    "totalOtherIncomeExpensesNet": 11700000,
    "incomeBeforeTax": 42400000,
    "incomeBeforeTaxRatio": 0.0748191283,
    "incomeTaxExpense": 15000000,
    "netIncome": 27400000,
    "netIncomeRatio": 0.0483500971,
    "eps": 0.47,
    "epsdiluted": 0.47,
    "weightedAverageShsOut": 58800000,
    "weightedAverageShsOutDil": 58800000,
    "link": "https://www.sec.gov/Archives/edgar/data/91440/000089706900000179/0000897069-00-000179-index.html",
    "finalLink": "https://www.sec.gov/Archives/edgar/data/91440/000089706900000179/"
  },
  {
    "date": "1999-10-02",
    "symbol": "SNA",
    "reportedCurrency": "USD",
    "cik": "0000091440",
    "fillingDate": "2000-01-28",
    "acceptedDate": "2000-01-28 00:00:00",
    "calendarYear": "1999",
    "period": "Q3",
    "revenue": 453200000,
    "costOfRevenue": 221900000,
    "grossProfit": 231300000,
    "grossProfitRatio": 0.5103706973,
    "researchAndDevelopmentExpenses": 0,
    "generalAndAdministrativeExpenses": 0,
    "sellingAndMarketingExpenses": 0,
    "sellingGeneralAndAdministrativeExpenses": 170500000,
    "otherExpenses": 18100000,
    "operatingExpenses": 188600000,
    "costAndExpenses": 410500000,
    "interestIncome": 0,
    "interestExpense": 0,
    "depreciationAndAmortization": 12800000,
    "ebitda": 60800000,
    "ebitdaratio": 0.134157105,
    "operatingIncome": 42700000,
    "operatingIncomeRatio": 0.0942188879,
    "totalOtherIncomeExpensesNet": 23500000,
    "incomeBeforeTax": 66200000,
    "incomeBeforeTaxRatio": 0.1460723742,
    "incomeTaxExpense": 23600000,
    "netIncome": 42600000,
    "netIncomeRatio": 0.0939982348,
    "eps": 0.73,
    "epsdiluted": 0.72,
    "weightedAverageShsOut": 58356164,
    "weightedAverageShsOutDil": 59166667,
    "link": "https://www.sec.gov/Archives/edgar/data/91440/000089706900000019/0000897069-00-000019-index.html",
    "finalLink": "https://www.sec.gov/Archives/edgar/data/91440/000089706900000019/"
  },
  {
    "date": "1999-07-03",
    "symbol": "SNA",
    "reportedCurrency": "USD",
    "cik": "0000091440",
    "fillingDate": "1999-08-17",
    "acceptedDate": "1999-08-17 00:00:00",
    "calendarYear": "1999",
    "period": "Q2",
    "revenue": 473153000,
    "costOfRevenue": 235600000,
    "grossProfit": 237553000,
    "grossProfitRatio": 0.5020638145,
    "researchAndDevelopmentExpenses": 0,
    "generalAndAdministrativeExpenses": 0,
    "sellingAndMarketingExpenses": 0,
    "sellingGeneralAndAdministrativeExpenses": 174500000,
    "otherExpenses": 19300000,
    "operatingExpenses": 193800000,
    "costAndExpenses": 429400000,
    "interestIncome": 0,
    "interestExpense": 0,
    "depreciationAndAmortization": 12300000,
    "ebitda": 63053000,
    "ebitdaratio": 0.1332613341,
    "operatingIncome": 43753000,
    "operatingIncomeRatio": 0.0924711457,
    "totalOtherIncomeExpensesNet": -4653000,
    "incomeBeforeTax": 39100000,
    "incomeBeforeTaxRatio": 0.0826371174,
    "incomeTaxExpense": 14100000,
    "netIncome": 25000000,
    "netIncomeRatio": 0.0528370316,
    "eps": 0.43,
    "epsdiluted": 0.42,
    "weightedAverageShsOut": 58139535,
    "weightedAverageShsOutDil": 59523810,
    "link": "https://www.sec.gov/Archives/edgar/data/91440/000089706999000433/0000897069-99-000433-index.html",
    "finalLink": "https://www.sec.gov/Archives/edgar/data/91440/000089706999000433/"
  },
  {
    "date": "1999-04-03",
    "symbol": "SNA",
    "reportedCurrency": "USD",
    "cik": "0000091440",
    "fillingDate": "1999-05-18",
    "acceptedDate": "1999-05-18 00:00:00",
    "calendarYear": "1999",
    "period": "Q1",
    "revenue": 452600000,
    "costOfRevenue": 221200000,
    "grossProfit": 231400000,
    "grossProfitRatio": 0.511268228,
    "researchAndDevelopmentExpenses": 0,
    "generalAndAdministrativeExpenses": 0,
    "sellingAndMarketingExpenses": 0,
    "sellingGeneralAndAdministrativeExpenses": 182200000,
    "otherExpenses": 14400000,
    "operatingExpenses": 196600000,
    "costAndExpenses": 417800000,
    "interestIncome": 0,
    "interestExpense": 0,
    "depreciationAndAmortization": 12500000,
    "ebitda": 49200000,
    "ebitdaratio": 0.1087052585,
    "operatingIncome": 34800000,
    "operatingIncomeRatio": 0.0768890853,
    "totalOtherIncomeExpensesNet": 15400000,
    "incomeBeforeTax": 50200000,
    "incomeBeforeTaxRatio": 0.110914715,
    "incomeTaxExpense": 18000000,
    "netIncome": 32200000,
    "netIncomeRatio": 0.0711444985,
    "eps": 0.55,
    "epsdiluted": 0.55,
    "weightedAverageShsOut": 58545455,
    "weightedAverageShsOutDil": 58545455,
    "link": "https://www.sec.gov/Archives/edgar/data/91440/000089706999000323/0000897069-99-000323-index.html",
    "finalLink": "https://www.sec.gov/Archives/edgar/data/91440/"
  },
  {
    "date": "1999-01-02",
    "symbol": "SNA",
    "reportedCurrency": "USD",
    "cik": "0000091440",
    "fillingDate": "2000-01-28",
    "acceptedDate": "2000-01-28 00:00:00",
    "calendarYear": "1998",
    "period": "Q4",
    "revenue": 476700000,
    "costOfRevenue": 269000000,
    "grossProfit": 207700000,
    "grossProfitRatio": 0.4357037969,
    "researchAndDevelopmentExpenses": 0,
    "generalAndAdministrativeExpenses": 0,
    "sellingAndMarketingExpenses": 0,
    "sellingGeneralAndAdministrativeExpenses": 180500000,
    "otherExpenses": 18900000,
    "operatingExpenses": 199400000,
    "costAndExpenses": 468400000,
    "interestIncome": 0,
    "interestExpense": 0,
    "depreciationAndAmortization": 12200000,
    "ebitda": 27200000,
    "ebitdaratio": 0.0570589469,
    "operatingIncome": 8300000,
    "operatingIncomeRatio": 0.0174113698,
    "totalOtherIncomeExpensesNet": 12100000,
    "incomeBeforeTax": 20400000,
    "incomeBeforeTaxRatio": 0.0427942102,
    "incomeTaxExpense": 7800000,
    "netIncome": 12600000,
    "netIncomeRatio": 0.0264317181,
    "eps": 0.21,
    "epsdiluted": 0.21,
    "weightedAverageShsOut": 58900000,
    "weightedAverageShsOutDil": 58900000,
    "link": "https://www.sec.gov/Archives/edgar/data/91440/000089706900000020/0000897069-00-000020-index.html",
    "finalLink": "https://www.sec.gov/Archives/edgar/data/91440/000089706900000020/"
  },
  {
    "date": "1998-10-03",
    "symbol": "SNA",
    "reportedCurrency": "USD",
    "cik": "0000091440",
    "fillingDate": "1998-11-16",
    "acceptedDate": "1998-11-16 00:00:00",
    "calendarYear": "1998",
    "period": "Q3",
    "revenue": 427300000,
    "costOfRevenue": 264000000,
    "grossProfit": 163300000,
    "grossProfitRatio": 0.3821670957,
    "researchAndDevelopmentExpenses": 0,
    "generalAndAdministrativeExpenses": 0,
    "sellingAndMarketingExpenses": 0,
    "sellingGeneralAndAdministrativeExpenses": 176400000,
    "otherExpenses": 94400000,
    "operatingExpenses": 270800000,
    "costAndExpenses": 534800000,
    "interestIncome": 0,
    "interestExpense": 0,
    "depreciationAndAmortization": 11800000,
    "ebitda": -13100000,
    "ebitdaratio": -0.0306576176,
    "operatingIncome": -107500000,
    "operatingIncomeRatio": -0.2515796864,
    "totalOtherIncomeExpensesNet": 9500000,
    "incomeBeforeTax": -98000000,
    "incomeBeforeTaxRatio": -0.229347063,
    "incomeTaxExpense": -24000000,
    "netIncome": -74000000,
    "netIncomeRatio": -0.1731804353,
    "eps": -1.24,
    "epsdiluted": -1.24,
    "weightedAverageShsOut": 59677419,
    "weightedAverageShsOutDil": 59677419,
    "link": "https://www.sec.gov/Archives/edgar/data/91440/000089706998000573/0000897069-98-000573-index.html",
    "finalLink": "https://www.sec.gov/Archives/edgar/data/91440/"
  },
  {
    "date": "1998-07-04",
    "symbol": "SNA",
    "reportedCurrency": "USD",
    "cik": "0000091440",
    "fillingDate": "1998-08-18",
    "acceptedDate": "1998-08-18 00:00:00",
    "calendarYear": "1998",
    "period": "Q2",
    "revenue": 442200000,
    "costOfRevenue": 227200000,
    "grossProfit": 215000000,
    "grossProfitRatio": 0.486205337,
    "researchAndDevelopmentExpenses": 0,
    "generalAndAdministrativeExpenses": 0,
    "sellingAndMarketingExpenses": 0,
    "sellingGeneralAndAdministrativeExpenses": 178100000,
    "otherExpenses": 10300000,
    "operatingExpenses": 188400000,
    "costAndExpenses": 415600000,
    "interestIncome": 0,
    "interestExpense": 0,
    "depreciationAndAmortization": 10300000,
    "ebitda": 36900000,
    "ebitdaratio": 0.0834464043,
    "operatingIncome": 26600000,
    "operatingIncomeRatio": 0.0601537766,
    "totalOtherIncomeExpensesNet": 8800000,
    "incomeBeforeTax": 35400000,
    "incomeBeforeTaxRatio": 0.0800542741,
    "incomeTaxExpense": 12700000,
    "netIncome": 22700000,
    "netIncomeRatio": 0.0513342379,
    "eps": 0.38,
    "epsdiluted": 0.38,
    "weightedAverageShsOut": 59736842,
    "weightedAverageShsOutDil": 59736842,
    "link": "https://www.sec.gov/Archives/edgar/data/91440/000089706998000426/0000897069-98-000426-index.html",
    "finalLink": "https://www.sec.gov/Archives/edgar/data/91440/"
  },
  {
    "date": "1998-04-04",
    "symbol": "SNA",
    "reportedCurrency": "USD",
    "cik": "0000091440",
    "fillingDate": "1998-05-19",
    "acceptedDate": "1998-05-19 00:00:00",
    "calendarYear": "1998",
    "period": "Q1",
    "revenue": 426400000,
    "costOfRevenue": 204200000,
    "grossProfit": 222200000,
    "grossProfitRatio": 0.5211069418,
    "researchAndDevelopmentExpenses": 0,
    "generalAndAdministrativeExpenses": 0,
    "sellingAndMarketingExpenses": 0,
    "sellingGeneralAndAdministrativeExpenses": 170800000,
    "otherExpenses": 10700000,
    "operatingExpenses": 181500000,
    "costAndExpenses": 385700000,
    "interestIncome": 0,
    "interestExpense": 0,
    "depreciationAndAmortization": 10700000,
    "ebitda": 51400000,
    "ebitdaratio": 0.1205440901,
    "operatingIncome": 40700000,
    "operatingIncomeRatio": 0.0954502814,
    "totalOtherIncomeExpensesNet": 12300000,
    "incomeBeforeTax": 53000000,
    "incomeBeforeTaxRatio": 0.1242964353,
    "incomeTaxExpense": 19100000,
    "netIncome": 33900000,
    "netIncomeRatio": 0.0795028143,
    "eps": 0.57,
    "epsdiluted": 0.56,
    "weightedAverageShsOut": 59473684,
    "weightedAverageShsOutDil": 60535714,
    "link": "https://www.sec.gov/Archives/edgar/data/91440/000089706998000313/0000897069-98-000313-index.html",
    "finalLink": "https://www.sec.gov/Archives/edgar/data/91440/"
  },
  {
    "date": "1998-01-03",
    "symbol": "SNA",
    "reportedCurrency": "USD",
    "cik": "0000091440",
    "fillingDate": "1998-03-27",
    "acceptedDate": "1998-03-27 00:00:00",
    "calendarYear": "1997",
    "period": "Q4",
    "revenue": 496500000,
    "costOfRevenue": 242300000,
    "grossProfit": 254200000,
    "grossProfitRatio": 0.5119838872,
    "researchAndDevelopmentExpenses": 0,
    "generalAndAdministrativeExpenses": 0,
    "sellingAndMarketingExpenses": 0,
    "sellingGeneralAndAdministrativeExpenses": 185400000,
    "otherExpenses": 10300000,
    "operatingExpenses": 195700000,
    "costAndExpenses": 438000000,
    "interestIncome": 0,
    "interestExpense": 0,
    "depreciationAndAmortization": 10300000,
    "ebitda": 68800000,
    "ebitdaratio": 0.1385699899,
    "operatingIncome": 58500000,
    "operatingIncomeRatio": 0.1178247734,
    "totalOtherIncomeExpensesNet": 8300000,
    "incomeBeforeTax": 66800000,
    "incomeBeforeTaxRatio": 0.1345417925,
    "incomeTaxExpense": 24700000,
    "netIncome": 42100000,
    "netIncomeRatio": 0.0847935549,
    "eps": 0.66,
    "epsdiluted": 0.66,
    "weightedAverageShsOut": 61034663,
    "weightedAverageShsOutDil": 64000000,
    "link": "https://www.sec.gov/Archives/edgar/data/91440/000089706998000169/0000897069-98-000169-index.html",
    "finalLink": "https://www.sec.gov/Archives/edgar/data/91440/"
  },
  {
    "date": "1997-09-27",
    "symbol": "SNA",
    "reportedCurrency": "USD",
    "cik": "0000091440",
    "fillingDate": "1997-11-10",
    "acceptedDate": "1997-11-10 00:00:00",
    "calendarYear": "1997",
    "period": "Q3",
    "revenue": 391200000,
    "costOfRevenue": 182500000,
    "grossProfit": 208700000,
    "grossProfitRatio": 0.5334867076,
    "researchAndDevelopmentExpenses": 0,
    "generalAndAdministrativeExpenses": 0,
    "sellingAndMarketingExpenses": 0,
    "sellingGeneralAndAdministrativeExpenses": 154300000,
    "otherExpenses": 9400000,
    "operatingExpenses": 163700000,
    "costAndExpenses": 346200000,
    "interestIncome": 0,
    "interestExpense": 0,
    "depreciationAndAmortization": 9400000,
    "ebitda": 54400000,
    "ebitdaratio": 0.1390593047,
    "operatingIncome": 45000000,
    "operatingIncomeRatio": 0.1150306748,
    "totalOtherIncomeExpensesNet": 11400000,
    "incomeBeforeTax": 56400000,
    "incomeBeforeTaxRatio": 0.1441717791,
    "incomeTaxExpense": 20900000,
    "netIncome": 35500000,
    "netIncomeRatio": 0.0907464213,
    "eps": 0.58,
    "epsdiluted": 0.58,
    "weightedAverageShsOut": 61206897,
    "weightedAverageShsOutDil": 61206897,
    "link": "https://www.sec.gov/Archives/edgar/data/91440/000089706997000442/0000897069-97-000442-index.html",
    "finalLink": "https://www.sec.gov/Archives/edgar/data/91440/"
  },
  {
    "date": "1997-06-28",
    "symbol": "SNA",
    "reportedCurrency": "USD",
    "cik": "0000091440",
    "fillingDate": "1997-08-15",
    "acceptedDate": "1997-08-15 00:00:00",
    "calendarYear": "1997",
    "period": "Q2",
    "revenue": 409200000,
    "costOfRevenue": 192100000,
    "grossProfit": 217100000,
    "grossProfitRatio": 0.5305474096,
    "researchAndDevelopmentExpenses": 0,
    "generalAndAdministrativeExpenses": 0,
    "sellingAndMarketingExpenses": 0,
    "sellingGeneralAndAdministrativeExpenses": 159100000,
    "otherExpenses": 9500000,
    "operatingExpenses": 168600000,
    "costAndExpenses": 360700000,
    "interestIncome": 0,
    "interestExpense": 0,
    "depreciationAndAmortization": 9500000,
    "ebitda": 58000000,
    "ebitdaratio": 0.1417399804,
    "operatingIncome": 48500000,
    "operatingIncomeRatio": 0.1185239492,
    "totalOtherIncomeExpensesNet": 13400000,
    "incomeBeforeTax": 61900000,
    "incomeBeforeTaxRatio": 0.1512707722,
    "incomeTaxExpense": 22900000,
    "netIncome": 39000000,
    "netIncomeRatio": 0.0953079179,
    "eps": 0.64,
    "epsdiluted": 0.63,
    "weightedAverageShsOut": 60937500,
    "weightedAverageShsOutDil": 61904762,
    "link": "https://www.sec.gov/Archives/edgar/data/91440/000089706997000352/0000897069-97-000352-index.html",
    "finalLink": "https://www.sec.gov/Archives/edgar/data/91440/"
  },
  {
    "date": "1997-03-29",
    "symbol": "SNA",
    "reportedCurrency": "USD",
    "cik": "0000091440",
    "fillingDate": "1997-05-13",
    "acceptedDate": "1997-05-13 00:00:00",
    "calendarYear": "1997",
    "period": "Q1",
    "revenue": 375300000,
    "costOfRevenue": 173100000,
    "grossProfit": 202200000,
    "grossProfitRatio": 0.5387689848,
    "researchAndDevelopmentExpenses": 0,
    "generalAndAdministrativeExpenses": 0,
    "sellingAndMarketingExpenses": 0,
    "sellingGeneralAndAdministrativeExpenses": 151300000,
    "otherExpenses": 9200000,
    "operatingExpenses": 160500000,
    "costAndExpenses": 333600000,
    "interestIncome": 0,
    "interestExpense": 0,
    "depreciationAndAmortization": 9200000,
    "ebitda": 50900000,
    "ebitdaratio": 0.1356248335,
    "operatingIncome": 41700000,
    "operatingIncomeRatio": 0.1111111111,
    "totalOtherIncomeExpensesNet": 12100000,
    "incomeBeforeTax": 53800000,
    "incomeBeforeTaxRatio": 0.1433519851,
    "incomeTaxExpense": 19900000,
    "netIncome": 33900000,
    "netIncomeRatio": 0.0903277378,
    "eps": 0.56,
    "epsdiluted": 0.55,
    "weightedAverageShsOut": 60535714,
    "weightedAverageShsOutDil": 61636364,
    "link": "https://www.sec.gov/Archives/edgar/data/91440/000089706997000219/0000897069-97-000219-index.html",
    "finalLink": "https://www.sec.gov/Archives/edgar/data/91440/"
  },
  {
    "date": "1996-12-28",
    "symbol": "SNA",
    "reportedCurrency": "USD",
    "cik": "0000091440",
    "fillingDate": "1997-03-27",
    "acceptedDate": "1997-03-27 00:00:00",
    "calendarYear": "1996",
    "period": "Q4",
    "revenue": 409200000,
    "costOfRevenue": 196000000,
    "grossProfit": 213200000,
    "grossProfitRatio": 0.5210166178,
    "researchAndDevelopmentExpenses": 0,
    "generalAndAdministrativeExpenses": 0,
    "sellingAndMarketingExpenses": 0,
    "sellingGeneralAndAdministrativeExpenses": 161700000,
    "otherExpenses": 6800000,
    "operatingExpenses": 168500000,
    "costAndExpenses": 364500000,
    "interestIncome": 0,
    "interestExpense": 0,
    "depreciationAndAmortization": 6800000,
    "ebitda": 51500000,
    "ebitdaratio": 0.1258553275,
    "operatingIncome": 44700000,
    "operatingIncomeRatio": 0.1092375367,
    "totalOtherIncomeExpensesNet": 13300000,
    "incomeBeforeTax": 58000000,
    "incomeBeforeTaxRatio": 0.1417399804,
    "incomeTaxExpense": 21400000,
    "netIncome": 36600000,
    "netIncomeRatio": 0.0894428152,
    "eps": 0.6,
    "epsdiluted": 0.6,
    "weightedAverageShsOut": 60800000,
    "weightedAverageShsOutDil": 60800000,
    "link": "https://www.sec.gov/Archives/edgar/data/91440/000089706997000146/0000897069-97-000146-index.html",
    "finalLink": "https://www.sec.gov/Archives/edgar/data/91440/"
  },
  {
    "date": "1996-09-28",
    "symbol": "SNA",
    "reportedCurrency": "USD",
    "cik": "0000091440",
    "fillingDate": "1996-11-12",
    "acceptedDate": "1996-11-12 00:00:00",
    "calendarYear": "1996",
    "period": "Q3",
    "revenue": 347200000,
    "costOfRevenue": 163100000,
    "grossProfit": 184100000,
    "grossProfitRatio": 0.5302419355,
    "researchAndDevelopmentExpenses": 0,
    "generalAndAdministrativeExpenses": 0,
    "sellingAndMarketingExpenses": 0,
    "sellingGeneralAndAdministrativeExpenses": 141400000,
    "otherExpenses": 7600000,
    "operatingExpenses": 149000000,
    "costAndExpenses": 312100000,
    "interestIncome": 0,
    "interestExpense": 0,
    "depreciationAndAmortization": 7600000,
    "ebitda": 42700000,
    "ebitdaratio": 0.122983871,
    "operatingIncome": 35100000,
    "operatingIncomeRatio": 0.10109447,
    "totalOtherIncomeExpensesNet": 13800000,
    "incomeBeforeTax": 48900000,
    "incomeBeforeTaxRatio": 0.1408410138,
    "incomeTaxExpense": 18100000,
    "netIncome": 30800000,
    "netIncomeRatio": 0.0887096774,
    "eps": 0.51,
    "epsdiluted": 0.51,
    "weightedAverageShsOut": 60392157,
    "weightedAverageShsOutDil": 60392157,
    "link": "https://www.sec.gov/Archives/edgar/data/91440/000089706996000374/0000897069-96-000374-index.html",
    "finalLink": "https://www.sec.gov/Archives/edgar/data/91440/"
  },
  {
    "date": "1996-06-29",
    "symbol": "SNA",
    "reportedCurrency": "USD",
    "cik": "0000091440",
    "fillingDate": "1996-08-13",
    "acceptedDate": "1996-08-13 00:00:00",
    "calendarYear": "1996",
    "period": "Q2",
    "revenue": 384600000,
    "costOfRevenue": 181600000,
    "grossProfit": 203000000,
    "grossProfitRatio": 0.5278211128,
    "researchAndDevelopmentExpenses": 0,
    "generalAndAdministrativeExpenses": 0,
    "sellingAndMarketingExpenses": 0,
    "sellingGeneralAndAdministrativeExpenses": 151700000,
    "otherExpenses": 8800000,
    "operatingExpenses": 160500000,
    "costAndExpenses": 342100000,
    "interestIncome": 0,
    "interestExpense": 0,
    "depreciationAndAmortization": 8800000,
    "ebitda": 51300000,
    "ebitdaratio": 0.1333853354,
    "operatingIncome": 42500000,
    "operatingIncomeRatio": 0.1105044202,
    "totalOtherIncomeExpensesNet": 12300000,
    "incomeBeforeTax": 54800000,
    "incomeBeforeTaxRatio": 0.1424856994,
    "incomeTaxExpense": 20300000,
    "netIncome": 34500000,
    "netIncomeRatio": 0.0897035881,
    "eps": 0.57,
    "epsdiluted": 0.57,
    "weightedAverageShsOut": 60526316,
    "weightedAverageShsOutDil": 60526316,
    "link": "https://www.sec.gov/Archives/edgar/data/91440/000089706996000247/0000897069-96-000247-index.html",
    "finalLink": "https://www.sec.gov/Archives/edgar/data/91440/"
  },
  {
    "date": "1996-03-30",
    "symbol": "SNA",
    "reportedCurrency": "USD",
    "cik": "0000091440",
    "fillingDate": "1996-05-14",
    "acceptedDate": "1996-05-14 00:00:00",
    "calendarYear": "1996",
    "period": "Q1",
    "revenue": 344400000,
    "costOfRevenue": 161900000,
    "grossProfit": 182500000,
    "grossProfitRatio": 0.5299070848,
    "researchAndDevelopmentExpenses": 0,
    "generalAndAdministrativeExpenses": 0,
    "sellingAndMarketingExpenses": 0,
    "sellingGeneralAndAdministrativeExpenses": 139700000,
    "otherExpenses": 8900000,
    "operatingExpenses": 148600000,
    "costAndExpenses": 310500000,
    "interestIncome": 0,
    "interestExpense": 0,
    "depreciationAndAmortization": 8600000,
    "ebitda": 42500000,
    "ebitdaratio": 0.1234030197,
    "operatingIncome": 33900000,
    "operatingIncomeRatio": 0.0984320557,
    "totalOtherIncomeExpensesNet": 13200000,
    "incomeBeforeTax": 47100000,
    "incomeBeforeTaxRatio": 0.1367595819,
    "incomeTaxExpense": 17400000,
    "netIncome": 29700000,
    "netIncomeRatio": 0.0862369338,
    "eps": 0.49,
    "epsdiluted": 0.48,
    "weightedAverageShsOut": 60612245,
    "weightedAverageShsOutDil": 61875000,
    "link": "https://www.sec.gov/Archives/edgar/data/91440/000089706996000121/0000897069-96-000121-index.html",
    "finalLink": "https://www.sec.gov/Archives/edgar/data/91440/"
  },
  {
    "date": "1995-12-30",
    "symbol": "SNA",
    "reportedCurrency": "USD",
    "cik": "0000091440",
    "fillingDate": "1996-03-28",
    "acceptedDate": "1996-03-28 00:00:00",
    "calendarYear": "1995",
    "period": "Q4",
    "revenue": 347100000,
    "costOfRevenue": 161800000,
    "grossProfit": 185300000,
    "grossProfitRatio": 0.5338519159,
    "researchAndDevelopmentExpenses": 0,
    "generalAndAdministrativeExpenses": 0,
    "sellingAndMarketingExpenses": 0,
    "sellingGeneralAndAdministrativeExpenses": 141900000,
    "otherExpenses": 6400000,
    "operatingExpenses": 148300000,
    "costAndExpenses": 310100000,
    "interestIncome": 0,
    "interestExpense": 0,
    "depreciationAndAmortization": 6400000,
    "ebitda": 43400000,
    "ebitdaratio": 0.1250360127,
    "operatingIncome": 37000000,
    "operatingIncomeRatio": 0.1065975223,
    "totalOtherIncomeExpensesNet": 11900000,
    "incomeBeforeTax": 48900000,
    "incomeBeforeTaxRatio": 0.1408815903,
    "incomeTaxExpense": 18100000,
    "netIncome": 30800000,
    "netIncomeRatio": 0.0887352348,
    "eps": 0.51,
    "epsdiluted": 0.51,
    "weightedAverageShsOut": 59949798,
    "weightedAverageShsOutDil": 60700000,
    "link": "https://www.sec.gov/Archives/edgar/data/91440/000089706996000068/0000897069-96-000068-index.html",
    "finalLink": "https://www.sec.gov/Archives/edgar/data/91440/"
  },
  {
    "date": "1995-09-30",
    "symbol": "SNA",
    "reportedCurrency": "USD",
    "cik": "0000091440",
    "fillingDate": "1995-11-14",
    "acceptedDate": "1995-11-14 00:00:00",
    "calendarYear": "1995",
    "period": "Q3",
    "revenue": 309100000,
    "costOfRevenue": 142600000,
    "grossProfit": 166500000,
    "grossProfitRatio": 0.5386606276,
    "researchAndDevelopmentExpenses": 0,
    "generalAndAdministrativeExpenses": 0,
    "sellingAndMarketingExpenses": 0,
    "sellingGeneralAndAdministrativeExpenses": 129200000,
    "otherExpenses": 8400000,
    "operatingExpenses": 137600000,
    "costAndExpenses": 280200000,
    "interestIncome": 0,
    "interestExpense": 0,
    "depreciationAndAmortization": 9100000,
    "ebitda": 38000000,
    "ebitdaratio": 0.1229375607,
    "operatingIncome": 28900000,
    "operatingIncomeRatio": 0.0934972501,
    "totalOtherIncomeExpensesNet": 12900000,
    "incomeBeforeTax": 41800000,
    "incomeBeforeTaxRatio": 0.1352313167,
    "incomeTaxExpense": 15500000,
    "netIncome": 26300000,
    "netIncomeRatio": 0.0850857328,
    "eps": 0.43,
    "epsdiluted": 0.43,
    "weightedAverageShsOut": 61162791,
    "weightedAverageShsOutDil": 61162791,
    "link": "https://www.sec.gov/Archives/edgar/data/91440/000089706995000185/0000897069-95-000185-index.html",
    "finalLink": "https://www.sec.gov/Archives/edgar/data/91440/"
  }
]