[
  {
    "date": "2024-12-28",
    "symbol": "SNA",
    "reportedCurrency": "USD",
    "cik": "0000091440",
    "fillingDate": "2025-02-13",
    "acceptedDate": "2025-02-13 17:00:30",
    "calendarYear": "2024",
    "period": "FY",
    "revenue": 5108400000,
    "costOfRevenue": 2453600000,
    "grossProfit": 2654800000,
    "grossProfitRatio": 0.5196930546,
    "researchAndDevelopmentExpenses": 0,
    "generalAndAdministrativeExpenses": 0,
    "sellingAndMarketingExpenses": 0,
    "sellingGeneralAndAdministrativeExpenses": 0,
    "otherExpenses": 1309100000,
    "operatingExpenses": 1309100000,
    "costAndExpenses": 3762700000,
    "interestIncome": 57000000,
    "interestExpense": 49600000,
    "depreciationAndAmortization": 98000000,
    "ebitda": 1520700000,
    "ebitdaratio": 0.297686164,
    "operatingIncome": 1345700000,
    "operatingIncomeRatio": 0.2634288623,
    "totalOtherIncomeExpensesNet": 27400000,
    "incomeBeforeTax": 1373100000,
    "incomeBeforeTaxRatio": 0.2687925769,
    "incomeTaxExpense": 304200000,
    "netIncome": 1043900000,
    "netIncomeRatio": 0.2043496985,
    "eps": 19.85,
    "epsdiluted": 19.51,
    "weightedAverageShsOut": 52600000,
    "weightedAverageShsOutDil": 53500000,
    "link": "https://www.sec.gov/Archives/edgar/data/91440/000009144025000010/0000091440-25-000010-index.htm",
    "finalLink": "https://www.sec.gov/Archives/edgar/data/91440/000009144025000010/sna-20241228.htm"
  },
  {
    "date": "2023-12-30",
    "symbol": "SNA",
    "reportedCurrency": "USD",
    "cik": "0000091440",
    "fillingDate": "2024-02-16",
    "acceptedDate": "2024-02-15 17:36:51",
    "calendarYear": "2023",
    "period": "FY",
    "revenue": 5108300000,
    "costOfRevenue": 2488700000,
    "grossProfit": 2619600000,
    "grossProfitRatio": 0.5128124816,
    "researchAndDevelopmentExpenses": 0,
    "generalAndAdministrativeExpenses": 0,
    "sellingAndMarketingExpenses": 0,
    "sellingGeneralAndAdministrativeExpenses": 0,
    "otherExpenses": 1309200000,
    "operatingExpenses": 1309200000,
    "costAndExpenses": 3797900000,
    "interestIncome": 40200000,
    "interestExpense": 49900000,
    "depreciationAndAmortization": 99300000,
    "ebitda": 1477200000,
    "ebitdaratio": 0.2891764383,
    "operatingIncome": 1310400000,
    "operatingIncomeRatio": 0.2565236967,
    "totalOtherIncomeExpensesNet": 17600000,
    "incomeBeforeTax": 1328000000,
    "incomeBeforeTaxRatio": 0.2599690699,
    "incomeTaxExpense": 293400000,
    "netIncome": 1011100000,
    "netIncomeRatio": 0.1979327761,
    "eps": 19.11,
    "epsdiluted": 18.76,
    "weightedAverageShsOut": 52900000,
    "weightedAverageShsOutDil": 53900000,
    "link": "https://www.sec.gov/Archives/edgar/data/91440/000009144024000005/0000091440-24-000005-index.htm",
    "finalLink": "https://www.sec.gov/Archives/edgar/data/91440/000009144024000005/sna-20231230.htm"
  },
  {
    "date": "2022-12-31",
    "symbol": "SNA",
    "reportedCurrency": "USD",
    "cik": "0000091440",
    "fillingDate": "2023-02-09",
    "acceptedDate": "2023-02-09 17:22:32",
    "calendarYear": "2022",
    "period": "FY",
    "revenue": 4842500000,
    "costOfRevenue": 2395400000,
    "grossProfit": 2447100000,
    "grossProfitRatio": 0.5053381518,
    "researchAndDevelopmentExpenses": 0,
    "generalAndAdministrativeExpenses": 0,
    "sellingAndMarketingExpenses": 0,
    "sellingGeneralAndAdministrativeExpenses": 0,
    "otherExpenses": 1239900000,
    "operatingExpenses": 1239900000,
    "costAndExpenses": 3635300000,
    "interestIncome": 13000000,
    "interestExpense": 47100000,
    "depreciationAndAmortization": 100200000,
    "ebitda": 1349900000,
    "ebitdaratio": 0.2787609706,
    "operatingIncome": 1207200000,
    "operatingIncomeRatio": 0.2492927207,
    "totalOtherIncomeExpensesNet": -4600000,
    "incomeBeforeTax": 1202600000,
    "incomeBeforeTaxRatio": 0.2483427981,
    "incomeTaxExpense": 268700000,
    "netIncome": 911700000,
    "netIncomeRatio": 0.1882705214,
    "eps": 17.14,
    "epsdiluted": 16.82,
    "weightedAverageShsOut": 53200000,
    "weightedAverageShsOutDil": 54200000,
    "link": "https://www.sec.gov/Archives/edgar/data/91440/000009144023000005/0000091440-23-000005-index.htm",
    "finalLink": "https://www.sec.gov/Archives/edgar/data/91440/000009144023000005/sna-20221231.htm"
  },
  {
    "date": "2022-01-01",
    "symbol": "SNA",
    "reportedCurrency": "USD",
    "cik": "0000091440",
    "fillingDate": "2022-02-11",
    "acceptedDate": "2022-02-10 18:18:46",
    "calendarYear": "2021",
    "period": "FY",
    "revenue": 4601700000,
    "costOfRevenue": 2218900000,
    "grossProfit": 2382800000,
    "grossProfitRatio": 0.5178086359,
    "researchAndDevelopmentExpenses": 0,
    "generalAndAdministrativeExpenses": 0,
    "sellingAndMarketingExpenses": 0,
    "sellingGeneralAndAdministrativeExpenses": 0,
    "otherExpenses": 1259300000,
    "operatingExpenses": 1259300000,
    "costAndExpenses": 3478200000,
    "interestIncome": 2100000,
    "interestExpense": 53100000,
    "depreciationAndAmortization": 104800000,
    "ebitda": 1244800000,
    "ebitdaratio": 0.270508725,
    "operatingIncome": 1119400000,
    "operatingIncomeRatio": 0.2432579264,
    "totalOtherIncomeExpensesNet": -31000000,
    "incomeBeforeTax": 1088400000,
    "incomeBeforeTaxRatio": 0.2365212856,
    "incomeTaxExpense": 247000000,
    "netIncome": 820500000,
    "netIncomeRatio": 0.1783036704,
    "eps": 15.22,
    "epsdiluted": 14.92,
    "weightedAverageShsOut": 53900000,
    "weightedAverageShsOutDil": 55000000,
    "link": "https://www.sec.gov/Archives/edgar/data/91440/000009144022000005/0000091440-22-000005-index.htm",
    "finalLink": "https://www.sec.gov/Archives/edgar/data/91440/000009144022000005/sna-20220101.htm"
  },
  {
    "date": "2021-01-02",
    "symbol": "SNA",
    "reportedCurrency": "USD",
    "cik": "0000091440",
    "fillingDate": "2021-02-11",
    "acceptedDate": "2021-02-11 17:29:52",
    "calendarYear": "2020",
    "period": "FY",
    "revenue": 3592500000,
    "costOfRevenue": 1844000000,
    "grossProfit": 1748500000,
    "grossProfitRatio": 0.4867084203,
    "researchAndDevelopmentExpenses": 0,
    "generalAndAdministrativeExpenses": 0,
    "sellingAndMarketingExpenses": 0,
    "sellingGeneralAndAdministrativeExpenses": 0,
    "otherExpenses": 868000000,
    "operatingExpenses": 868000000,
    "costAndExpenses": 2712000000,
    "interestIncome": 1700000,
    "interestExpense": 59500000,
    "depreciationAndAmortization": 96700000,
    "ebitda": 985900000,
    "ebitdaratio": 0.2744328462,
    "operatingIncome": 880500000,
    "operatingIncomeRatio": 0.2450939457,
    "totalOtherIncomeExpensesNet": -45300000,
    "incomeBeforeTax": 835200000,
    "incomeBeforeTaxRatio": 0.2324843424,
    "incomeTaxExpense": 189100000,
    "netIncome": 627000000,
    "netIncomeRatio": 0.1745302714,
    "eps": 11.55,
    "epsdiluted": 11.44,
    "weightedAverageShsOut": 54300000,
    "weightedAverageShsOutDil": 54800000,
    "link": "https://www.sec.gov/Archives/edgar/data/91440/000009144021000005/0000091440-21-000005-index.htm",
    "finalLink": "https://www.sec.gov/Archives/edgar/data/91440/000009144021000005/sna-20210102.htm"
  },
  {
    "date": "2019-12-28",
    "symbol": "SNA",
    "reportedCurrency": "USD",
    "cik": "0000091440",
    "fillingDate": "2020-02-13",
    "acceptedDate": "2020-02-13 16:42:10",
    "calendarYear": "2019",
    "period": "FY",
    "revenue": 3730000000,
    "costOfRevenue": 1886000000,
    "grossProfit": 1844000000,
    "grossProfitRatio": 0.4943699732,
    "researchAndDevelopmentExpenses": 0,
    "generalAndAdministrativeExpenses": 0,
    "sellingAndMarketingExpenses": 0,
    "sellingGeneralAndAdministrativeExpenses": 0,
    "otherExpenses": 881700000,
    "operatingExpenses": 881700000,
    "costAndExpenses": 2767700000,
    "interestIncome": 1500000,
    "interestExpense": 52500000,
    "depreciationAndAmortization": 92400000,
    "ebitda": 1063500000,
    "ebitdaratio": 0.2851206434,
    "operatingIncome": 962300000,
    "operatingIncomeRatio": 0.2579892761,
    "totalOtherIncomeExpensesNet": -40200000,
    "incomeBeforeTax": 922100000,
    "incomeBeforeTaxRatio": 0.2472117962,
    "incomeTaxExpense": 211800000,
    "netIncome": 693500000,
    "netIncomeRatio": 0.185924933,
    "eps": 12.59,
    "epsdiluted": 12.41,
    "weightedAverageShsOut": 55100000,
    "weightedAverageShsOutDil": 55900000,
    "link": "https://www.sec.gov/Archives/edgar/data/91440/000009144020000004/0000091440-20-000004-index.htm",
    "finalLink": "https://www.sec.gov/Archives/edgar/data/91440/000009144020000004/sna-20191228.htm"
  },
  {
    "date": "2018-12-29",
    "symbol": "SNA",
    "reportedCurrency": "USD",
    "cik": "0000091440",
    "fillingDate": "2019-02-14",
    "acceptedDate": "2019-02-14 16:35:53",
    "calendarYear": "2018",
    "period": "FY",
    "revenue": 3740700000,
    "costOfRevenue": 1870700000,
    "grossProfit": 1870000000,
    "grossProfitRatio": 0.4999064346,
    "researchAndDevelopmentExpenses": 0,
    "generalAndAdministrativeExpenses": 0,
    "sellingAndMarketingExpenses": 0,
    "sellingGeneralAndAdministrativeExpenses": 0,
    "otherExpenses": 913900000,
    "operatingExpenses": 913900000,
    "costAndExpenses": 2784600000,
    "interestIncome": 600000,
    "interestExpense": 53400000,
    "depreciationAndAmortization": 94100000,
    "ebitda": 1054400000,
    "ebitdaratio": 0.2818723768,
    "operatingIncome": 956100000,
    "operatingIncomeRatio": 0.2555938728,
    "totalOtherIncomeExpensesNet": -46200000,
    "incomeBeforeTax": 909900000,
    "incomeBeforeTaxRatio": 0.2432432432,
    "incomeTaxExpense": 214400000,
    "netIncome": 679900000,
    "netIncomeRatio": 0.1817574251,
    "eps": 12.08,
    "epsdiluted": 11.87,
    "weightedAverageShsOut": 56300000,
    "weightedAverageShsOutDil": 57300000,
    "link": "https://www.sec.gov/Archives/edgar/data/91440/000009144019000003/0000091440-19-000003-index.htm",
    "finalLink": "https://www.sec.gov/Archives/edgar/data/91440/000009144019000003/sna_fy18x10-kdocument.htm"
  },
  {
    "date": "2017-12-30",
    "symbol": "SNA",
    "reportedCurrency": "USD",
    "cik": "0000091440",
    "fillingDate": "2018-02-15",
    "acceptedDate": "2018-02-15 15:12:42",
    "calendarYear": "2017",
    "period": "FY",
    "revenue": 3686900000,
    "costOfRevenue": 1861000000,
    "grossProfit": 1825900000,
    "grossProfitRatio": 0.4952399034,
    "researchAndDevelopmentExpenses": 0,
    "generalAndAdministrativeExpenses": 0,
    "sellingAndMarketingExpenses": 0,
    "sellingGeneralAndAdministrativeExpenses": 0,
    "otherExpenses": 943800000,
    "operatingExpenses": 943800000,
    "costAndExpenses": 2804800000,
    "interestIncome": 300000,
    "interestExpense": 56800000,
    "depreciationAndAmortization": 93200000,
    "ebitda": 967500000,
    "ebitdaratio": 0.2624155795,
    "operatingIncome": 882100000,
    "operatingIncomeRatio": 0.2392524885,
    "totalOtherIncomeExpensesNet": -60200000,
    "incomeBeforeTax": 821900000,
    "incomeBeforeTaxRatio": 0.222924408,
    "incomeTaxExpense": 250900000,
    "netIncome": 557700000,
    "netIncomeRatio": 0.1512652906,
    "eps": 9.72,
    "epsdiluted": 9.52,
    "weightedAverageShsOut": 57400000,
    "weightedAverageShsOutDil": 58600000,
    "link": "https://www.sec.gov/Archives/edgar/data/91440/000119312518047130/0001193125-18-047130-index.htm",
    "finalLink": "https://www.sec.gov/Archives/edgar/data/91440/000119312518047130/d491312d10k.htm"
  },
  {
    "date": "2016-12-31",
    "symbol": "SNA",
    "reportedCurrency": "USD",
    "cik": "0000091440",
    "fillingDate": "2017-02-09",
    "acceptedDate": "2017-02-09 16:18:39",
    "calendarYear": "2016",
    "period": "FY",
    "revenue": 3430400000,
    "costOfRevenue": 1720000000,
    "grossProfit": 1710400000,
    "grossProfitRatio": 0.4986007463,
    "researchAndDevelopmentExpenses": 0,
    "generalAndAdministrativeExpenses": 0,
    "sellingAndMarketingExpenses": 0,
    "sellingGeneralAndAdministrativeExpenses": 0,
    "otherExpenses": 849300000,
    "operatingExpenses": 849300000,
    "costAndExpenses": 2569300000,
    "interestIncome": 600000,
    "interestExpense": 55400000,
    "depreciationAndAmortization": 85600000,
    "ebitda": 939200000,
    "ebitdaratio": 0.2737873134,
    "operatingIncome": 861100000,
    "operatingIncomeRatio": 0.2510202892,
    "totalOtherIncomeExpensesNet": -59700000,
    "incomeBeforeTax": 801400000,
    "incomeBeforeTaxRatio": 0.2336170709,
    "incomeTaxExpense": 244300000,
    "netIncome": 546400000,
    "netIncomeRatio": 0.1592817164,
    "eps": 9.4,
    "epsdiluted": 9.2,
    "weightedAverageShsOut": 58100000,
    "weightedAverageShsOutDil": 59400000,
    "link": "https://www.sec.gov/Archives/edgar/data/91440/000119312517036139/0001193125-17-036139-index.htm",
    "finalLink": "https://www.sec.gov/Archives/edgar/data/91440/000119312517036139/d308837d10k.htm"
  },
  {
    "date": "2016-01-02",
    "symbol": "SNA",
    "reportedCurrency": "USD",
    "cik": "0000091440",
    "fillingDate": "2016-02-11",
    "acceptedDate": "2016-02-11 16:48:22",
    "calendarYear": "2015",
    "period": "FY",
    "revenue": 3352800000,
    "costOfRevenue": 1704500000,
    "grossProfit": 1648300000,
    "grossProfitRatio": 0.4916189454,
    "researchAndDevelopmentExpenses": 0,
    "generalAndAdministrativeExpenses": 0,
    "sellingAndMarketingExpenses": 0,
    "sellingGeneralAndAdministrativeExpenses": 0,
    "otherExpenses": 883500000,
    "operatingExpenses": 883500000,
    "costAndExpenses": 2588000000,
    "interestIncome": 500000,
    "interestExpense": 55900000,
    "depreciationAndAmortization": 82500000,
    "ebitda": 844900000,
    "ebitdaratio": 0.2519983298,
    "operatingIncome": 764800000,
    "operatingIncomeRatio": 0.2281078502,
    "totalOtherIncomeExpensesNet": -54300000,
    "incomeBeforeTax": 710500000,
    "incomeBeforeTaxRatio": 0.2119124314,
    "incomeTaxExpense": 221200000,
    "netIncome": 478700000,
    "netIncomeRatio": 0.1427761871,
    "eps": 8.24,
    "epsdiluted": 8.1,
    "weightedAverageShsOut": 58100000,
    "weightedAverageShsOutDil": 59100000,
    "link": "https://www.sec.gov/Archives/edgar/data/91440/000119312516459788/0001193125-16-459788-index.htm",
    "finalLink": "https://www.sec.gov/Archives/edgar/data/91440/000119312516459788/d58704d10k.htm"
  },
  {
    "date": "2015-01-03",
    "symbol": "SNA",
    "reportedCurrency": "USD",
    "cik": "0000091440",
    "fillingDate": "2015-02-12",
    "acceptedDate": "2015-02-12 13:42:22",
    "calendarYear": "2014",
    "period": "FY",
    "revenue": 3277700000,
    "costOfRevenue": 1693400000,
    "grossProfit": 1584300000,
    "grossProfitRatio": 0.4833572322,
    "researchAndDevelopmentExpenses": 0,
    "generalAndAdministrativeExpenses": 0,
    "sellingAndMarketingExpenses": 0,
    "sellingGeneralAndAdministrativeExpenses": 0,
    "otherExpenses": 899600000,
    "operatingExpenses": 899600000,
    "costAndExpenses": 2593000000,
    "interestIncome": 500000,
    "interestExpense": 57200000,
    "depreciationAndAmortization": 79500000,
    "ebitda": 763300000,
    "ebitdaratio": 0.2328767123,
    "operatingIncome": 684700000,
    "operatingIncomeRatio": 0.2088964823,
    "totalOtherIncomeExpensesNet": -53800000,
    "incomeBeforeTax": 630900000,
    "incomeBeforeTaxRatio": 0.1924825335,
    "incomeTaxExpense": 199500000,
    "netIncome": 421900000,
    "netIncomeRatio": 0.1287183086,
    "eps": 7.26,
    "epsdiluted": 7.14,
    "weightedAverageShsOut": 58100000,
    "weightedAverageShsOutDil": 59100000,
    "link": "https://www.sec.gov/Archives/edgar/data/91440/000119312515046309/0001193125-15-046309-index.htm",
    "finalLink": "https://www.sec.gov/Archives/edgar/data/91440/000119312515046309/d829867d10k.htm"
  },
  {
    "date": "2013-12-28",
    "symbol": "SNA",
    "reportedCurrency": "USD",
    "cik": "0000091440",
    "fillingDate": "2014-02-14",
    "acceptedDate": "2014-02-14 14:16:25",
    "calendarYear": "2013",
    "period": "FY",
    "revenue": 3056500000,
    "costOfRevenue": 1583600000,
    "grossProfit": 1472900000,
    "grossProfitRatio": 0.4818910519,
    "researchAndDevelopmentExpenses": 0,
    "generalAndAdministrativeExpenses": 0,
    "sellingAndMarketingExpenses": 0,
    "sellingGeneralAndAdministrativeExpenses": 0,
    "otherExpenses": 886700000,
    "operatingExpenses": 886700000,
    "costAndExpenses": 2470300000,
    "interestIncome": 500000,
    "interestExpense": 60500000,
    "depreciationAndAmortization": 76700000,
    "ebitda": 659000000,
    "ebitdaratio": 0.2156060854,
    "operatingIncome": 586200000,
    "operatingIncomeRatio": 0.1917879928,
    "totalOtherIncomeExpensesNet": -60000000,
    "incomeBeforeTax": 526200000,
    "incomeBeforeTaxRatio": 0.1721576967,
    "incomeTaxExpense": 166700000,
    "netIncome": 350300000,
    "netIncomeRatio": 0.114608212,
    "eps": 6.02,
    "epsdiluted": 5.93,
    "weightedAverageShsOut": 58200000,
    "weightedAverageShsOutDil": 59100000,
    "link": "https://www.sec.gov/Archives/edgar/data/91440/000119312514054235/0001193125-14-054235-index.htm",
    "finalLink": "https://www.sec.gov/Archives/edgar/data/91440/000119312514054235/d640970d10k.htm"
  },
  {
    "date": "2012-12-29",
    "symbol": "SNA",
    "reportedCurrency": "USD",
    "cik": "0000091440",
    "fillingDate": "2013-02-14",
    "acceptedDate": "2013-02-14 10:49:32",
    "calendarYear": "2012",
    "period": "FY",
    "revenue": 2937900000,
    "costOfRevenue": 1547900000,
    "grossProfit": 1390000000,
    "grossProfitRatio": 0.4731270635,
    "researchAndDevelopmentExpenses": 0,
    "generalAndAdministrativeExpenses": 0,
    "sellingAndMarketingExpenses": 0,
    "sellingGeneralAndAdministrativeExpenses": 0,
    "otherExpenses": 873600000,
    "operatingExpenses": 873600000,
    "costAndExpenses": 2421500000,
    "interestIncome": 600000,
    "interestExpense": 59600000,
    "depreciationAndAmortization": 76700000,
    "ebitda": 592700000,
    "ebitdaratio": 0.2017427414,
    "operatingIncome": 516400000,
    "operatingIncomeRatio": 0.1757718098,
    "totalOtherIncomeExpensesNet": -56200000,
    "incomeBeforeTax": 460200000,
    "incomeBeforeTaxRatio": 0.1566424997,
    "incomeTaxExpense": 148200000,
    "netIncome": 306100000,
    "netIncomeRatio": 0.1041900677,
    "eps": 5.26,
    "epsdiluted": 5.2,
    "weightedAverageShsOut": 58200000,
    "weightedAverageShsOutDil": 58900000,
    "link": "https://www.sec.gov/Archives/edgar/data/91440/000119312513058193/0001193125-13-058193-index.htm",
    "finalLink": "https://www.sec.gov/Archives/edgar/data/91440/000119312513058193/d442551d10k.htm"
  },
  {
    "date": "2011-12-31",
    "symbol": "SNA",
    "reportedCurrency": "USD",
    "cik": "0000091440",
    "fillingDate": "2012-02-16",
    "acceptedDate": "2012-02-16 09:34:58",
    "calendarYear": "2011",
    "period": "FY",
    "revenue": 2854200000,
    "costOfRevenue": 1516300000,
    "grossProfit": 1337900000,
    "grossProfitRatio": 0.4687478102,
    "researchAndDevelopmentExpenses": 0,
    "generalAndAdministrativeExpenses": 0,
    "sellingAndMarketingExpenses": 0,
    "sellingGeneralAndAdministrativeExpenses": 953700000,
    "otherExpenses": -90900000,
    "operatingExpenses": 862800000,
    "costAndExpenses": 2379100000,
    "interestIncome": 1400000,
    "interestExpense": 66500000,
    "depreciationAndAmortization": 74600000,
    "ebitda": 548700000,
    "ebitdaratio": 0.1922430103,
    "operatingIncome": 475100000,
    "operatingIncomeRatio": 0.1664564501,
    "totalOtherIncomeExpensesNet": -62200000,
    "incomeBeforeTax": 412900000,
    "incomeBeforeTaxRatio": 0.1446640039,
    "incomeTaxExpense": 133700000,
    "netIncome": 276300000,
    "netIncomeRatio": 0.0968047089,
    "eps": 4.75,
    "epsdiluted": 4.71,
    "weightedAverageShsOut": 58200000,
    "weightedAverageShsOutDil": 58700000,
    "link": "https://www.sec.gov/Archives/edgar/data/91440/000119312512064510/0001193125-12-064510-index.htm",
    "finalLink": "https://www.sec.gov/Archives/edgar/data/91440/000119312512064510/d261304d10k.htm"
  },
  {
    "date": "2011-01-01",
    "symbol": "SNA",
    "reportedCurrency": "USD",
    "cik": "0000091440",
    "fillingDate": "2011-02-17",
    "acceptedDate": "2011-02-17 11:07:55",
    "calendarYear": "2010",
    "period": "FY",
    "revenue": 2619200000,
    "costOfRevenue": 1408100000,
    "grossProfit": 1211100000,
    "grossProfitRatio": 0.4623930971,
    "researchAndDevelopmentExpenses": 0,
    "generalAndAdministrativeExpenses": 0,
    "sellingAndMarketingExpenses": 0,
    "sellingGeneralAndAdministrativeExpenses": 894100000,
    "otherExpenses": -14400000,
    "operatingExpenses": 879700000,
    "costAndExpenses": 2287800000,
    "interestIncome": 1300000,
    "interestExpense": 59700000,
    "depreciationAndAmortization": 72700000,
    "ebitda": 404900000,
    "ebitdaratio": 0.1545891875,
    "operatingIncome": 331400000,
    "operatingIncomeRatio": 0.1265271839,
    "totalOtherIncomeExpensesNet": -54000000,
    "incomeBeforeTax": 277400000,
    "incomeBeforeTaxRatio": 0.1059102016,
    "incomeTaxExpense": 87600000,
    "netIncome": 186500000,
    "netIncomeRatio": 0.0712049481,
    "eps": 3.22,
    "epsdiluted": 3.19,
    "weightedAverageShsOut": 58000000,
    "weightedAverageShsOutDil": 58400000,
    "link": "https://www.sec.gov/Archives/edgar/data/91440/000119312511038686/0001193125-11-038686-index.htm",
    "finalLink": "https://www.sec.gov/Archives/edgar/data/91440/000119312511038686/d10k.htm"
  },
  {
    "date": "2010-01-02",
    "symbol": "SNA",
    "reportedCurrency": "USD",
    "cik": "0000091440",
    "fillingDate": "2010-02-18",
    "acceptedDate": "2010-02-18 10:24:15",
    "calendarYear": "2009",
    "period": "FY",
    "revenue": 2362500000,
    "costOfRevenue": 1304900000,
    "grossProfit": 1057600000,
    "grossProfitRatio": 0.4476613757,
    "researchAndDevelopmentExpenses": 0,
    "generalAndAdministrativeExpenses": 0,
    "sellingAndMarketingExpenses": 0,
    "sellingGeneralAndAdministrativeExpenses": 824400000,
    "otherExpenses": -17500000,
    "operatingExpenses": 806900000,
    "costAndExpenses": 2111800000,
    "interestIncome": 1700000,
    "interestExpense": 47700000,
    "depreciationAndAmortization": 74600000,
    "ebitda": 327600000,
    "ebitdaratio": 0.1386666667,
    "operatingIncome": 250700000,
    "operatingIncomeRatio": 0.1061164021,
    "totalOtherIncomeExpensesNet": -45400000,
    "incomeBeforeTax": 205300000,
    "incomeBeforeTaxRatio": 0.0868994709,
    "incomeTaxExpense": 62700000,
    "netIncome": 134200000,
    "netIncomeRatio": 0.0568042328,
    "eps": 2.33,
    "epsdiluted": 2.32,
    "weightedAverageShsOut": 57700000,
    "weightedAverageShsOutDil": 57900000,
    "link": "https://www.sec.gov/Archives/edgar/data/91440/000119312510033916/0001193125-10-033916-index.htm",
    "finalLink": "https://www.sec.gov/Archives/edgar/data/91440/000119312510033916/d10k.htm"
  },
  {
    "date": "2009-01-03",
    "symbol": "SNA",
    "reportedCurrency": "USD",
    "cik": "0000091440",
    "fillingDate": "2009-02-18",
    "acceptedDate": "2009-02-18 09:05:14",
    "calendarYear": "2008",
    "period": "FY",
    "revenue": 2853300000,
    "costOfRevenue": 1568700000,
    "grossProfit": 1284600000,
    "grossProfitRatio": 0.4502155399,
    "researchAndDevelopmentExpenses": 0,
    "generalAndAdministrativeExpenses": 0,
    "sellingAndMarketingExpenses": 0,
    "sellingGeneralAndAdministrativeExpenses": 933100000,
    "otherExpenses": -37300000,
    "operatingExpenses": 895800000,
    "costAndExpenses": 2464500000,
    "interestIncome": 6600000,
    "interestExpense": 33800000,
    "depreciationAndAmortization": 72000000,
    "ebitda": 463600000,
    "ebitdaratio": 0.1624785336,
    "operatingIncome": 388800000,
    "operatingIncomeRatio": 0.1362632741,
    "totalOtherIncomeExpensesNet": -31000000,
    "incomeBeforeTax": 357800000,
    "incomeBeforeTaxRatio": 0.1253986612,
    "incomeTaxExpense": 117800000,
    "netIncome": 236700000,
    "netIncomeRatio": 0.0829565766,
    "eps": 4.12,
    "epsdiluted": 4.07,
    "weightedAverageShsOut": 57500000,
    "weightedAverageShsOutDil": 58100000,
    "link": "https://www.sec.gov/Archives/edgar/data/91440/000110465909010323/0001104659-09-010323-index.htm",
    "finalLink": "https://www.sec.gov/Archives/edgar/data/91440/000110465909010323/a09-1236_110k.htm"
  },
  {
    "date": "2007-12-29",
    "symbol": "SNA",
    "reportedCurrency": "USD",
    "cik": "0000091440",
    "fillingDate": "2008-02-19",
    "acceptedDate": "2008-02-19 11:13:18",
    "calendarYear": "2007",
    "period": "FY",
    "revenue": 2841200000,
    "costOfRevenue": 1574600000,
    "grossProfit": 1266600000,
    "grossProfitRatio": 0.4457975503,
    "researchAndDevelopmentExpenses": 0,
    "generalAndAdministrativeExpenses": 0,
    "sellingAndMarketingExpenses": 0,
    "sellingGeneralAndAdministrativeExpenses": 964200000,
    "otherExpenses": -22400000,
    "operatingExpenses": 941800000,
    "costAndExpenses": 2516400000,
    "interestIncome": 9100000,
    "interestExpense": 46100000,
    "depreciationAndAmortization": 75700000,
    "ebitda": 406000000,
    "ebitdaratio": 0.1428973673,
    "operatingIncome": 324800000,
    "operatingIncomeRatio": 0.1143178938,
    "totalOtherIncomeExpensesNet": -40600000,
    "incomeBeforeTax": 284200000,
    "incomeBeforeTaxRatio": 0.1000281571,
    "incomeTaxExpense": 92500000,
    "netIncome": 181200000,
    "netIncomeRatio": 0.0637758694,
    "eps": 3.13,
    "epsdiluted": 3.09,
    "weightedAverageShsOut": 57900000,
    "weightedAverageShsOutDil": 58600000,
    "link": "https://www.sec.gov/Archives/edgar/data/91440/000110465908011401/0001104659-08-011401-index.htm",
    "finalLink": "https://www.sec.gov/Archives/edgar/data/91440/000110465908011401/a08-2386_110k.htm"
  },
  {
    "date": "2006-12-30",
    "symbol": "SNA",
    "reportedCurrency": "USD",
    "cik": "0000091440",
    "fillingDate": "2007-02-20",
    "acceptedDate": "2007-02-20 09:54:39",
    "calendarYear": "2006",
    "period": "FY",
    "revenue": 2455100000,
    "costOfRevenue": 1375300000,
    "grossProfit": 1079800000,
    "grossProfitRatio": 0.439819152,
    "researchAndDevelopmentExpenses": 0,
    "generalAndAdministrativeExpenses": 0,
    "sellingAndMarketingExpenses": 0,
    "sellingGeneralAndAdministrativeExpenses": 930000000,
    "otherExpenses": -13000000,
    "operatingExpenses": 917000000,
    "costAndExpenses": 2292300000,
    "interestIncome": 0,
    "interestExpense": 20600000,
    "depreciationAndAmortization": 51900000,
    "ebitda": 214700000,
    "ebitdaratio": 0.087450613,
    "operatingIncome": 162800000,
    "operatingIncomeRatio": 0.0663109446,
    "totalOtherIncomeExpensesNet": -15300000,
    "incomeBeforeTax": 145900000,
    "incomeBeforeTaxRatio": 0.0594273146,
    "incomeTaxExpense": 45800000,
    "netIncome": 100100000,
    "netIncomeRatio": 0.04077227,
    "eps": 1.72,
    "epsdiluted": 1.69,
    "weightedAverageShsOut": 58300000,
    "weightedAverageShsOutDil": 59200000,
    "link": "https://www.sec.gov/Archives/edgar/data/91440/000110465907012161/0001104659-07-012161-index.htm",
    "finalLink": "https://www.sec.gov/Archives/edgar/data/91440/000110465907012161/a07-4548_110k.htm"
  },
  {
    "date": "2005-12-31",
    "symbol": "SNA",
    "reportedCurrency": "USD",
    "cik": "0000091440",
    "fillingDate": "2006-02-21",
    "acceptedDate": "2006-02-21 12:43:55",
    "calendarYear": "2005",
    "period": "FY",
    "revenue": 2281000000,
    "costOfRevenue": 1269800000,
    "grossProfit": 1011200000,
    "grossProfitRatio": 0.4433143358,
    "researchAndDevelopmentExpenses": 0,
    "generalAndAdministrativeExpenses": 0,
    "sellingAndMarketingExpenses": 0,
    "sellingGeneralAndAdministrativeExpenses": 863500000,
    "otherExpenses": -15700000,
    "operatingExpenses": 847800000,
    "costAndExpenses": 2117600000,
    "interestIncome": 0,
    "interestExpense": 21700000,
    "depreciationAndAmortization": 52200000,
    "ebitda": 215600000,
    "ebitdaratio": 0.0945199474,
    "operatingIncome": 163400000,
    "operatingIncomeRatio": 0.0716352477,
    "totalOtherIncomeExpensesNet": -18600000,
    "incomeBeforeTax": 148000000,
    "incomeBeforeTaxRatio": 0.0648838229,
    "incomeTaxExpense": 55100000,
    "netIncome": 92900000,
    "netIncomeRatio": 0.040727751,
    "eps": 1.61,
    "epsdiluted": 1.59,
    "weightedAverageShsOut": 57800000,
    "weightedAverageShsOutDil": 58400000,
    "link": "https://www.sec.gov/Archives/edgar/data/91440/000089706906000518/0000897069-06-000518-index.htm",
    "finalLink": "https://www.sec.gov/Archives/edgar/data/91440/000089706906000518/cmw2048.htm"
  },
  {
    "date": "2005-02-01",
    "symbol": "SNA",
    "reportedCurrency": "USD",
    "cik": "0000091440",
    "fillingDate": "2005-02-25",
    "acceptedDate": "2005-02-25 16:56:22",
    "calendarYear": "2004",
    "period": "FY",
    "revenue": 2407200000,
    "costOfRevenue": 1363800000,
    "grossProfit": 1043400000,
    "grossProfitRatio": 0.433449651,
    "researchAndDevelopmentExpenses": 0,
    "generalAndAdministrativeExpenses": 0,
    "sellingAndMarketingExpenses": 0,
    "sellingGeneralAndAdministrativeExpenses": 901100000,
    "otherExpenses": 0,
    "operatingExpenses": 901100000,
    "costAndExpenses": 2264900000,
    "interestIncome": 0,
    "interestExpense": 23000000,
    "depreciationAndAmortization": 61000000,
    "ebitda": 203300000,
    "ebitdaratio": 0.0844549684,
    "operatingIncome": 142300000,
    "operatingIncomeRatio": 0.0591143237,
    "totalOtherIncomeExpensesNet": -21900000,
    "incomeBeforeTax": 120400000,
    "incomeBeforeTaxRatio": 0.0500166168,
    "incomeTaxExpense": 38700000,
    "netIncome": 81700000,
    "netIncomeRatio": 0.0339398471,
    "eps": 1.41,
    "epsdiluted": 1.4,
    "weightedAverageShsOut": 57900000,
    "weightedAverageShsOutDil": 58300000,
    "link": "https://www.sec.gov/Archives/edgar/data/91440/000089706905000548/0000897069-05-000548-index.htm",
    "finalLink": "https://www.sec.gov/Archives/edgar/data/91440/000089706905000548/cmw1253.htm"
  },
  {
    "date": "2003-12-31",
    "symbol": "SNA",
    "reportedCurrency": "USD",
    "cik": "0000091440",
    "fillingDate": "2004-03-16",
    "acceptedDate": "2004-03-16 17:19:53",
    "calendarYear": "2003",
    "period": "FY",
    "revenue": 2233200000,
    "costOfRevenue": 1268500000,
    "grossProfit": 964700000,
    "grossProfitRatio": 0.4319810138,
    "researchAndDevelopmentExpenses": 0,
    "generalAndAdministrativeExpenses": 0,
    "sellingAndMarketingExpenses": 0,
    "sellingGeneralAndAdministrativeExpenses": 858400000,
    "otherExpenses": -43800000,
    "operatingExpenses": 814600000,
    "costAndExpenses": 2083100000,
    "interestIncome": 0,
    "interestExpense": 0,
    "depreciationAndAmortization": 60300000,
    "ebitda": 210400000,
    "ebitdaratio": 0.09421458,
    "operatingIncome": 150100000,
    "operatingIncomeRatio": 0.0672129679,
    "totalOtherIncomeExpensesNet": -33400000,
    "incomeBeforeTax": 116700000,
    "incomeBeforeTaxRatio": 0.0522568512,
    "incomeTaxExpense": 38000000,
    "netIncome": 78700000,
    "netIncomeRatio": 0.0352409099,
    "eps": 1.35,
    "epsdiluted": 1.35,
    "weightedAverageShsOut": 58200000,
    "weightedAverageShsOutDil": 58400000,
    "link": "https://www.sec.gov/Archives/edgar/data/91440/000089706904000644/0000897069-04-000644-index.htm",
    "finalLink": "https://www.sec.gov/Archives/edgar/data/91440/000089706904000644/cmw550.htm"
  },
  {
    "date": "2002-12-31",
    "symbol": "SNA",
    "reportedCurrency": "USD",
    "cik": "0000091440",
    "fillingDate": "2003-03-05",
    "acceptedDate": "2003-03-05 16:07:07",
    "calendarYear": "2002",
    "period": "FY",
    "revenue": 2109100000,
    "costOfRevenue": 1144200000,
    "grossProfit": 964900000,
    "grossProfitRatio": 0.4574937177,
    "researchAndDevelopmentExpenses": 0,
    "generalAndAdministrativeExpenses": 0,
    "sellingAndMarketingExpenses": 0,
    "sellingGeneralAndAdministrativeExpenses": 799200000,
    "otherExpenses": -32600000,
    "operatingExpenses": 766600000,
    "costAndExpenses": 1910800000,
    "interestIncome": 0,
    "interestExpense": 0,
    "depreciationAndAmortization": 51700000,
    "ebitda": 255100000,
    "ebitdaratio": 0.1209520649,
    "operatingIncome": 198300000,
    "operatingIncomeRatio": 0.0940211465,
    "totalOtherIncomeExpensesNet": -37100000,
    "incomeBeforeTax": 161200000,
    "incomeBeforeTaxRatio": 0.076430705,
    "incomeTaxExpense": 58000000,
    "netIncome": 106000000,
    "netIncomeRatio": 0.0502584041,
    "eps": 1.82,
    "epsdiluted": 1.81,
    "weightedAverageShsOut": 58200000,
    "weightedAverageShsOutDil": 58500000,
    "link": "https://www.sec.gov/Archives/edgar/data/91440/000089706903000288/0000897069-03-000288-index.htm",
    "finalLink": "https://www.sec.gov/Archives/edgar/data/91440/000089706903000288/irm182a.txt"
  },
  {
    "date": "2001-12-29",
    "symbol": "SNA",
    "reportedCurrency": "USD",
    "cik": "0000091440",
    "fillingDate": "2002-03-25",
    "acceptedDate": "2002-03-25 00:00:00",
    "calendarYear": "2001",
    "period": "FY",
    "revenue": 2095700000,
    "costOfRevenue": 1146700000,
    "grossProfit": 949000000,
    "grossProfitRatio": 0.4528319893,
    "researchAndDevelopmentExpenses": 0,
    "generalAndAdministrativeExpenses": 0,
    "sellingAndMarketingExpenses": 0,
    "sellingGeneralAndAdministrativeExpenses": 848700000,
    "otherExpenses": 49400000,
    "operatingExpenses": 898100000,
    "costAndExpenses": 2044800000,
    "interestIncome": 0,
    "interestExpense": 0,
    "depreciationAndAmortization": 68000000,
    "ebitda": 168300000,
    "ebitdaratio": 0.0803072959,
    "operatingIncome": 50900000,
    "operatingIncomeRatio": 0.0242878275,
    "totalOtherIncomeExpensesNet": -3300000,
    "incomeBeforeTax": 47600000,
    "incomeBeforeTaxRatio": 0.0227131746,
    "incomeTaxExpense": 26100000,
    "netIncome": 19000000,
    "netIncomeRatio": 0.0090661831,
    "eps": 0.33,
    "epsdiluted": 0.33,
    "weightedAverageShsOut": 57900000,
    "weightedAverageShsOutDil": 58100000,
    "link": "https://www.sec.gov/Archives/edgar/data/91440/000089706902000231/0000897069-02-000231-index.htm",
    "finalLink": "https://www.sec.gov/Archives/edgar/data/91440/000089706902000231/pdm280a.txt"
  },
  {
    "date": "2000-12-30",
    "symbol": "SNA",
    "reportedCurrency": "USD",
    "cik": "0000091440",
    "fillingDate": "2001-03-19",
    "acceptedDate": "2001-03-19 00:00:00",
    "calendarYear": "2000",
    "period": "FY",
    "revenue": 2175700000,
    "costOfRevenue": 1112700000,
    "grossProfit": 1063000000,
    "grossProfitRatio": 0.4885783886,
    "researchAndDevelopmentExpenses": 0,
    "generalAndAdministrativeExpenses": 0,
    "sellingAndMarketingExpenses": 0,
    "sellingGeneralAndAdministrativeExpenses": 792600000,
    "otherExpenses": 78500000,
    "operatingExpenses": 871100000,
    "costAndExpenses": 1983800000,
    "interestIncome": 0,
    "interestExpense": 0,
    "depreciationAndAmortization": 66200000,
    "ebitda": 270400000,
    "ebitdaratio": 0.1242818403,
    "operatingIncome": 191900000,
    "operatingIncomeRatio": 0.0882014984,
    "totalOtherIncomeExpensesNet": 700000,
    "incomeBeforeTax": 192600000,
    "incomeBeforeTaxRatio": 0.0885232339,
    "incomeTaxExpense": 69500000,
    "netIncome": 148500000,
    "netIncomeRatio": 0.0682538953,
    "eps": 2.54,
    "epsdiluted": 2.53,
    "weightedAverageShsOut": 58400000,
    "weightedAverageShsOutDil": 58600000,
    "link": "https://www.sec.gov/Archives/edgar/data/91440/000089706901000228/0000897069-01-000228-index.htm",
    "finalLink": "https://www.sec.gov/Archives/edgar/data/91440/000089706901000228/0000897069-01-000228-0001.txt"
  },
  {
    "date": "2000-01-01",
    "symbol": "SNA",
    "reportedCurrency": "USD",
    "cik": "0000091440",
    "fillingDate": "2000-03-29",
    "acceptedDate": "2000-03-29 00:00:00",
    "calendarYear": "1999",
    "period": "FY",
    "revenue": 1945600000,
    "costOfRevenue": 994100000,
    "grossProfit": 951500000,
    "grossProfitRatio": 0.4890522204,
    "researchAndDevelopmentExpenses": 0,
    "generalAndAdministrativeExpenses": 0,
    "sellingAndMarketingExpenses": 0,
    "sellingGeneralAndAdministrativeExpenses": 723700000,
    "otherExpenses": 76000000,
    "operatingExpenses": 799700000,
    "costAndExpenses": 1793800000,
    "interestIncome": 0,
    "interestExpense": 0,
    "depreciationAndAmortization": 55400000,
    "ebitda": 227800000,
    "ebitdaratio": 0.1170847039,
    "operatingIncome": 151800000,
    "operatingIncomeRatio": 0.0780222039,
    "totalOtherIncomeExpensesNet": 46100000,
    "incomeBeforeTax": 197900000,
    "incomeBeforeTaxRatio": 0.1017166941,
    "incomeTaxExpense": 70700000,
    "netIncome": 127200000,
    "netIncomeRatio": 0.0653782895,
    "eps": 2.18,
    "epsdiluted": 2.16,
    "weightedAverageShsOut": 58500000,
    "weightedAverageShsOutDil": 58900000,
    "link": "https://www.sec.gov/Archives/edgar/data/91440/000089706900000179/0000897069-00-000179-index.html",
    "finalLink": "https://www.sec.gov/Archives/edgar/data/91440/000089706900000179/"
  },
  {
    "date": "1999-01-02",
    "symbol": "SNA",
    "reportedCurrency": "USD",
    "cik": "0000091440",
    "fillingDate": "2000-01-28",
    "acceptedDate": "2000-01-28 00:00:00",
    "calendarYear": "1998",
    "period": "FY",
    "revenue": 1772600000,
    "costOfRevenue": 964400000,
    "grossProfit": 808200000,
    "grossProfitRatio": 0.4559404265,
    "researchAndDevelopmentExpenses": 0,
    "generalAndAdministrativeExpenses": 0,
    "sellingAndMarketingExpenses": 0,
    "sellingGeneralAndAdministrativeExpenses": 705800000,
    "otherExpenses": 134300000,
    "operatingExpenses": 840100000,
    "costAndExpenses": 1804500000,
    "interestIncome": 0,
    "interestExpense": 0,
    "depreciationAndAmortization": 45000000,
    "ebitda": 102400000,
    "ebitdaratio": 0.05776825,
    "operatingIncome": -31900000,
    "operatingIncomeRatio": -0.0179961638,
    "totalOtherIncomeExpensesNet": 42700000,
    "incomeBeforeTax": 10800000,
    "incomeBeforeTaxRatio": 0.0060927451,
    "incomeTaxExpense": 15600000,
    "netIncome": -4800000,
    "netIncomeRatio": -0.0027078867,
    "eps": -0.08,
    "epsdiluted": -0.08,
    "weightedAverageShsOut": 60000000,
    "weightedAverageShsOutDil": 60000000,
    "link": "https://www.sec.gov/Archives/edgar/data/91440/000089706900000020/0000897069-00-000020-index.html",
    "finalLink": "https://www.sec.gov/Archives/edgar/data/91440/000089706900000020/"
  },
  {
    "date": "1998-01-03",
    "symbol": "SNA",
    "reportedCurrency": "USD",
    "cik": "0000091440",
    "fillingDate": "1998-03-27",
    "acceptedDate": "1998-03-27 00:00:00",
    "calendarYear": "1997",
    "period": "FY",
    "revenue": 1672200000,
    "costOfRevenue": 790000000,
    "grossProfit": 882200000,
    "grossProfitRatio": 0.5275684727,
    "researchAndDevelopmentExpenses": 0,
    "generalAndAdministrativeExpenses": 0,
    "sellingAndMarketingExpenses": 0,
    "sellingGeneralAndAdministrativeExpenses": 650200000,
    "otherExpenses": 38400000,
    "operatingExpenses": 688600000,
    "costAndExpenses": 1478600000,
    "interestIncome": 0,
    "interestExpense": 0,
    "depreciationAndAmortization": 38400000,
    "ebitda": 232000000,
    "ebitdaratio": 0.1387393852,
    "operatingIncome": 193600000,
    "operatingIncomeRatio": 0.1157756249,
    "totalOtherIncomeExpensesNet": 45100000,
    "incomeBeforeTax": 238700000,
    "incomeBeforeTaxRatio": 0.142746083,
    "incomeTaxExpense": 88300000,
    "netIncome": 150400000,
    "netIncomeRatio": 0.0899413946,
    "eps": 2.47,
    "epsdiluted": 2.44,
    "weightedAverageShsOut": 60890688,
    "weightedAverageShsOutDil": 61639344,
    "link": "https://www.sec.gov/Archives/edgar/data/91440/000089706998000169/0000897069-98-000169-index.html",
    "finalLink": "https://www.sec.gov/Archives/edgar/data/91440/"
  },
  {
    "date": "1996-12-28",
    "symbol": "SNA",
    "reportedCurrency": "USD",
    "cik": "0000091440",
    "fillingDate": "1997-03-27",
    "acceptedDate": "1997-03-27 00:00:00",
    "calendarYear": "1996",
    "period": "FY",
    "revenue": 1485300000,
    "costOfRevenue": 702700000,
    "grossProfit": 782600000,
    "grossProfitRatio": 0.5268969232,
    "researchAndDevelopmentExpenses": 0,
    "generalAndAdministrativeExpenses": 0,
    "sellingAndMarketingExpenses": 0,
    "sellingGeneralAndAdministrativeExpenses": 594500000,
    "otherExpenses": 31800000,
    "operatingExpenses": 626300000,
    "costAndExpenses": 1329000000,
    "interestIncome": 0,
    "interestExpense": 0,
    "depreciationAndAmortization": 31800000,
    "ebitda": 188100000,
    "ebitdaratio": 0.1266410826,
    "operatingIncome": 156300000,
    "operatingIncomeRatio": 0.1052312664,
    "totalOtherIncomeExpensesNet": 52400000,
    "incomeBeforeTax": 208700000,
    "incomeBeforeTaxRatio": 0.1405103346,
    "incomeTaxExpense": 77200000,
    "netIncome": 131500000,
    "netIncomeRatio": 0.0885343028,
    "eps": 2.16,
    "epsdiluted": 2.13,
    "weightedAverageShsOut": 60879630,
    "weightedAverageShsOutDil": 61737089,
    "link": "https://www.sec.gov/Archives/edgar/data/91440/000089706997000146/0000897069-97-000146-index.html",
    "finalLink": "https://www.sec.gov/Archives/edgar/data/91440/"
  },
  {
    "date": "1995-12-30",
    "symbol": "SNA",
    "reportedCurrency": "USD",
    "cik": "0000091440",
    "fillingDate": "1996-03-28",
    "acceptedDate": "1996-03-28 00:00:00",
    "calendarYear": "1995",
    "period": "FY",
    "revenue": 1292100000,
    "costOfRevenue": 597100000,
    "grossProfit": 695000000,
    "grossProfitRatio": 0.5378840647,
    "researchAndDevelopmentExpenses": 0,
    "generalAndAdministrativeExpenses": 0,
    "sellingAndMarketingExpenses": 0,
    "sellingGeneralAndAdministrativeExpenses": 538000000,
    "otherExpenses": 31500000,
    "operatingExpenses": 569500000,
    "costAndExpenses": 1166600000,
    "interestIncome": 0,
    "interestExpense": 0,
    "depreciationAndAmortization": 31500000,
    "ebitda": 157000000,
    "ebitdaratio": 0.1215076232,
    "operatingIncome": 125500000,
    "operatingIncomeRatio": 0.0971287052,
    "totalOtherIncomeExpensesNet": 54400000,
    "incomeBeforeTax": 179900000,
    "incomeBeforeTaxRatio": 0.1392307097,
    "incomeTaxExpense": 66600000,
    "netIncome": 113300000,
    "netIncomeRatio": 0.0876867116,
    "eps": 1.84,
    "epsdiluted": 1.84,
    "weightedAverageShsOut": 61510006,
    "weightedAverageShsOutDil": 62030075,
    "link": "https://www.sec.gov/Archives/edgar/data/91440/000089706996000068/0000897069-96-000068-index.html",
    "finalLink": "https://www.sec.gov/Archives/edgar/data/91440/"
  },
  {
    "date": "1994-12-31",
    "symbol": "SNA",
    "reportedCurrency": "USD",
    "cik": "0000091440",
    "fillingDate": "1995-03-27",
    "acceptedDate": "1995-03-27 00:00:00",
    "calendarYear": "1994",
    "period": "FY",
    "revenue": 1194300000,
    "costOfRevenue": 555900000,
    "grossProfit": 638400000,
    "grossProfitRatio": 0.5345390605,
    "researchAndDevelopmentExpenses": 0,
    "generalAndAdministrativeExpenses": 0,
    "sellingAndMarketingExpenses": 0,
    "sellingGeneralAndAdministrativeExpenses": 510400000,
    "otherExpenses": 29600000,
    "operatingExpenses": 540000000,
    "costAndExpenses": 1095900000,
    "interestIncome": 0,
    "interestExpense": 0,
    "depreciationAndAmortization": 29600000,
    "ebitda": 128000000,
    "ebitdaratio": 0.1071757515,
    "operatingIncome": 98400000,
    "operatingIncomeRatio": 0.082391359,
    "totalOtherIncomeExpensesNet": 55300000,
    "incomeBeforeTax": 153700000,
    "incomeBeforeTaxRatio": 0.1286946328,
    "incomeTaxExpense": 55400000,
    "netIncome": 98300000,
    "netIncomeRatio": 0.0823076279,
    "eps": 1.53,
    "epsdiluted": 1.53,
    "weightedAverageShsOut": 64108696,
    "weightedAverageShsOutDil": 64108696,
    "link": "https://www.sec.gov/Archives/edgar/data/91440/000091205795001725/0000912057-95-001725-index.html",
    "finalLink": "https://www.sec.gov/Archives/edgar/data/91440/"
  },
  {
    "date": "1994-01-01",
    "symbol": "SNA",
    "reportedCurrency": "USD",
    "cik": "0000091440",
    "fillingDate": "1994-03-18",
    "acceptedDate": "1994-03-18 00:00:00",
    "calendarYear": "1993",
    "period": "FY",
    "revenue": 1132000000,
    "costOfRevenue": 504200000,
    "grossProfit": 627800000,
    "grossProfitRatio": 0.5545936396,
    "researchAndDevelopmentExpenses": 0,
    "generalAndAdministrativeExpenses": 0,
    "sellingAndMarketingExpenses": 0,
    "sellingGeneralAndAdministrativeExpenses": 448800000,
    "otherExpenses": 32100000,
    "operatingExpenses": 480900000,
    "costAndExpenses": 985100000,
    "interestIncome": 0,
    "interestExpense": 0,
    "depreciationAndAmortization": 32100000,
    "ebitda": 179000000,
    "ebitdaratio": 0.1581272085,
    "operatingIncome": 146900000,
    "operatingIncomeRatio": 0.129770318,
    "totalOtherIncomeExpensesNet": -10400000,
    "incomeBeforeTax": 136500000,
    "incomeBeforeTaxRatio": 0.1205830389,
    "incomeTaxExpense": 50700000,
    "netIncome": 85800000,
    "netIncomeRatio": 0.075795053,
    "eps": 1.35,
    "epsdiluted": 1.34,
    "weightedAverageShsOut": 63555556,
    "weightedAverageShsOutDil": 64029851,
    "link": "https://www.sec.gov/Archives/edgar/data/91440/000091205794000964/0000912057-94-000964-index.html",
    "finalLink": "https://www.sec.gov/Archives/edgar/data/91440/"
  },
  {
    "date": "1992-12-31",
    "symbol": "SNA",
    "reportedCurrency": "USD",
    "cik": "0000091440",
    "fillingDate": "1992-12-31",
    "acceptedDate": "1992-12-31 00:00:00",
    "calendarYear": "1992",
    "period": "FY",
    "revenue": 983800000,
    "costOfRevenue": 444900000,
    "grossProfit": 538900000,
    "grossProfitRatio": 0.5477739378,
    "researchAndDevelopmentExpenses": 0,
    "generalAndAdministrativeExpenses": 0,
    "sellingAndMarketingExpenses": 0,
    "sellingGeneralAndAdministrativeExpenses": 393700000,
    "otherExpenses": 29500000,
    "operatingExpenses": 423200000,
    "costAndExpenses": 868100000,
    "interestIncome": 0,
    "interestExpense": 0,
    "depreciationAndAmortization": 29500000,
    "ebitda": 145200000,
    "ebitdaratio": 0.1475909738,
    "operatingIncome": 115700000,
    "operatingIncomeRatio": 0.1176052043,
    "totalOtherIncomeExpensesNet": -6100000,
    "incomeBeforeTax": 109600000,
    "incomeBeforeTaxRatio": 0.1114047571,
    "incomeTaxExpense": 43600000,
    "netIncome": 66000000,
    "netIncomeRatio": 0.0670868063,
    "eps": 1.04,
    "epsdiluted": 1.04,
    "weightedAverageShsOut": 63461538,
    "weightedAverageShsOutDil": 63461538,
    "link": null,
    "finalLink": null
  },
  {
    "date": "1991-12-31",
    "symbol": "SNA",
    "reportedCurrency": "USD",
    "cik": "0000091440",
    "fillingDate": "1991-12-31",
    "acceptedDate": "1991-12-31 00:00:00",
    "calendarYear": "1991",
    "period": "FY",
    "revenue": 881600000,
    "costOfRevenue": 418300000,
    "grossProfit": 463300000,
    "grossProfitRatio": 0.5255217786,
    "researchAndDevelopmentExpenses": 0,
    "generalAndAdministrativeExpenses": 0,
    "sellingAndMarketingExpenses": 0,
    "sellingGeneralAndAdministrativeExpenses": 313800000,
    "otherExpenses": 25600000,
    "operatingExpenses": 339400000,
    "costAndExpenses": 757700000,
    "interestIncome": 0,
    "interestExpense": 0,
    "depreciationAndAmortization": 25600000,
    "ebitda": 149500000,
    "ebitdaratio": 0.1695780399,
    "operatingIncome": 123900000,
    "operatingIncomeRatio": 0.1405399274,
    "totalOtherIncomeExpensesNet": -5400000,
    "incomeBeforeTax": 118500000,
    "incomeBeforeTaxRatio": 0.1344147005,
    "incomeTaxExpense": 45300000,
    "netIncome": 73200000,
    "netIncomeRatio": 0.083030853,
    "eps": 1.17,
    "epsdiluted": 1.17,
    "weightedAverageShsOut": 62564103,
    "weightedAverageShsOutDil": 62564103,
    "link": null,
    "finalLink": null
  },
  {
    "date": "1990-12-31",
    "symbol": "SNA",
    "reportedCurrency": "USD",
    "cik": "0000091440",
    "fillingDate": "1990-12-31",
    "acceptedDate": "1990-12-31 00:00:00",
    "calendarYear": "1990",
    "period": "FY",
    "revenue": 931500000,
    "costOfRevenue": 438000000,
    "grossProfit": 493500000,
    "grossProfitRatio": 0.5297906602,
    "researchAndDevelopmentExpenses": 0,
    "generalAndAdministrativeExpenses": 0,
    "sellingAndMarketingExpenses": 0,
    "sellingGeneralAndAdministrativeExpenses": 359300000,
    "otherExpenses": 24400000,
    "operatingExpenses": 383700000,
    "costAndExpenses": 821700000,
    "interestIncome": 0,
    "interestExpense": 0,
    "depreciationAndAmortization": 24400000,
    "ebitda": 134200000,
    "ebitdaratio": 0.1440687064,
    "operatingIncome": 109800000,
    "operatingIncomeRatio": 0.1178743961,
    "totalOtherIncomeExpensesNet": 50100000,
    "incomeBeforeTax": 159900000,
    "incomeBeforeTaxRatio": 0.1716586151,
    "incomeTaxExpense": 59100000,
    "netIncome": 100800000,
    "netIncomeRatio": 0.1082125604,
    "eps": 1.63,
    "epsdiluted": 1.63,
    "weightedAverageShsOut": 61840491,
    "weightedAverageShsOutDil": 61840491,
    "link": null,
    "finalLink": null
  },
  {
    "date": "1989-12-31",
    "symbol": "SNA",
    "reportedCurrency": "USD",
    "cik": "0000091440",
    "fillingDate": "1989-12-31",
    "acceptedDate": "1989-12-31 00:00:00",
    "calendarYear": "1989",
    "period": "FY",
    "revenue": 890800000,
    "costOfRevenue": 429100000,
    "grossProfit": 461700000,
    "grossProfitRatio": 0.518298159,
    "researchAndDevelopmentExpenses": 0,
    "generalAndAdministrativeExpenses": 0,
    "sellingAndMarketingExpenses": 0,
    "sellingGeneralAndAdministrativeExpenses": 273000000,
    "otherExpenses": 21900000,
    "operatingExpenses": 294900000,
    "costAndExpenses": 724000000,
    "interestIncome": 0,
    "interestExpense": 0,
    "depreciationAndAmortization": 21900000,
    "ebitda": 188700000,
    "ebitdaratio": 0.2118320611,
    "operatingIncome": 166800000,
    "operatingIncomeRatio": 0.1872474181,
    "totalOtherIncomeExpensesNet": -1300000,
    "incomeBeforeTax": 165500000,
    "incomeBeforeTaxRatio": 0.1857880557,
    "incomeTaxExpense": 60800000,
    "netIncome": 104700000,
    "netIncomeRatio": 0.1175348002,
    "eps": 1.7,
    "epsdiluted": 1.7,
    "weightedAverageShsOut": 61588235,
    "weightedAverageShsOutDil": 61588235,
    "link": null,
    "finalLink": null
  },
  {
    "date": "1988-12-31",
    "symbol": "SNA",
    "reportedCurrency": "USD",
    "cik": "0000091440",
    "fillingDate": "1988-12-31",
    "acceptedDate": "1988-12-30 19:00:00",
    "calendarYear": "1988",
    "period": "FY",
    "revenue": 854600000,
    "costOfRevenue": 404100000,
    "grossProfit": 450500000,
    "grossProfitRatio": 0.5271472034,
    "researchAndDevelopmentExpenses": 0,
    "generalAndAdministrativeExpenses": 0,
    "sellingAndMarketingExpenses": 0,
    "sellingGeneralAndAdministrativeExpenses": 249700000,
    "otherExpenses": 18700000,
    "operatingExpenses": 268400000,
    "costAndExpenses": 672500000,
    "interestIncome": 0,
    "interestExpense": 0,
    "depreciationAndAmortization": 18700000,
    "ebitda": 200800000,
    "ebitdaratio": 0.2349637257,
    "operatingIncome": 182100000,
    "operatingIncomeRatio": 0.2130821437,
    "totalOtherIncomeExpensesNet": 700000,
    "incomeBeforeTax": 182800000,
    "incomeBeforeTaxRatio": 0.2139012403,
    "incomeTaxExpense": 69500000,
    "netIncome": 113300000,
    "netIncomeRatio": 0.132576644,
    "eps": 1.81,
    "epsdiluted": 1.81,
    "weightedAverageShsOut": 62596685,
    "weightedAverageShsOutDil": 62596685,
    "link": "",
    "finalLink": ""
  },
  {
    "date": "1987-12-31",
    "symbol": "SNA",
    "reportedCurrency": "USD",
    "cik": "0000091440",
    "fillingDate": "1987-12-31",
    "acceptedDate": "1987-12-30 19:00:00",
    "calendarYear": "1987",
    "period": "FY",
    "revenue": 754300000,
    "costOfRevenue": 360500000,
    "grossProfit": 393800000,
    "grossProfitRatio": 0.5220734456,
    "researchAndDevelopmentExpenses": 0,
    "generalAndAdministrativeExpenses": 0,
    "sellingAndMarketingExpenses": 0,
    "sellingGeneralAndAdministrativeExpenses": 252100000,
    "otherExpenses": 16600000,
    "operatingExpenses": 268700000,
    "costAndExpenses": 629200000,
    "interestIncome": 0,
    "interestExpense": 0,
    "depreciationAndAmortization": 16600000,
    "ebitda": 141700000,
    "ebitdaratio": 0.1878562906,
    "operatingIncome": 125100000,
    "operatingIncomeRatio": 0.1658491316,
    "totalOtherIncomeExpensesNet": 30700000,
    "incomeBeforeTax": 155800000,
    "incomeBeforeTaxRatio": 0.2065491184,
    "incomeTaxExpense": 67200000,
    "netIncome": 88600000,
    "netIncomeRatio": 0.1174598966,
    "eps": 1.42,
    "epsdiluted": 1.42,
    "weightedAverageShsOut": 62394366,
    "weightedAverageShsOutDil": 62394366,
    "link": "",
    "finalLink": ""
  },
  {
    "date": "1986-12-31",
    "symbol": "SNA",
    "reportedCurrency": "USD",
    "cik": "0000091440",
    "fillingDate": "1986-12-31",
    "acceptedDate": "1986-12-30 19:00:00",
    "calendarYear": "1986",
    "period": "FY",
    "revenue": 670100000,
    "costOfRevenue": 323300000,
    "grossProfit": 346800000,
    "grossProfitRatio": 0.5175346963,
    "researchAndDevelopmentExpenses": 0,
    "generalAndAdministrativeExpenses": 0,
    "sellingAndMarketingExpenses": 0,
    "sellingGeneralAndAdministrativeExpenses": 230500000,
    "otherExpenses": 14900000,
    "operatingExpenses": 245400000,
    "costAndExpenses": 568700000,
    "interestIncome": 0,
    "interestExpense": 0,
    "depreciationAndAmortization": 14900000,
    "ebitda": 116300000,
    "ebitdaratio": 0.1735561856,
    "operatingIncome": 101400000,
    "operatingIncomeRatio": 0.1513206984,
    "totalOtherIncomeExpensesNet": 25100000,
    "incomeBeforeTax": 126500000,
    "incomeBeforeTaxRatio": 0.1887777944,
    "incomeTaxExpense": 61000000,
    "netIncome": 65500000,
    "netIncomeRatio": 0.097746605,
    "eps": 1.06,
    "epsdiluted": 1.06,
    "weightedAverageShsOut": 61792453,
    "weightedAverageShsOutDil": 61792453,
    "link": "",
    "finalLink": ""
  },
  {
    "date": "1985-12-31",
    "symbol": "SNA",
    "reportedCurrency": "USD",
    "cik": "0000091440",
    "fillingDate": "1985-12-31",
    "acceptedDate": "1985-12-30 19:00:00",
    "calendarYear": "1985",
    "period": "FY",
    "revenue": 591300000,
    "costOfRevenue": 280400000,
    "grossProfit": 310900000,
    "grossProfitRatio": 0.5257906308,
    "researchAndDevelopmentExpenses": 0,
    "generalAndAdministrativeExpenses": 0,
    "sellingAndMarketingExpenses": 0,
    "sellingGeneralAndAdministrativeExpenses": 206000000,
    "otherExpenses": 12800000,
    "operatingExpenses": 218800000,
    "costAndExpenses": 499200000,
    "interestIncome": 0,
    "interestExpense": 0,
    "depreciationAndAmortization": 12800000,
    "ebitda": 104900000,
    "ebitdaratio": 0.1774057162,
    "operatingIncome": 92100000,
    "operatingIncomeRatio": 0.1557584982,
    "totalOtherIncomeExpensesNet": 19700000,
    "incomeBeforeTax": 111800000,
    "incomeBeforeTaxRatio": 0.1890749197,
    "incomeTaxExpense": 52100000,
    "netIncome": 59700000,
    "netIncomeRatio": 0.1009639777,
    "eps": 0.97,
    "epsdiluted": 0.97,
    "weightedAverageShsOut": 61546392,
    "weightedAverageShsOutDil": 61546392,
    "link": "",
    "finalLink": ""
  }
]