[
  {
    "date": "2025-07-31",
    "symbol": "SNPS",
    "reportedCurrency": "USD",
    "cik": "0000883241",
    "fillingDate": "2025-09-09",
    "acceptedDate": "2025-09-09 16:33:44",
    "calendarYear": "2025",
    "period": "Q3",
    "revenue": 1739737000,
    "costOfRevenue": 380564000,
    "grossProfit": 1359173000,
    "grossProfitRatio": 0.7812519938,
    "researchAndDevelopmentExpenses": 625301000,
    "generalAndAdministrativeExpenses": 280550000,
    "sellingAndMarketingExpenses": 259480000,
    "sellingGeneralAndAdministrativeExpenses": 540030000,
    "otherExpenses": 28573000,
    "operatingExpenses": 1193904000,
    "costAndExpenses": 1574468000,
    "interestIncome": 131417000,
    "interestExpense": 146502000,
    "depreciationAndAmortization": 114469000,
    "ebitda": 450281000,
    "ebitdaratio": 0.2588213046,
    "operatingIncome": 165269000,
    "operatingIncomeRatio": 0.0949965426,
    "totalOtherIncomeExpensesNet": 24041000,
    "incomeBeforeTax": 189310000,
    "incomeBeforeTaxRatio": 0.1088152979,
    "incomeTaxExpense": -52967000,
    "netIncome": 242509000,
    "netIncomeRatio": 0.1393940578,
    "eps": 1.51,
    "epsdiluted": 1.5,
    "weightedAverageShsOut": 160174000,
    "weightedAverageShsOutDil": 161682000,
    "link": "https://www.sec.gov/Archives/edgar/data/883241/000088324125000024/0000883241-25-000024-index.htm",
    "finalLink": "https://www.sec.gov/Archives/edgar/data/883241/000088324125000024/snps-20250731.htm"
  },
  {
    "date": "2025-04-30",
    "symbol": "SNPS",
    "reportedCurrency": "USD",
    "cik": "0000883241",
    "fillingDate": "2025-05-28",
    "acceptedDate": "2025-05-28 16:41:11",
    "calendarYear": "2025",
    "period": "Q2",
    "revenue": 1602984000,
    "costOfRevenue": 318347000,
    "grossProfit": 1285919000,
    "grossProfitRatio": 0.8022032659,
    "researchAndDevelopmentExpenses": 553979000,
    "generalAndAdministrativeExpenses": 136497000,
    "sellingAndMarketingExpenses": 215021000,
    "sellingGeneralAndAdministrativeExpenses": 351518000,
    "otherExpenses": 3996000,
    "operatingExpenses": 909493000,
    "costAndExpenses": 1227840000,
    "interestIncome": 89890000,
    "interestExpense": 93448000,
    "depreciationAndAmortization": 75159000,
    "ebitda": 564798000,
    "ebitdaratio": 0.3523416329,
    "operatingIncome": 376426000,
    "operatingIncomeRatio": 0.2348282952,
    "totalOtherIncomeExpensesNet": 19765000,
    "incomeBeforeTax": 396191000,
    "incomeBeforeTaxRatio": 0.2471584245,
    "incomeTaxExpense": 47181000,
    "netIncome": 345332000,
    "netIncomeRatio": 0.2154307217,
    "eps": 2.25,
    "epsdiluted": 2.24,
    "weightedAverageShsOut": 154927000,
    "weightedAverageShsOutDil": 156088000,
    "link": "https://www.sec.gov/Archives/edgar/data/883241/000088324125000017/0000883241-25-000017-index.htm",
    "finalLink": "https://www.sec.gov/Archives/edgar/data/883241/000088324125000017/snps-20250430.htm"
  },
  {
    "date": "2025-01-31",
    "symbol": "SNPS",
    "reportedCurrency": "USD",
    "cik": "0000883241",
    "fillingDate": "2025-02-26",
    "acceptedDate": "2025-02-26 16:43:03",
    "calendarYear": "2025",
    "period": "Q1",
    "revenue": 1456317000,
    "costOfRevenue": 309313000,
    "grossProfit": 1147004000,
    "grossProfitRatio": 0.7876059951,
    "researchAndDevelopmentExpenses": 553216000,
    "generalAndAdministrativeExpenses": 167086000,
    "sellingAndMarketingExpenses": 209199000,
    "sellingGeneralAndAdministrativeExpenses": 376285000,
    "otherExpenses": -115496000,
    "operatingExpenses": 814005000,
    "costAndExpenses": 1123318000,
    "interestIncome": 35721000,
    "interestExpense": 10683000,
    "depreciationAndAmortization": 47934000,
    "ebitda": 349734000,
    "ebitdaratio": 0.2401496378,
    "operatingIncome": 332999000,
    "operatingIncomeRatio": 0.228658321,
    "totalOtherIncomeExpensesNet": -41882000,
    "incomeBeforeTax": 291117000,
    "incomeBeforeTaxRatio": 0.1998994724,
    "incomeTaxExpense": -6294000,
    "netIncome": 295683000,
    "netIncomeRatio": 0.2030347788,
    "eps": 1.91,
    "epsdiluted": 1.89,
    "weightedAverageShsOut": 154408000,
    "weightedAverageShsOutDil": 156189000,
    "link": "https://www.sec.gov/Archives/edgar/data/883241/000088324125000014/0000883241-25-000014-index.htm",
    "finalLink": "https://www.sec.gov/Archives/edgar/data/883241/000088324125000014/snps-20250131.htm"
  },
  {
    "date": "2024-10-31",
    "symbol": "SNPS",
    "reportedCurrency": "USD",
    "cik": "0000883241",
    "fillingDate": "2024-12-19",
    "acceptedDate": "2024-12-18 21:23:35",
    "calendarYear": "2024",
    "period": "Q4",
    "revenue": 1631304000,
    "costOfRevenue": 423108000,
    "grossProfit": 1208196000,
    "grossProfitRatio": 0.7406320342,
    "researchAndDevelopmentExpenses": 554818000,
    "generalAndAdministrativeExpenses": 172032000,
    "sellingAndMarketingExpenses": 219225000,
    "sellingGeneralAndAdministrativeExpenses": 391257000,
    "otherExpenses": -43999000,
    "operatingExpenses": 902076000,
    "costAndExpenses": 1325184000,
    "interestIncome": 26509000,
    "interestExpense": 15752000,
    "depreciationAndAmortization": 139993000,
    "ebitda": 478624000,
    "ebitdaratio": 0.2933996361,
    "operatingIncome": 306120000,
    "operatingIncomeRatio": 0.1876535581,
    "totalOtherIncomeExpensesNet": 16759000,
    "incomeBeforeTax": 322879000,
    "incomeBeforeTaxRatio": 0.1979269345,
    "incomeTaxExpense": 62084000,
    "netIncome": 1114106000,
    "netIncomeRatio": 0.6829542501,
    "eps": 7.2384,
    "epsdiluted": 7.14,
    "weightedAverageShsOut": 153916000,
    "weightedAverageShsOutDil": 155991000,
    "link": "https://www.sec.gov/Archives/edgar/data/883241/000088324124000024/0000883241-24-000024-index.htm",
    "finalLink": "https://www.sec.gov/Archives/edgar/data/883241/000088324124000024/snps-20241031.htm"
  },
  {
    "date": "2024-07-31",
    "symbol": "SNPS",
    "reportedCurrency": "USD",
    "cik": "0000883241",
    "fillingDate": "2024-08-23",
    "acceptedDate": "2024-08-23 16:50:41",
    "calendarYear": "2024",
    "period": "Q3",
    "revenue": 1523060000,
    "costOfRevenue": 332429000,
    "grossProfit": 1190631000,
    "grossProfitRatio": 0.7817361102,
    "researchAndDevelopmentExpenses": 508872000,
    "generalAndAdministrativeExpenses": 150437000,
    "sellingAndMarketingExpenses": 211491000,
    "sellingGeneralAndAdministrativeExpenses": 361928000,
    "otherExpenses": -37691000,
    "operatingExpenses": 833109000,
    "costAndExpenses": 1165538000,
    "interestIncome": 15717000,
    "interestExpense": 11752000,
    "depreciationAndAmortization": 56263000,
    "ebitda": 460010000,
    "ebitdaratio": 0.3020301236,
    "operatingIncome": 357522000,
    "operatingIncomeRatio": 0.2347392749,
    "totalOtherIncomeExpensesNet": 34473000,
    "incomeBeforeTax": 391995000,
    "incomeBeforeTaxRatio": 0.2573733142,
    "incomeTaxExpense": -30712000,
    "netIncome": 408055000,
    "netIncomeRatio": 0.2679178759,
    "eps": 2.66,
    "epsdiluted": 2.61,
    "weightedAverageShsOut": 153417000,
    "weightedAverageShsOutDil": 156131000,
    "link": "https://www.sec.gov/Archives/edgar/data/883241/000088324124000021/0000883241-24-000021-index.htm",
    "finalLink": "https://www.sec.gov/Archives/edgar/data/883241/000088324124000021/snps-20240731.htm"
  },
  {
    "date": "2024-04-30",
    "symbol": "SNPS",
    "reportedCurrency": "USD",
    "cik": "0000883241",
    "fillingDate": "2024-05-24",
    "acceptedDate": "2024-05-24 16:31:20",
    "calendarYear": "2024",
    "period": "Q2",
    "revenue": 1455731000,
    "costOfRevenue": 347895000,
    "grossProfit": 1107836000,
    "grossProfitRatio": 0.7610169736,
    "researchAndDevelopmentExpenses": 493136000,
    "generalAndAdministrativeExpenses": 114763000,
    "sellingAndMarketingExpenses": 209783000,
    "sellingGeneralAndAdministrativeExpenses": 324546000,
    "otherExpenses": -42937000,
    "operatingExpenses": 774745000,
    "costAndExpenses": 1122640000,
    "interestIncome": 11640000,
    "interestExpense": 6333000,
    "depreciationAndAmortization": 84801000,
    "ebitda": 432664000,
    "ebitdaratio": 0.2972142518,
    "operatingIncome": 333091000,
    "operatingIncomeRatio": 0.2288135651,
    "totalOtherIncomeExpensesNet": 8439000,
    "incomeBeforeTax": 341530000,
    "incomeBeforeTaxRatio": 0.2346106527,
    "incomeTaxExpense": 45437000,
    "netIncome": 292107000,
    "netIncomeRatio": 0.200660012,
    "eps": 1.91,
    "epsdiluted": 1.88,
    "weightedAverageShsOut": 152971000,
    "weightedAverageShsOutDil": 155770000,
    "link": "https://www.sec.gov/Archives/edgar/data/883241/000088324124000016/0000883241-24-000016-index.htm",
    "finalLink": "https://www.sec.gov/Archives/edgar/data/883241/000088324124000016/snps-20240430.htm"
  },
  {
    "date": "2024-01-31",
    "symbol": "SNPS",
    "reportedCurrency": "USD",
    "cik": "0000883241",
    "fillingDate": "2024-02-23",
    "acceptedDate": "2024-02-23 16:27:58",
    "calendarYear": "2024",
    "period": "Q1",
    "revenue": 1514310000,
    "costOfRevenue": 328926000,
    "grossProfit": 1185384000,
    "grossProfitRatio": 0.7827882006,
    "researchAndDevelopmentExpenses": 525534000,
    "generalAndAdministrativeExpenses": 131264000,
    "sellingAndMarketingExpenses": 218843000,
    "sellingGeneralAndAdministrativeExpenses": 350107000,
    "otherExpenses": -66483000,
    "operatingExpenses": 809158000,
    "costAndExpenses": 1138084000,
    "interestIncome": 13150000,
    "interestExpense": 1324000,
    "depreciationAndAmortization": 62888000,
    "ebitda": 521666000,
    "ebitdaratio": 0.3444908902,
    "operatingIncome": 376226000,
    "operatingIncomeRatio": 0.2484471475,
    "totalOtherIncomeExpensesNet": 81228000,
    "incomeBeforeTax": 457454000,
    "incomeBeforeTaxRatio": 0.3020874194,
    "incomeTaxExpense": 22909000,
    "netIncome": 449112000,
    "netIncomeRatio": 0.2965786398,
    "eps": 2.95,
    "epsdiluted": 2.89,
    "weightedAverageShsOut": 152311000,
    "weightedAverageShsOutDil": 155334000,
    "link": "https://www.sec.gov/Archives/edgar/data/883241/000088324124000013/0000883241-24-000013-index.htm",
    "finalLink": "https://www.sec.gov/Archives/edgar/data/883241/000088324124000013/snps-20240131.htm"
  },
  {
    "date": "2023-10-31",
    "symbol": "SNPS",
    "reportedCurrency": "USD",
    "cik": "0000883241",
    "fillingDate": "2023-12-12",
    "acceptedDate": "2023-12-12 17:22:32",
    "calendarYear": "2023",
    "period": "Q4",
    "revenue": 1466469000,
    "costOfRevenue": 340670000,
    "grossProfit": 1125799000,
    "grossProfitRatio": 0.7676936914,
    "researchAndDevelopmentExpenses": 465815000,
    "generalAndAdministrativeExpenses": 112150000,
    "sellingAndMarketingExpenses": 228982000,
    "sellingGeneralAndAdministrativeExpenses": 341132000,
    "otherExpenses": -103051000,
    "operatingExpenses": 703896000,
    "costAndExpenses": 1044566000,
    "interestIncome": 9799000,
    "interestExpense": 260000,
    "depreciationAndAmortization": 92145000,
    "ebitda": 496170000,
    "ebitdaratio": 0.3383433267,
    "operatingIncome": 421903000,
    "operatingIncomeRatio": 0.2876999105,
    "totalOtherIncomeExpensesNet": -18138000,
    "incomeBeforeTax": 403765000,
    "incomeBeforeTaxRatio": 0.2753314253,
    "incomeTaxExpense": 60409000,
    "netIncome": 349190000,
    "netIncomeRatio": 0.2381161825,
    "eps": 2.3,
    "epsdiluted": 2.26,
    "weightedAverageShsOut": 151972000,
    "weightedAverageShsOutDil": 154845000,
    "link": "https://www.sec.gov/Archives/edgar/data/883241/000088324123000019/0000883241-23-000019-index.htm",
    "finalLink": "https://www.sec.gov/Archives/edgar/data/883241/000088324123000019/snps-20231031.htm"
  },
  {
    "date": "2023-07-31",
    "symbol": "SNPS",
    "reportedCurrency": "USD",
    "cik": "0000883241",
    "fillingDate": "2023-08-18",
    "acceptedDate": "2023-08-18 16:32:11",
    "calendarYear": "2023",
    "period": "Q3",
    "revenue": 1355742000,
    "costOfRevenue": 312549000,
    "grossProfit": 1043193000,
    "grossProfitRatio": 0.7694627739,
    "researchAndDevelopmentExpenses": 484470000,
    "generalAndAdministrativeExpenses": 99750000,
    "sellingAndMarketingExpenses": 185769000,
    "sellingGeneralAndAdministrativeExpenses": 285519000,
    "otherExpenses": -50103000,
    "operatingExpenses": 719886000,
    "costAndExpenses": 1032435000,
    "interestIncome": 11877000,
    "interestExpense": 342000,
    "depreciationAndAmortization": 63111000,
    "ebitda": 389013000,
    "ebitdaratio": 0.2869373376,
    "operatingIncome": 323307000,
    "operatingIncomeRatio": 0.2384723642,
    "totalOtherIncomeExpensesNet": 2253000,
    "incomeBeforeTax": 325560000,
    "incomeBeforeTaxRatio": 0.2401341848,
    "incomeTaxExpense": -6951000,
    "netIncome": 336252000,
    "netIncomeRatio": 0.2480206411,
    "eps": 2.21,
    "epsdiluted": 2.17,
    "weightedAverageShsOut": 152023000,
    "weightedAverageShsOutDil": 154947000,
    "link": "https://www.sec.gov/Archives/edgar/data/883241/000088324123000016/0000883241-23-000016-index.htm",
    "finalLink": "https://www.sec.gov/Archives/edgar/data/883241/000088324123000016/snps-20230731.htm"
  },
  {
    "date": "2023-04-30",
    "symbol": "SNPS",
    "reportedCurrency": "USD",
    "cik": "0000883241",
    "fillingDate": "2023-05-19",
    "acceptedDate": "2023-05-19 16:28:32",
    "calendarYear": "2023",
    "period": "Q2",
    "revenue": 1268281000,
    "costOfRevenue": 296867000,
    "grossProfit": 971414000,
    "grossProfitRatio": 0.7659296323,
    "researchAndDevelopmentExpenses": 460463000,
    "generalAndAdministrativeExpenses": 84685000,
    "sellingAndMarketingExpenses": 180658000,
    "sellingGeneralAndAdministrativeExpenses": 265343000,
    "otherExpenses": -46726000,
    "operatingExpenses": 679080000,
    "costAndExpenses": 975947000,
    "interestIncome": 8099000,
    "interestExpense": 312000,
    "depreciationAndAmortization": 83798000,
    "ebitda": 380697000,
    "ebitdaratio": 0.3001677073,
    "operatingIncome": 292334000,
    "operatingIncomeRatio": 0.2304962386,
    "totalOtherIncomeExpensesNet": 4253000,
    "incomeBeforeTax": 296587000,
    "incomeBeforeTaxRatio": 0.2338495964,
    "incomeTaxExpense": 23947000,
    "netIncome": 272910000,
    "netIncomeRatio": 0.2151810206,
    "eps": 1.79,
    "epsdiluted": 1.76,
    "weightedAverageShsOut": 153320224,
    "weightedAverageShsOutDil": 154730000,
    "link": "https://www.sec.gov/Archives/edgar/data/883241/000088324123000012/0000883241-23-000012-index.htm",
    "finalLink": "https://www.sec.gov/Archives/edgar/data/883241/000088324123000012/snps-20230430.htm"
  },
  {
    "date": "2023-01-31",
    "symbol": "SNPS",
    "reportedCurrency": "USD",
    "cik": "0000883241",
    "fillingDate": "2023-02-17",
    "acceptedDate": "2023-02-17 16:36:40",
    "calendarYear": "2023",
    "period": "Q1",
    "revenue": 1365307000,
    "costOfRevenue": 323008000,
    "grossProfit": 1042299000,
    "grossProfitRatio": 0.763417312,
    "researchAndDevelopmentExpenses": 465329000,
    "generalAndAdministrativeExpenses": 97364000,
    "sellingAndMarketingExpenses": 210785000,
    "sellingGeneralAndAdministrativeExpenses": 308149000,
    "otherExpenses": -36327000,
    "operatingExpenses": 737151000,
    "costAndExpenses": 1060159000,
    "interestIncome": 6899000,
    "interestExpense": 264000,
    "depreciationAndAmortization": 81197000,
    "ebitda": 360685000,
    "ebitdaratio": 0.2641786792,
    "operatingIncome": 305148000,
    "operatingIncomeRatio": 0.223501381,
    "totalOtherIncomeExpensesNet": -25924000,
    "incomeBeforeTax": 279224000,
    "incomeBeforeTaxRatio": 0.2045137101,
    "incomeTaxExpense": 10597000,
    "netIncome": 271536000,
    "netIncomeRatio": 0.1988827421,
    "eps": 1.78,
    "epsdiluted": 1.75,
    "weightedAverageShsOut": 152401000,
    "weightedAverageShsOutDil": 155076000,
    "link": "https://www.sec.gov/Archives/edgar/data/883241/000088324123000005/0000883241-23-000005-index.htm",
    "finalLink": "https://www.sec.gov/Archives/edgar/data/883241/000088324123000005/snps-20230131.htm"
  },
  {
    "date": "2022-10-31",
    "symbol": "SNPS",
    "reportedCurrency": "USD",
    "cik": "0000883241",
    "fillingDate": "2022-12-12",
    "acceptedDate": "2022-12-12 17:28:23",
    "calendarYear": "2022",
    "period": "Q4",
    "revenue": 1276626000,
    "costOfRevenue": 321627000,
    "grossProfit": 954999000,
    "grossProfitRatio": 0.7480648209,
    "researchAndDevelopmentExpenses": 461618000,
    "generalAndAdministrativeExpenses": 107414000,
    "sellingAndMarketingExpenses": 208448000,
    "sellingGeneralAndAdministrativeExpenses": 315862000,
    "otherExpenses": -45905000,
    "operatingExpenses": 731575000,
    "costAndExpenses": 1053202000,
    "interestIncome": 3669000,
    "interestExpense": 359000,
    "depreciationAndAmortization": 82258000,
    "ebitda": 294746000,
    "ebitdaratio": 0.2308788948,
    "operatingIncome": 223424000,
    "operatingIncomeRatio": 0.1750113189,
    "totalOtherIncomeExpensesNet": -11295000,
    "incomeBeforeTax": 212129000,
    "incomeBeforeTaxRatio": 0.1661637786,
    "incomeTaxExpense": 60572000,
    "netIncome": 153500000,
    "netIncomeRatio": 0.120238817,
    "eps": 1,
    "epsdiluted": 0.99,
    "weightedAverageShsOut": 152761000,
    "weightedAverageShsOutDil": 155749000,
    "link": "https://www.sec.gov/Archives/edgar/data/883241/000088324122000017/0000883241-22-000017-index.htm",
    "finalLink": "https://www.sec.gov/Archives/edgar/data/883241/000088324122000017/snps-20221031.htm"
  },
  {
    "date": "2022-07-31",
    "symbol": "SNPS",
    "reportedCurrency": "USD",
    "cik": "0000883241",
    "fillingDate": "2022-08-19",
    "acceptedDate": "2022-08-19 16:39:35",
    "calendarYear": "2022",
    "period": "Q3",
    "revenue": 1244115000,
    "costOfRevenue": 309597000,
    "grossProfit": 934518000,
    "grossProfitRatio": 0.7511508181,
    "researchAndDevelopmentExpenses": 444826000,
    "generalAndAdministrativeExpenses": 91461000,
    "sellingAndMarketingExpenses": 199246000,
    "sellingGeneralAndAdministrativeExpenses": 290707000,
    "otherExpenses": -34979000,
    "operatingExpenses": 700554000,
    "costAndExpenses": 1010151000,
    "interestIncome": 2735000,
    "interestExpense": 439000,
    "depreciationAndAmortization": 81314000,
    "ebitda": 318107000,
    "ebitdaratio": 0.2556893856,
    "operatingIncome": 233964000,
    "operatingIncomeRatio": 0.1880565703,
    "totalOtherIncomeExpensesNet": 2390000,
    "incomeBeforeTax": 236354000,
    "incomeBeforeTaxRatio": 0.1899776146,
    "incomeTaxExpense": 16707999,
    "netIncome": 222626000,
    "netIncomeRatio": 0.1789432649,
    "eps": 1.46,
    "epsdiluted": 1.43,
    "weightedAverageShsOut": 152938000,
    "weightedAverageShsOutDil": 155806000,
    "link": "https://www.sec.gov/Archives/edgar/data/883241/000088324122000014/0000883241-22-000014-index.htm",
    "finalLink": "https://www.sec.gov/Archives/edgar/data/883241/000088324122000014/snps-20220731.htm"
  },
  {
    "date": "2022-04-30",
    "symbol": "SNPS",
    "reportedCurrency": "USD",
    "cik": "0000883241",
    "fillingDate": "2022-05-20",
    "acceptedDate": "2022-05-20 16:31:49",
    "calendarYear": "2022",
    "period": "Q2",
    "revenue": 1279000000,
    "costOfRevenue": 288633000,
    "grossProfit": 990367000,
    "grossProfitRatio": 0.7743291634,
    "researchAndDevelopmentExpenses": 389964000,
    "generalAndAdministrativeExpenses": 73957000,
    "sellingAndMarketingExpenses": 191573000,
    "sellingGeneralAndAdministrativeExpenses": 265530000,
    "otherExpenses": -28019000,
    "operatingExpenses": 627475000,
    "costAndExpenses": 916108000,
    "interestIncome": 1283000,
    "interestExpense": 400000,
    "depreciationAndAmortization": 71679000,
    "ebitda": 411867000,
    "ebitdaratio": 0.322022674,
    "operatingIncome": 362892000,
    "operatingIncomeRatio": 0.2837310399,
    "totalOtherIncomeExpensesNet": -23104000,
    "incomeBeforeTax": 339788000,
    "incomeBeforeTaxRatio": 0.2656669273,
    "incomeTaxExpense": 45896000,
    "netIncome": 294781000,
    "netIncomeRatio": 0.230477717,
    "eps": 1.93,
    "epsdiluted": 1.89,
    "weightedAverageShsOut": 153090000,
    "weightedAverageShsOutDil": 156167000,
    "link": "https://www.sec.gov/Archives/edgar/data/883241/000088324122000011/0000883241-22-000011-index.htm",
    "finalLink": "https://www.sec.gov/Archives/edgar/data/883241/000088324122000011/snps-20220430.htm"
  },
  {
    "date": "2022-01-31",
    "symbol": "SNPS",
    "reportedCurrency": "USD",
    "cik": "0000883241",
    "fillingDate": "2022-02-18",
    "acceptedDate": "2022-02-18 16:34:08",
    "calendarYear": "2022",
    "period": "Q1",
    "revenue": 1270826000,
    "costOfRevenue": 305309000,
    "grossProfit": 965517000,
    "grossProfitRatio": 0.7597554661,
    "researchAndDevelopmentExpenses": 383971000,
    "generalAndAdministrativeExpenses": 81008000,
    "sellingAndMarketingExpenses": 180510000,
    "sellingGeneralAndAdministrativeExpenses": 261518000,
    "otherExpenses": -39051000,
    "operatingExpenses": 606438000,
    "costAndExpenses": 911747000,
    "interestIncome": 858000,
    "interestExpense": 500000,
    "depreciationAndAmortization": 82695000,
    "ebitda": 410438000,
    "ebitdaratio": 0.3229694703,
    "operatingIncome": 359079000,
    "operatingIncomeRatio": 0.2825555977,
    "totalOtherIncomeExpensesNet": -31836000,
    "incomeBeforeTax": 327243000,
    "incomeBeforeTaxRatio": 0.2575041745,
    "incomeTaxExpense": 13902000,
    "netIncome": 313687000,
    "netIncomeRatio": 0.2468370965,
    "eps": 2.05,
    "epsdiluted": 1.99,
    "weightedAverageShsOut": 153218000,
    "weightedAverageShsOutDil": 157273000,
    "link": "https://www.sec.gov/Archives/edgar/data/883241/000088324122000003/0000883241-22-000003-index.htm",
    "finalLink": "https://www.sec.gov/Archives/edgar/data/883241/000088324122000003/snps-20220131.htm"
  },
  {
    "date": "2021-10-31",
    "symbol": "SNPS",
    "reportedCurrency": "USD",
    "cik": "0000883241",
    "fillingDate": "2021-12-13",
    "acceptedDate": "2021-12-13 17:22:49",
    "calendarYear": "2021",
    "period": "Q4",
    "revenue": 1150835000,
    "costOfRevenue": 243372000,
    "grossProfit": 907463000,
    "grossProfitRatio": 0.7885257226,
    "researchAndDevelopmentExpenses": 413864000,
    "generalAndAdministrativeExpenses": 88960000,
    "sellingAndMarketingExpenses": 197681000,
    "sellingGeneralAndAdministrativeExpenses": 287436000,
    "otherExpenses": 0,
    "operatingExpenses": 701300000,
    "costAndExpenses": 944672000,
    "interestIncome": 1028999,
    "interestExpense": 1064000,
    "depreciationAndAmortization": 75051000,
    "ebitda": 275193000,
    "ebitdaratio": 0.2391246356,
    "operatingIncome": 206163000,
    "operatingIncomeRatio": 0.1791421012,
    "totalOtherIncomeExpensesNet": -7085000,
    "incomeBeforeTax": 199078000,
    "incomeBeforeTaxRatio": 0.1729857017,
    "incomeTaxExpense": -2059000,
    "netIncome": 201447000,
    "netIncomeRatio": 0.175044207,
    "eps": 1.32,
    "epsdiluted": 1.28,
    "weightedAverageShsOut": 152932000,
    "weightedAverageShsOutDil": 157243000,
    "link": "https://www.sec.gov/Archives/edgar/data/883241/000088324121000022/0000883241-21-000022-index.htm",
    "finalLink": "https://www.sec.gov/Archives/edgar/data/883241/000088324121000022/snps-20211031.htm"
  },
  {
    "date": "2021-07-31",
    "symbol": "SNPS",
    "reportedCurrency": "USD",
    "cik": "0000883241",
    "fillingDate": "2021-08-20",
    "acceptedDate": "2021-08-20 16:57:33",
    "calendarYear": "2021",
    "period": "Q3",
    "revenue": 1055567000,
    "costOfRevenue": 213636000,
    "grossProfit": 841931000,
    "grossProfitRatio": 0.7976101943,
    "researchAndDevelopmentExpenses": 371146000,
    "generalAndAdministrativeExpenses": 83846000,
    "sellingAndMarketingExpenses": 171428000,
    "sellingGeneralAndAdministrativeExpenses": 255274000,
    "otherExpenses": 3267000,
    "operatingExpenses": 629687000,
    "costAndExpenses": 843323000,
    "interestIncome": 657000,
    "interestExpense": 757000,
    "depreciationAndAmortization": 51208000,
    "ebitda": 265302000,
    "ebitdaratio": 0.2513360118,
    "operatingIncome": 212244000,
    "operatingIncomeRatio": 0.2010710831,
    "totalOtherIncomeExpensesNet": 1093000,
    "incomeBeforeTax": 213337000,
    "incomeBeforeTaxRatio": 0.2021065456,
    "incomeTaxExpense": 14945000,
    "netIncome": 198646000,
    "netIncomeRatio": 0.188188907,
    "eps": 1.3,
    "epsdiluted": 1.27,
    "weightedAverageShsOut": 152635000,
    "weightedAverageShsOutDil": 156907000,
    "link": "https://www.sec.gov/Archives/edgar/data/883241/000088324121000017/0000883241-21-000017-index.htm",
    "finalLink": "https://www.sec.gov/Archives/edgar/data/883241/000088324121000017/snps-20210731.htm"
  },
  {
    "date": "2021-04-30",
    "symbol": "SNPS",
    "reportedCurrency": "USD",
    "cik": "0000883241",
    "fillingDate": "2021-05-21",
    "acceptedDate": "2021-05-21 16:37:13",
    "calendarYear": "2021",
    "period": "Q2",
    "revenue": 1023402000,
    "costOfRevenue": 222299000,
    "grossProfit": 801103000,
    "grossProfitRatio": 0.7827842822,
    "researchAndDevelopmentExpenses": 362345000,
    "generalAndAdministrativeExpenses": 72694000,
    "sellingAndMarketingExpenses": 172754000,
    "sellingGeneralAndAdministrativeExpenses": 245448000,
    "otherExpenses": 3702000,
    "operatingExpenses": 611495000,
    "costAndExpenses": 833794000,
    "interestIncome": 447000,
    "interestExpense": 807000,
    "depreciationAndAmortization": 49438000,
    "ebitda": 266240000,
    "ebitdaratio": 0.2601519247,
    "operatingIncome": 189608000,
    "operatingIncomeRatio": 0.1852722586,
    "totalOtherIncomeExpensesNet": 26387000,
    "incomeBeforeTax": 215995000,
    "incomeBeforeTaxRatio": 0.2110558705,
    "incomeTaxExpense": 21193000,
    "netIncome": 195078000,
    "netIncomeRatio": 0.1906171768,
    "eps": 1.28,
    "epsdiluted": 1.24,
    "weightedAverageShsOut": 152725000,
    "weightedAverageShsOutDil": 157077000,
    "link": "https://www.sec.gov/Archives/edgar/data/883241/000088324121000012/0000883241-21-000012-index.htm",
    "finalLink": "https://www.sec.gov/Archives/edgar/data/883241/000088324121000012/snps-20210430.htm"
  },
  {
    "date": "2021-01-31",
    "symbol": "SNPS",
    "reportedCurrency": "USD",
    "cik": "0000883241",
    "fillingDate": "2021-02-19",
    "acceptedDate": "2021-02-19 16:32:17",
    "calendarYear": "2021",
    "period": "Q1",
    "revenue": 970208000,
    "costOfRevenue": 216389000,
    "grossProfit": 753819000,
    "grossProfitRatio": 0.7769663825,
    "researchAndDevelopmentExpenses": 357468000,
    "generalAndAdministrativeExpenses": 77488000,
    "sellingAndMarketingExpenses": 170628000,
    "sellingGeneralAndAdministrativeExpenses": 248116000,
    "otherExpenses": 2613000,
    "operatingExpenses": 608197000,
    "costAndExpenses": 824586000,
    "interestIncome": 310000,
    "interestExpense": 739000,
    "depreciationAndAmortization": 50628000,
    "ebitda": 228471000,
    "ebitdaratio": 0.2354866173,
    "operatingIncome": 145622000,
    "operatingIncomeRatio": 0.1500935882,
    "totalOtherIncomeExpensesNet": 31482000,
    "incomeBeforeTax": 177104000,
    "incomeBeforeTaxRatio": 0.1825423002,
    "incomeTaxExpense": 15076000,
    "netIncome": 162345000,
    "netIncomeRatio": 0.1673300983,
    "eps": 1.06,
    "epsdiluted": 1.03,
    "weightedAverageShsOut": 152498000,
    "weightedAverageShsOutDil": 157277000,
    "link": "https://www.sec.gov/Archives/edgar/data/883241/000088324121000009/0000883241-21-000009-index.htm",
    "finalLink": "https://www.sec.gov/Archives/edgar/data/883241/000088324121000009/snps-20210131.htm"
  },
  {
    "date": "2020-10-31",
    "symbol": "SNPS",
    "reportedCurrency": "USD",
    "cik": "0000883241",
    "fillingDate": "2020-12-15",
    "acceptedDate": "2020-12-14 20:00:04",
    "calendarYear": "2020",
    "period": "Q4",
    "revenue": 1025557000,
    "costOfRevenue": 233833000,
    "grossProfit": 791724000,
    "grossProfitRatio": 0.7719941456,
    "researchAndDevelopmentExpenses": 339566000,
    "generalAndAdministrativeExpenses": 79796000,
    "sellingAndMarketingExpenses": 176499000,
    "sellingGeneralAndAdministrativeExpenses": 256295000,
    "otherExpenses": 1608000,
    "operatingExpenses": 597469000,
    "costAndExpenses": 831302000,
    "interestIncome": 424000,
    "interestExpense": 750000,
    "depreciationAndAmortization": 54948000,
    "ebitda": 247735000,
    "ebitdaratio": 0.2415614149,
    "operatingIncome": 194255000,
    "operatingIncomeRatio": 0.1894141428,
    "totalOtherIncomeExpensesNet": -2218000,
    "incomeBeforeTax": 192037000,
    "incomeBeforeTaxRatio": 0.1872514156,
    "incomeTaxExpense": -4989000,
    "netIncome": 197455000,
    "netIncomeRatio": 0.1925343984,
    "eps": 1.3,
    "epsdiluted": 1.26,
    "weightedAverageShsOut": 152349000,
    "weightedAverageShsOutDil": 156825000,
    "link": "https://www.sec.gov/Archives/edgar/data/883241/000088324120000015/0000883241-20-000015-index.htm",
    "finalLink": "https://www.sec.gov/Archives/edgar/data/883241/000088324120000015/snps10312010-k.htm"
  },
  {
    "date": "2020-07-31",
    "symbol": "SNPS",
    "reportedCurrency": "USD",
    "cik": "0000883241",
    "fillingDate": "2020-08-21",
    "acceptedDate": "2020-08-21 16:40:41",
    "calendarYear": "2020",
    "period": "Q3",
    "revenue": 963668000,
    "costOfRevenue": 202939000,
    "grossProfit": 760729000,
    "grossProfitRatio": 0.7894098382,
    "researchAndDevelopmentExpenses": 322602000,
    "generalAndAdministrativeExpenses": 73516000,
    "sellingAndMarketingExpenses": 156456000,
    "sellingGeneralAndAdministrativeExpenses": 229972000,
    "otherExpenses": -1175000,
    "operatingExpenses": 551399000,
    "costAndExpenses": 754338000,
    "interestIncome": 780000,
    "interestExpense": 941000,
    "depreciationAndAmortization": 54078000,
    "ebitda": 291873000,
    "ebitdaratio": 0.302877132,
    "operatingIncome": 209330000,
    "operatingIncomeRatio": 0.2172221138,
    "totalOtherIncomeExpensesNet": 27524000,
    "incomeBeforeTax": 236854000,
    "incomeBeforeTaxRatio": 0.2457838177,
    "incomeTaxExpense": -16056999,
    "netIncome": 252911000,
    "netIncomeRatio": 0.2624461952,
    "eps": 1.67,
    "epsdiluted": 1.62,
    "weightedAverageShsOut": 151352000,
    "weightedAverageShsOutDil": 155973000,
    "link": "https://www.sec.gov/Archives/edgar/data/883241/000088324120000012/0000883241-20-000012-index.htm",
    "finalLink": "https://www.sec.gov/Archives/edgar/data/883241/000088324120000012/a073120snps10-q.htm"
  },
  {
    "date": "2020-04-30",
    "symbol": "SNPS",
    "reportedCurrency": "USD",
    "cik": "0000883241",
    "fillingDate": "2020-05-22",
    "acceptedDate": "2020-05-22 16:36:01",
    "calendarYear": "2020",
    "period": "Q2",
    "revenue": 861055000,
    "costOfRevenue": 194515000,
    "grossProfit": 666540000,
    "grossProfitRatio": 0.7740968928,
    "researchAndDevelopmentExpenses": 302571000,
    "generalAndAdministrativeExpenses": 62474000,
    "sellingAndMarketingExpenses": 146200000,
    "sellingGeneralAndAdministrativeExpenses": 208071000,
    "otherExpenses": 0,
    "operatingExpenses": 510642000,
    "costAndExpenses": 705157000,
    "interestIncome": 879000,
    "interestExpense": 1846000,
    "depreciationAndAmortization": 52846000,
    "ebitda": 164858000,
    "ebitdaratio": 0.1914604758,
    "operatingIncome": 155898000,
    "operatingIncomeRatio": 0.1810546365,
    "totalOtherIncomeExpensesNet": -45732000,
    "incomeBeforeTax": 110166000,
    "incomeBeforeTaxRatio": 0.1279430466,
    "incomeTaxExpense": 246000,
    "netIncome": 109920000,
    "netIncomeRatio": 0.1276573506,
    "eps": 0.73,
    "epsdiluted": 0.71,
    "weightedAverageShsOut": 150597000,
    "weightedAverageShsOutDil": 154379000,
    "link": "https://www.sec.gov/Archives/edgar/data/883241/000088324120000009/0000883241-20-000009-index.htm",
    "finalLink": "https://www.sec.gov/Archives/edgar/data/883241/000088324120000009/a043020snps10-q.htm"
  },
  {
    "date": "2020-01-31",
    "symbol": "SNPS",
    "reportedCurrency": "USD",
    "cik": "0000883241",
    "fillingDate": "2020-02-21",
    "acceptedDate": "2020-02-21 16:34:24",
    "calendarYear": "2020",
    "period": "Q1",
    "revenue": 834470000,
    "costOfRevenue": 202232000,
    "grossProfit": 632238000,
    "grossProfitRatio": 0.7576521625,
    "researchAndDevelopmentExpenses": 314283000,
    "generalAndAdministrativeExpenses": 68744000,
    "sellingAndMarketingExpenses": 152855000,
    "sellingGeneralAndAdministrativeExpenses": 221166000,
    "otherExpenses": 0,
    "operatingExpenses": 535448999,
    "costAndExpenses": 737681000,
    "interestIncome": 1478000,
    "interestExpense": 1603000,
    "depreciationAndAmortization": 52232000,
    "ebitda": 153408000,
    "ebitdaratio": 0.1838388438,
    "operatingIncome": 96789000,
    "operatingIncomeRatio": 0.1159885916,
    "totalOtherIncomeExpensesNet": 2784000,
    "incomeBeforeTax": 99573000,
    "incomeBeforeTaxRatio": 0.1193248409,
    "incomeTaxExpense": -4488000,
    "netIncome": 104061000,
    "netIncomeRatio": 0.124703105,
    "eps": 0.69,
    "epsdiluted": 0.67,
    "weightedAverageShsOut": 150244000,
    "weightedAverageShsOutDil": 154504000,
    "link": "https://www.sec.gov/Archives/edgar/data/883241/000088324120000006/0000883241-20-000006-index.htm",
    "finalLink": "https://www.sec.gov/Archives/edgar/data/883241/000088324120000006/a013120snps10-q.htm"
  },
  {
    "date": "2019-10-31",
    "symbol": "SNPS",
    "reportedCurrency": "USD",
    "cik": "0000883241",
    "fillingDate": "2019-12-20",
    "acceptedDate": "2019-12-20 17:04:07",
    "calendarYear": "2019",
    "period": "Q4",
    "revenue": 850693000,
    "costOfRevenue": 192823000,
    "grossProfit": 657870000,
    "grossProfitRatio": 0.773334211,
    "researchAndDevelopmentExpenses": 290503000,
    "generalAndAdministrativeExpenses": 63424000,
    "sellingAndMarketingExpenses": 161170000,
    "sellingGeneralAndAdministrativeExpenses": 224594000,
    "otherExpenses": -3278000,
    "operatingExpenses": 511819000,
    "costAndExpenses": 704642000,
    "interestIncome": 1579000,
    "interestExpense": 1051000,
    "depreciationAndAmortization": 49543000,
    "ebitda": 182217000,
    "ebitdaratio": 0.2141983066,
    "operatingIncome": 146051000,
    "operatingIncomeRatio": 0.1716847323,
    "totalOtherIncomeExpensesNet": -14428000,
    "incomeBeforeTax": 131622999,
    "incomeBeforeTaxRatio": 0.1547244411,
    "incomeTaxExpense": -29091000,
    "netIncome": 160714000,
    "netIncomeRatio": 0.1889212677,
    "eps": 1.07,
    "epsdiluted": 1.04,
    "weightedAverageShsOut": 150367000,
    "weightedAverageShsOutDil": 154532000,
    "link": "https://www.sec.gov/Archives/edgar/data/883241/000088324119000019/0000883241-19-000019-index.htm",
    "finalLink": "https://www.sec.gov/Archives/edgar/data/883241/000088324119000019/snps10311910-k.htm"
  },
  {
    "date": "2019-07-31",
    "symbol": "SNPS",
    "reportedCurrency": "USD",
    "cik": "0000883241",
    "fillingDate": "2019-08-26",
    "acceptedDate": "2019-08-26 16:37:14",
    "calendarYear": "2019",
    "period": "Q3",
    "revenue": 852285000,
    "costOfRevenue": 196743000,
    "grossProfit": 655542000,
    "grossProfitRatio": 0.7691582041,
    "researchAndDevelopmentExpenses": 284804000,
    "generalAndAdministrativeExpenses": 67382000,
    "sellingAndMarketingExpenses": 157109000,
    "sellingGeneralAndAdministrativeExpenses": 224491000,
    "otherExpenses": -3945000,
    "operatingExpenses": 505350000,
    "costAndExpenses": 702093000,
    "interestIncome": 1789000,
    "interestExpense": 2214000,
    "depreciationAndAmortization": 49292000,
    "ebitda": 184417000,
    "ebitdaratio": 0.2163794975,
    "operatingIncome": 150192000,
    "operatingIncomeRatio": 0.1762227424,
    "totalOtherIncomeExpensesNet": -17281000,
    "incomeBeforeTax": 132911000,
    "incomeBeforeTaxRatio": 0.155946661,
    "incomeTaxExpense": 32982000,
    "netIncome": 99929000,
    "netIncomeRatio": 0.1172483383,
    "eps": 0.67,
    "epsdiluted": 0.65,
    "weightedAverageShsOut": 150123000,
    "weightedAverageShsOutDil": 154600000,
    "link": "https://www.sec.gov/Archives/edgar/data/883241/000088324119000015/0000883241-19-000015-index.htm",
    "finalLink": "https://www.sec.gov/Archives/edgar/data/883241/000088324119000015/a073119snps10-q.htm"
  },
  {
    "date": "2019-04-30",
    "symbol": "SNPS",
    "reportedCurrency": "USD",
    "cik": "0000883241",
    "fillingDate": "2019-05-24",
    "acceptedDate": "2019-05-24 16:33:32",
    "calendarYear": "2019",
    "period": "Q2",
    "revenue": 836043000,
    "costOfRevenue": 200995000,
    "grossProfit": 635048000,
    "grossProfitRatio": 0.7595877246,
    "researchAndDevelopmentExpenses": 290299000,
    "generalAndAdministrativeExpenses": 56351000,
    "sellingAndMarketingExpenses": 158652000,
    "sellingGeneralAndAdministrativeExpenses": 215003000,
    "otherExpenses": -4211000,
    "operatingExpenses": 501091000,
    "costAndExpenses": 702086000,
    "interestIncome": 1927000,
    "interestExpense": 3841000,
    "depreciationAndAmortization": 51011000,
    "ebitda": 188769000,
    "ebitdaratio": 0.2257886257,
    "operatingIncome": 133957000,
    "operatingIncomeRatio": 0.1602274046,
    "totalOtherIncomeExpensesNet": -40000,
    "incomeBeforeTax": 133917000,
    "incomeBeforeTaxRatio": 0.1601795601,
    "incomeTaxExpense": 15707000,
    "netIncome": 118210000,
    "netIncomeRatio": 0.141392249,
    "eps": 0.79,
    "epsdiluted": 0.77,
    "weightedAverageShsOut": 149712000,
    "weightedAverageShsOutDil": 153904000,
    "link": "https://www.sec.gov/Archives/edgar/data/883241/000088324119000011/0000883241-19-000011-index.htm",
    "finalLink": "https://www.sec.gov/Archives/edgar/data/883241/000088324119000011/a043019snps10-q.htm"
  },
  {
    "date": "2019-01-31",
    "symbol": "SNPS",
    "reportedCurrency": "USD",
    "cik": "0000883241",
    "fillingDate": "2019-02-25",
    "acceptedDate": "2019-02-25 16:47:55",
    "calendarYear": "2019",
    "period": "Q1",
    "revenue": 820237000,
    "costOfRevenue": 203676000,
    "grossProfit": 616561000,
    "grossProfitRatio": 0.7516864028,
    "researchAndDevelopmentExpenses": 271326000,
    "generalAndAdministrativeExpenses": 42061000,
    "sellingAndMarketingExpenses": 155959000,
    "sellingGeneralAndAdministrativeExpenses": 198020000,
    "otherExpenses": -4639000,
    "operatingExpenses": 464707000,
    "costAndExpenses": 668383000,
    "interestIncome": 1565000,
    "interestExpense": 4554000,
    "depreciationAndAmortization": 51830000,
    "ebitda": 203439000,
    "ebitdaratio": 0.2480246563,
    "operatingIncome": 151854000,
    "operatingIncomeRatio": 0.1851342966,
    "totalOtherIncomeExpensesNet": -4799000,
    "incomeBeforeTax": 147055000,
    "incomeBeforeTaxRatio": 0.1792835485,
    "incomeTaxExpense": -6459000,
    "netIncome": 153514000,
    "netIncomeRatio": 0.1871581019,
    "eps": 0.84,
    "epsdiluted": 0.82,
    "weightedAverageShsOut": 149288000,
    "weightedAverageShsOutDil": 152661000,
    "link": "https://www.sec.gov/Archives/edgar/data/883241/000088324119000008/0000883241-19-000008-index.htm",
    "finalLink": "https://www.sec.gov/Archives/edgar/data/883241/000088324119000008/a013119snps10-q.htm"
  },
  {
    "date": "2018-10-31",
    "symbol": "SNPS",
    "reportedCurrency": "USD",
    "cik": "0000883241",
    "fillingDate": "2018-12-17",
    "acceptedDate": "2018-12-14 20:07:29",
    "calendarYear": "2018",
    "period": "Q4",
    "revenue": 795169000,
    "costOfRevenue": 201286000,
    "grossProfit": 593883000,
    "grossProfitRatio": 0.7468638742,
    "researchAndDevelopmentExpenses": 290875000,
    "generalAndAdministrativeExpenses": 63043000,
    "sellingAndMarketingExpenses": 167325000,
    "sellingGeneralAndAdministrativeExpenses": 230368000,
    "otherExpenses": -8125000,
    "operatingExpenses": 513118000,
    "costAndExpenses": 714404000,
    "interestIncome": 1664000,
    "interestExpense": 4326000,
    "depreciationAndAmortization": 58962000,
    "ebitda": 115536000,
    "ebitdaratio": 0.1452974148,
    "operatingIncome": 80765000,
    "operatingIncomeRatio": 0.1015696034,
    "totalOtherIncomeExpensesNet": -28517000,
    "incomeBeforeTax": 52248000,
    "incomeBeforeTaxRatio": 0.0657067869,
    "incomeTaxExpense": -202080000,
    "netIncome": 254328000,
    "netIncomeRatio": 0.3198414425,
    "eps": 1.71,
    "epsdiluted": 1.66,
    "weightedAverageShsOut": 149148000,
    "weightedAverageShsOutDil": 153038000,
    "link": "https://www.sec.gov/Archives/edgar/data/883241/000088324118000012/0000883241-18-000012-index.htm",
    "finalLink": "https://www.sec.gov/Archives/edgar/data/883241/000088324118000012/snps10311810-k.htm"
  },
  {
    "date": "2018-07-31",
    "symbol": "SNPS",
    "reportedCurrency": "USD",
    "cik": "0000883241",
    "fillingDate": "2018-08-24",
    "acceptedDate": "2018-08-24 16:38:36",
    "calendarYear": "2018",
    "period": "Q3",
    "revenue": 779406000,
    "costOfRevenue": 196032000,
    "grossProfit": 583374000,
    "grossProfitRatio": 0.748485385,
    "researchAndDevelopmentExpenses": 277402000,
    "generalAndAdministrativeExpenses": 84336000,
    "sellingAndMarketingExpenses": 157953000,
    "sellingGeneralAndAdministrativeExpenses": 242289000,
    "otherExpenses": 1262000,
    "operatingExpenses": 520953000,
    "costAndExpenses": 716985000,
    "interestIncome": 1096000,
    "interestExpense": 4558000,
    "depreciationAndAmortization": 53416000,
    "ebitda": 129867000,
    "ebitdaratio": 0.1666230437,
    "operatingIncome": 62421000,
    "operatingIncomeRatio": 0.0800879131,
    "totalOtherIncomeExpensesNet": 9472000,
    "incomeBeforeTax": 71893000,
    "incomeBeforeTaxRatio": 0.0922407577,
    "incomeTaxExpense": -7516000,
    "netIncome": 79409000,
    "netIncomeRatio": 0.1018839988,
    "eps": 0.53,
    "epsdiluted": 0.52,
    "weightedAverageShsOut": 148490000,
    "weightedAverageShsOutDil": 152614000,
    "link": "https://www.sec.gov/Archives/edgar/data/883241/000088324118000008/0000883241-18-000008-index.htm",
    "finalLink": "https://www.sec.gov/Archives/edgar/data/883241/000088324118000008/a073118snps10-q.htm"
  },
  {
    "date": "2018-04-30",
    "symbol": "SNPS",
    "reportedCurrency": "USD",
    "cik": "0000883241",
    "fillingDate": "2018-05-25",
    "acceptedDate": "2018-05-25 16:33:36",
    "calendarYear": "2018",
    "period": "Q2",
    "revenue": 777005000,
    "costOfRevenue": 189515000,
    "grossProfit": 587490000,
    "grossProfitRatio": 0.7560955206,
    "researchAndDevelopmentExpenses": 252134000,
    "generalAndAdministrativeExpenses": 58809000,
    "sellingAndMarketingExpenses": 147188000,
    "sellingGeneralAndAdministrativeExpenses": 205997000,
    "otherExpenses": 3811000,
    "operatingExpenses": 461942000,
    "costAndExpenses": 651457000,
    "interestIncome": 927000,
    "interestExpense": 3880000,
    "depreciationAndAmortization": 52909000,
    "ebitda": 176088000,
    "ebitdaratio": 0.2266240243,
    "operatingIncome": 125548000,
    "operatingIncomeRatio": 0.1615793978,
    "totalOtherIncomeExpensesNet": -6249000,
    "incomeBeforeTax": 119299000,
    "incomeBeforeTaxRatio": 0.1535369785,
    "incomeTaxExpense": 16827000,
    "netIncome": 102472000,
    "netIncomeRatio": 0.1318807472,
    "eps": 0.69,
    "epsdiluted": 0.67,
    "weightedAverageShsOut": 149034000,
    "weightedAverageShsOutDil": 153167000,
    "link": "https://www.sec.gov/Archives/edgar/data/883241/000088324118000005/0000883241-18-000005-index.htm",
    "finalLink": "https://www.sec.gov/Archives/edgar/data/883241/000088324118000005/a043018snps10-q.htm"
  },
  {
    "date": "2018-01-31",
    "symbol": "SNPS",
    "reportedCurrency": "USD",
    "cik": "0000883241",
    "fillingDate": "2018-02-23",
    "acceptedDate": "2018-02-23 16:46:31",
    "calendarYear": "2018",
    "period": "Q1",
    "revenue": 767759000,
    "costOfRevenue": 190695000,
    "grossProfit": 577064000,
    "grossProfitRatio": 0.751621277,
    "researchAndDevelopmentExpenses": 264411000,
    "generalAndAdministrativeExpenses": 56372000,
    "sellingAndMarketingExpenses": 150512000,
    "sellingGeneralAndAdministrativeExpenses": 206884000,
    "otherExpenses": -7961000,
    "operatingExpenses": 463334000,
    "costAndExpenses": 654029000,
    "interestIncome": 1636000,
    "interestExpense": 2843000,
    "depreciationAndAmortization": 43920000,
    "ebitda": 166866000,
    "ebitdaratio": 0.2173416398,
    "operatingIncome": 113730000,
    "operatingIncomeRatio": 0.1481324218,
    "totalOtherIncomeExpensesNet": 6373000,
    "incomeBeforeTax": 120103000,
    "incomeBeforeTaxRatio": 0.1564332036,
    "incomeTaxExpense": 123794000,
    "netIncome": -3691000,
    "netIncomeRatio": -0.0048074982,
    "eps": -0.0247,
    "epsdiluted": -0.0247,
    "weightedAverageShsOut": 149441000,
    "weightedAverageShsOutDil": 149441000,
    "link": "https://www.sec.gov/Archives/edgar/data/883241/000088324118000002/0000883241-18-000002-index.htm",
    "finalLink": "https://www.sec.gov/Archives/edgar/data/883241/000088324118000002/a013118snps10-q.htm"
  },
  {
    "date": "2017-10-31",
    "symbol": "SNPS",
    "reportedCurrency": "USD",
    "cik": "0000883241",
    "fillingDate": "2017-12-14",
    "acceptedDate": "2017-12-13 18:49:27",
    "calendarYear": "2017",
    "period": "Q4",
    "revenue": 697024000,
    "costOfRevenue": 174672000,
    "grossProfit": 522352000,
    "grossProfitRatio": 0.7494031769,
    "researchAndDevelopmentExpenses": 244515000,
    "generalAndAdministrativeExpenses": 26190000,
    "sellingAndMarketingExpenses": 154006000,
    "sellingGeneralAndAdministrativeExpenses": 180227000,
    "otherExpenses": 0,
    "operatingExpenses": 424742000,
    "costAndExpenses": 599414000,
    "interestIncome": 2494000,
    "interestExpense": 1816000,
    "depreciationAndAmortization": 45330000,
    "ebitda": 147072000,
    "ebitdaratio": 0.2109999082,
    "operatingIncome": 97610000,
    "operatingIncomeRatio": 0.1400382196,
    "totalOtherIncomeExpensesNet": 2316000,
    "incomeBeforeTax": 99926000,
    "incomeBeforeTaxRatio": 0.1433609173,
    "incomeTaxExpense": 220008000,
    "netIncome": -120082000,
    "netIncomeRatio": -0.1722781425,
    "eps": -0.8,
    "epsdiluted": -0.8,
    "weightedAverageShsOut": 149730793,
    "weightedAverageShsOutDil": 150448000,
    "link": "https://www.sec.gov/Archives/edgar/data/883241/000088324117000014/0000883241-17-000014-index.htm",
    "finalLink": "https://www.sec.gov/Archives/edgar/data/883241/000088324117000014/snps10311710-k.htm"
  },
  {
    "date": "2017-07-31",
    "symbol": "SNPS",
    "reportedCurrency": "USD",
    "cik": "0000883241",
    "fillingDate": "2017-08-18",
    "acceptedDate": "2017-08-18 16:34:03",
    "calendarYear": "2017",
    "period": "Q3",
    "revenue": 695579000,
    "costOfRevenue": 177452000,
    "grossProfit": 518126999,
    "grossProfitRatio": 0.7448859137,
    "researchAndDevelopmentExpenses": 228663000,
    "generalAndAdministrativeExpenses": 46350000,
    "sellingAndMarketingExpenses": 131520000,
    "sellingGeneralAndAdministrativeExpenses": 177846000,
    "otherExpenses": 0,
    "operatingExpenses": 406509000,
    "costAndExpenses": 583961000,
    "interestIncome": 2015000,
    "interestExpense": 2320000,
    "depreciationAndAmortization": 47068000,
    "ebitda": 162179000,
    "ebitdaratio": 0.2331568377,
    "operatingIncome": 111618000,
    "operatingIncomeRatio": 0.1604677542,
    "totalOtherIncomeExpensesNet": 1173000,
    "incomeBeforeTax": 112791000,
    "incomeBeforeTaxRatio": 0.1621541191,
    "incomeTaxExpense": -3960000,
    "netIncome": 116751000,
    "netIncomeRatio": 0.1678472179,
    "eps": 0.78,
    "epsdiluted": 0.75,
    "weightedAverageShsOut": 150214000,
    "weightedAverageShsOutDil": 154683000,
    "link": "https://www.sec.gov/Archives/edgar/data/883241/000088324117000007/0000883241-17-000007-index.htm",
    "finalLink": "https://www.sec.gov/Archives/edgar/data/883241/000088324117000007/a073117snps10-q.htm"
  },
  {
    "date": "2017-04-30",
    "symbol": "SNPS",
    "reportedCurrency": "USD",
    "cik": "0000883241",
    "fillingDate": "2017-05-19",
    "acceptedDate": "2017-05-19 16:26:12",
    "calendarYear": "2017",
    "period": "Q2",
    "revenue": 680497000,
    "costOfRevenue": 169892000,
    "grossProfit": 510605000,
    "grossProfitRatio": 0.7503412947,
    "researchAndDevelopmentExpenses": 223015000,
    "generalAndAdministrativeExpenses": 44438000,
    "sellingAndMarketingExpenses": 137211000,
    "sellingGeneralAndAdministrativeExpenses": 220649000,
    "otherExpenses": -41110000,
    "operatingExpenses": 402554000,
    "costAndExpenses": 572446000,
    "interestIncome": 1499000,
    "interestExpense": 1860000,
    "depreciationAndAmortization": 47580000,
    "ebitda": 111460000,
    "ebitdaratio": 0.163792052,
    "operatingIncome": 108051000,
    "operatingIncomeRatio": 0.1587824781,
    "totalOtherIncomeExpensesNet": -46031000,
    "incomeBeforeTax": 62020000,
    "incomeBeforeTaxRatio": 0.0911392703,
    "incomeTaxExpense": 8714000,
    "netIncome": 53306000,
    "netIncomeRatio": 0.0783339236,
    "eps": 0.35,
    "epsdiluted": 0.34,
    "weightedAverageShsOut": 150384000,
    "weightedAverageShsOutDil": 154861000,
    "link": "https://www.sec.gov/Archives/edgar/data/883241/000088324117000005/0000883241-17-000005-index.htm",
    "finalLink": "https://www.sec.gov/Archives/edgar/data/883241/000088324117000005/a043017snps10-q.htm"
  },
  {
    "date": "2017-01-31",
    "symbol": "SNPS",
    "reportedCurrency": "USD",
    "cik": "0000883241",
    "fillingDate": "2017-02-17",
    "acceptedDate": "2017-02-17 16:44:28",
    "calendarYear": "2017",
    "period": "Q1",
    "revenue": 654539000,
    "costOfRevenue": 163782000,
    "grossProfit": 490757000,
    "grossProfitRatio": 0.7497750325,
    "researchAndDevelopmentExpenses": 212648000,
    "generalAndAdministrativeExpenses": 40866000,
    "sellingAndMarketingExpenses": 126511000,
    "sellingGeneralAndAdministrativeExpenses": 167377000,
    "otherExpenses": 2101000,
    "operatingExpenses": 382126000,
    "costAndExpenses": 545908000,
    "interestIncome": 1233000,
    "interestExpense": 1308000,
    "depreciationAndAmortization": 49464000,
    "ebitda": 159133000,
    "ebitdaratio": 0.2431222586,
    "operatingIncome": 108631000,
    "operatingIncomeRatio": 0.1659656644,
    "totalOtherIncomeExpensesNet": -270000,
    "incomeBeforeTax": 108361000,
    "incomeBeforeTaxRatio": 0.1655531603,
    "incomeTaxExpense": 21773000,
    "netIncome": 86588000,
    "netIncomeRatio": 0.1322885267,
    "eps": 0.57,
    "epsdiluted": 0.56,
    "weightedAverageShsOut": 150782000,
    "weightedAverageShsOutDil": 154433000,
    "link": "https://www.sec.gov/Archives/edgar/data/883241/000088324117000003/0000883241-17-000003-index.htm",
    "finalLink": "https://www.sec.gov/Archives/edgar/data/883241/000088324117000003/a013117snps10-q.htm"
  },
  {
    "date": "2016-10-31",
    "symbol": "SNPS",
    "reportedCurrency": "USD",
    "cik": "0000883241",
    "fillingDate": "2016-12-12",
    "acceptedDate": "2016-12-09 19:54:04",
    "calendarYear": "2016",
    "period": "Q4",
    "revenue": 638187000,
    "costOfRevenue": 148704000,
    "grossProfit": 489483000,
    "grossProfitRatio": 0.7669899262,
    "researchAndDevelopmentExpenses": 221954000,
    "generalAndAdministrativeExpenses": 42164000,
    "sellingAndMarketingExpenses": 131494000,
    "sellingGeneralAndAdministrativeExpenses": 173658000,
    "otherExpenses": -3963000,
    "operatingExpenses": 391649000,
    "costAndExpenses": 540353000,
    "interestIncome": 1216000,
    "interestExpense": 1042000,
    "depreciationAndAmortization": 49218000,
    "ebitda": 133012000,
    "ebitdaratio": 0.2084216695,
    "operatingIncome": 97834000,
    "operatingIncomeRatio": 0.1532998949,
    "totalOtherIncomeExpensesNet": -15082000,
    "incomeBeforeTax": 82752000,
    "incomeBeforeTaxRatio": 0.1296673232,
    "incomeTaxExpense": 10055000,
    "netIncome": 72697000,
    "netIncomeRatio": 0.1139117531,
    "eps": 0.48,
    "epsdiluted": 0.47,
    "weightedAverageShsOut": 151681000,
    "weightedAverageShsOutDil": 154331000,
    "link": "https://www.sec.gov/Archives/edgar/data/883241/000088324116000027/0000883241-16-000027-index.htm",
    "finalLink": "https://www.sec.gov/Archives/edgar/data/883241/000088324116000027/snps10311610-k.htm"
  },
  {
    "date": "2016-07-31",
    "symbol": "SNPS",
    "reportedCurrency": "USD",
    "cik": "0000883241",
    "fillingDate": "2016-08-22",
    "acceptedDate": "2016-08-22 16:17:34",
    "calendarYear": "2016",
    "period": "Q3",
    "revenue": 618104000,
    "costOfRevenue": 146732000,
    "grossProfit": 471372000,
    "grossProfitRatio": 0.7626095285,
    "researchAndDevelopmentExpenses": 221874000,
    "generalAndAdministrativeExpenses": 42548000,
    "sellingAndMarketingExpenses": 127328000,
    "sellingGeneralAndAdministrativeExpenses": 169876000,
    "otherExpenses": -8417000,
    "operatingExpenses": 383333000,
    "costAndExpenses": 530065000,
    "interestIncome": 1030999,
    "interestExpense": 1208000,
    "depreciationAndAmortization": 50588000,
    "ebitda": 138627000,
    "ebitdaratio": 0.2242777914,
    "operatingIncome": 88039000,
    "operatingIncomeRatio": 0.1424339593,
    "totalOtherIncomeExpensesNet": -2808000,
    "incomeBeforeTax": 85231000,
    "incomeBeforeTaxRatio": 0.1378910345,
    "incomeTaxExpense": 20513000,
    "netIncome": 64718000,
    "netIncomeRatio": 0.1047040627,
    "eps": 0.43,
    "epsdiluted": 0.42,
    "weightedAverageShsOut": 151169000,
    "weightedAverageShsOutDil": 153890000,
    "link": "https://www.sec.gov/Archives/edgar/data/883241/000088324116000022/0000883241-16-000022-index.htm",
    "finalLink": "https://www.sec.gov/Archives/edgar/data/883241/000088324116000022/a073116snps10-q.htm"
  },
  {
    "date": "2016-04-30",
    "symbol": "SNPS",
    "reportedCurrency": "USD",
    "cik": "0000883241",
    "fillingDate": "2016-05-24",
    "acceptedDate": "2016-05-24 12:29:26",
    "calendarYear": "2016",
    "period": "Q2",
    "revenue": 605005000,
    "costOfRevenue": 131630000,
    "grossProfit": 473375000,
    "grossProfitRatio": 0.7824315502,
    "researchAndDevelopmentExpenses": 216172000,
    "generalAndAdministrativeExpenses": 41553000,
    "sellingAndMarketingExpenses": 120926000,
    "sellingGeneralAndAdministrativeExpenses": 162479000,
    "otherExpenses": 7024000,
    "operatingExpenses": 385675000,
    "costAndExpenses": 517305000,
    "interestIncome": 889000,
    "interestExpense": 848000,
    "depreciationAndAmortization": 50790000,
    "ebitda": 148861000,
    "ebitdaratio": 0.2460492062,
    "operatingIncome": 86806000,
    "operatingIncomeRatio": 0.143479806,
    "totalOtherIncomeExpensesNet": 10417000,
    "incomeBeforeTax": 97223000,
    "incomeBeforeTaxRatio": 0.1606978455,
    "incomeTaxExpense": 27847000,
    "netIncome": 69376000,
    "netIncomeRatio": 0.1146701267,
    "eps": 0.46,
    "epsdiluted": 0.45,
    "weightedAverageShsOut": 152250000,
    "weightedAverageShsOutDil": 154536000,
    "link": "https://www.sec.gov/Archives/edgar/data/883241/000088324116000020/0000883241-16-000020-index.htm",
    "finalLink": "https://www.sec.gov/Archives/edgar/data/883241/000088324116000020/a043016snps10-q.htm"
  },
  {
    "date": "2016-01-31",
    "symbol": "SNPS",
    "reportedCurrency": "USD",
    "cik": "0000883241",
    "fillingDate": "2016-02-22",
    "acceptedDate": "2016-02-22 17:02:39",
    "calendarYear": "2016",
    "period": "Q1",
    "revenue": 568604000,
    "costOfRevenue": 129444000,
    "grossProfit": 439160000,
    "grossProfitRatio": 0.7723477148,
    "researchAndDevelopmentExpenses": 196705000,
    "generalAndAdministrativeExpenses": 39697000,
    "sellingAndMarketingExpenses": 122620000,
    "sellingGeneralAndAdministrativeExpenses": 162317000,
    "otherExpenses": 9028000,
    "operatingExpenses": 365957000,
    "costAndExpenses": 495401000,
    "interestIncome": 580000,
    "interestExpense": 673000,
    "depreciationAndAmortization": 56436000,
    "ebitda": 121451000,
    "ebitdaratio": 0.2135950503,
    "operatingIncome": 71110000,
    "operatingIncomeRatio": 0.1250606749,
    "totalOtherIncomeExpensesNet": -6768000,
    "incomeBeforeTax": 64342000,
    "incomeBeforeTaxRatio": 0.1131578392,
    "incomeTaxExpense": 4307000,
    "netIncome": 60035000,
    "netIncomeRatio": 0.1055831475,
    "eps": 0.39,
    "epsdiluted": 0.39,
    "weightedAverageShsOut": 152968000,
    "weightedAverageShsOutDil": 155283000,
    "link": "https://www.sec.gov/Archives/edgar/data/883241/000088324116000017/0000883241-16-000017-index.htm",
    "finalLink": "https://www.sec.gov/Archives/edgar/data/883241/000088324116000017/a013116snps10-q.htm"
  },
  {
    "date": "2015-10-31",
    "symbol": "SNPS",
    "reportedCurrency": "USD",
    "cik": "0000883241",
    "fillingDate": "2015-12-14",
    "acceptedDate": "2015-12-14 16:42:14",
    "calendarYear": "2015",
    "period": "Q4",
    "revenue": 587159000,
    "costOfRevenue": 139844000,
    "grossProfit": 447315000,
    "grossProfitRatio": 0.7618294193,
    "researchAndDevelopmentExpenses": 208305000,
    "generalAndAdministrativeExpenses": 43843000,
    "sellingAndMarketingExpenses": 130671000,
    "sellingGeneralAndAdministrativeExpenses": 172226000,
    "otherExpenses": 1600000,
    "operatingExpenses": 389757000,
    "costAndExpenses": 529601000,
    "interestIncome": 545000,
    "interestExpense": 757000,
    "depreciationAndAmortization": 57286000,
    "ebitda": 113961000,
    "ebitdaratio": 0.1940888243,
    "operatingIncome": 57558000,
    "operatingIncomeRatio": 0.0980279618,
    "totalOtherIncomeExpensesNet": -1640000,
    "incomeBeforeTax": 55918000,
    "incomeBeforeTaxRatio": 0.0952348512,
    "incomeTaxExpense": 6156000,
    "netIncome": 49762000,
    "netIncomeRatio": 0.0847504679,
    "eps": 0.32,
    "epsdiluted": 0.31,
    "weightedAverageShsOut": 155322000,
    "weightedAverageShsOutDil": 158121000,
    "link": "https://www.sec.gov/Archives/edgar/data/883241/000088324115000014/0000883241-15-000014-index.htm",
    "finalLink": "https://www.sec.gov/Archives/edgar/data/883241/000088324115000014/snps10311510-k.htm"
  },
  {
    "date": "2015-07-31",
    "symbol": "SNPS",
    "reportedCurrency": "USD",
    "cik": "0000883241",
    "fillingDate": "2015-08-24",
    "acceptedDate": "2015-08-24 17:02:08",
    "calendarYear": "2015",
    "period": "Q3",
    "revenue": 555805000,
    "costOfRevenue": 129471000,
    "grossProfit": 426334000,
    "grossProfitRatio": 0.7670567915,
    "researchAndDevelopmentExpenses": 197999000,
    "generalAndAdministrativeExpenses": 43925000,
    "sellingAndMarketingExpenses": 116988000,
    "sellingGeneralAndAdministrativeExpenses": 160913000,
    "otherExpenses": 6188000,
    "operatingExpenses": 365100000,
    "costAndExpenses": 494571000,
    "interestIncome": 540000,
    "interestExpense": 599000,
    "depreciationAndAmortization": 52484000,
    "ebitda": 118276000,
    "ebitdaratio": 0.2128012522,
    "operatingIncome": 61482000,
    "operatingIncomeRatio": 0.1106179325,
    "totalOtherIncomeExpensesNet": 3711000,
    "incomeBeforeTax": 65193000,
    "incomeBeforeTaxRatio": 0.1172947347,
    "incomeTaxExpense": 9806000,
    "netIncome": 55387000,
    "netIncomeRatio": 0.0996518563,
    "eps": 0.36,
    "epsdiluted": 0.35,
    "weightedAverageShsOut": 155533000,
    "weightedAverageShsOutDil": 158584000,
    "link": "https://www.sec.gov/Archives/edgar/data/883241/000088324115000011/0000883241-15-000011-index.htm",
    "finalLink": "https://www.sec.gov/Archives/edgar/data/883241/000088324115000011/a073115snps10-q.htm"
  },
  {
    "date": "2015-04-30",
    "symbol": "SNPS",
    "reportedCurrency": "USD",
    "cik": "0000883241",
    "fillingDate": "2015-05-22",
    "acceptedDate": "2015-05-22 16:35:32",
    "calendarYear": "2015",
    "period": "Q2",
    "revenue": 557204000,
    "costOfRevenue": 124972000,
    "grossProfit": 432232000,
    "grossProfitRatio": 0.7757158958,
    "researchAndDevelopmentExpenses": 188315000,
    "generalAndAdministrativeExpenses": 40975000,
    "sellingAndMarketingExpenses": 120579000,
    "sellingGeneralAndAdministrativeExpenses": 161554000,
    "otherExpenses": 6436000,
    "operatingExpenses": 356305000,
    "costAndExpenses": 481277000,
    "interestIncome": 552000,
    "interestExpense": 804000,
    "depreciationAndAmortization": 51522000,
    "ebitda": 75927000,
    "ebitdaratio": 0.1362642766,
    "operatingIncome": 75927000,
    "operatingIncomeRatio": 0.1362642766,
    "totalOtherIncomeExpensesNet": 7957000,
    "incomeBeforeTax": 83884000,
    "incomeBeforeTaxRatio": 0.1505445043,
    "incomeTaxExpense": 28288000,
    "netIncome": 55596000,
    "netIncomeRatio": 0.0997767424,
    "eps": 0.36,
    "epsdiluted": 0.35,
    "weightedAverageShsOut": 154515000,
    "weightedAverageShsOutDil": 157483000,
    "link": "https://www.sec.gov/Archives/edgar/data/883241/000088324115000008/0000883241-15-000008-index.htm",
    "finalLink": "https://www.sec.gov/Archives/edgar/data/883241/000088324115000008/a043015snps10-q.htm"
  },
  {
    "date": "2015-01-31",
    "symbol": "SNPS",
    "reportedCurrency": "USD",
    "cik": "0000883241",
    "fillingDate": "2015-02-24",
    "acceptedDate": "2015-02-24 16:12:11",
    "calendarYear": "2015",
    "period": "Q1",
    "revenue": 542043000,
    "costOfRevenue": 124633000,
    "grossProfit": 417410000,
    "grossProfitRatio": 0.7700680573,
    "researchAndDevelopmentExpenses": 181610000,
    "generalAndAdministrativeExpenses": 36354000,
    "sellingAndMarketingExpenses": 106169000,
    "sellingGeneralAndAdministrativeExpenses": 142523000,
    "otherExpenses": 21778000,
    "operatingExpenses": 330575000,
    "costAndExpenses": 455208000,
    "interestIncome": 1148000,
    "interestExpense": 653000,
    "depreciationAndAmortization": 50529000,
    "ebitda": 127797000,
    "ebitdaratio": 0.2357691179,
    "operatingIncome": 71499000,
    "operatingIncomeRatio": 0.1319065093,
    "totalOtherIncomeExpensesNet": 5116000,
    "incomeBeforeTax": 76615000,
    "incomeBeforeTaxRatio": 0.1413448749,
    "incomeTaxExpense": 11426000,
    "netIncome": 65189000,
    "netIncomeRatio": 0.1202653664,
    "eps": 0.42,
    "epsdiluted": 0.41,
    "weightedAverageShsOut": 154458000,
    "weightedAverageShsOutDil": 157206000,
    "link": "https://www.sec.gov/Archives/edgar/data/883241/000088324115000004/0000883241-15-000004-index.htm",
    "finalLink": "https://www.sec.gov/Archives/edgar/data/883241/000088324115000004/a013115snps10-q.htm"
  },
  {
    "date": "2014-10-31",
    "symbol": "SNPS",
    "reportedCurrency": "USD",
    "cik": "0000883241",
    "fillingDate": "2014-12-15",
    "acceptedDate": "2014-12-12 21:47:39",
    "calendarYear": "2014",
    "period": "Q4",
    "revenue": 539012000,
    "costOfRevenue": 121421000,
    "grossProfit": 417591000,
    "grossProfitRatio": 0.7747341432,
    "researchAndDevelopmentExpenses": 190373000,
    "generalAndAdministrativeExpenses": 42969000,
    "sellingAndMarketingExpenses": 120232000,
    "sellingGeneralAndAdministrativeExpenses": 158908000,
    "otherExpenses": 3058000,
    "operatingExpenses": 360091000,
    "costAndExpenses": 481512000,
    "interestIncome": 327000,
    "interestExpense": 241000,
    "depreciationAndAmortization": 52076000,
    "ebitda": 114445000,
    "ebitdaratio": 0.2123236588,
    "operatingIncome": 57500000,
    "operatingIncomeRatio": 0.1066766603,
    "totalOtherIncomeExpensesNet": 4628000,
    "incomeBeforeTax": 62128000,
    "incomeBeforeTaxRatio": 0.11526274,
    "incomeTaxExpense": -327000,
    "netIncome": 62455000,
    "netIncomeRatio": 0.1158694055,
    "eps": 0.4,
    "epsdiluted": 0.39,
    "weightedAverageShsOut": 156385000,
    "weightedAverageShsOutDil": 158477000,
    "link": "https://www.sec.gov/Archives/edgar/data/883241/000088324114000008/0000883241-14-000008-index.htm",
    "finalLink": "https://www.sec.gov/Archives/edgar/data/883241/000088324114000008/snps10311410-k.htm"
  },
  {
    "date": "2014-07-31",
    "symbol": "SNPS",
    "reportedCurrency": "USD",
    "cik": "0000883241",
    "fillingDate": "2014-08-26",
    "acceptedDate": "2014-08-25 20:46:15",
    "calendarYear": "2014",
    "period": "Q3",
    "revenue": 521812000,
    "costOfRevenue": 115530000,
    "grossProfit": 406282000,
    "grossProfitRatio": 0.7785984224,
    "researchAndDevelopmentExpenses": 182809000,
    "generalAndAdministrativeExpenses": 37438000,
    "sellingAndMarketingExpenses": 112271000,
    "sellingGeneralAndAdministrativeExpenses": 149709000,
    "otherExpenses": 6537000,
    "operatingExpenses": 339055000,
    "costAndExpenses": 454585000,
    "interestIncome": 294000,
    "interestExpense": 715000,
    "depreciationAndAmortization": 49165000,
    "ebitda": 67227000,
    "ebitdaratio": 0.1288337562,
    "operatingIncome": 67227000,
    "operatingIncomeRatio": 0.1288337562,
    "totalOtherIncomeExpensesNet": 3544000,
    "incomeBeforeTax": 70771000,
    "incomeBeforeTaxRatio": 0.1356254743,
    "incomeTaxExpense": 5115000,
    "netIncome": 65656000,
    "netIncomeRatio": 0.1258230934,
    "eps": 0.42,
    "epsdiluted": 0.42,
    "weightedAverageShsOut": 155194000,
    "weightedAverageShsOutDil": 157622000,
    "link": "https://www.sec.gov/Archives/edgar/data/883241/000088324114000005/0000883241-14-000005-index.htm",
    "finalLink": "https://www.sec.gov/Archives/edgar/data/883241/000088324114000005/a073114snps10-q.htm"
  },
  {
    "date": "2014-04-30",
    "symbol": "SNPS",
    "reportedCurrency": "USD",
    "cik": "0000883241",
    "fillingDate": "2014-05-28",
    "acceptedDate": "2014-05-27 20:58:33",
    "calendarYear": "2014",
    "period": "Q2",
    "revenue": 517697000,
    "costOfRevenue": 114085000,
    "grossProfit": 403612000,
    "grossProfitRatio": 0.7796297834,
    "researchAndDevelopmentExpenses": 178043000,
    "generalAndAdministrativeExpenses": 40575000,
    "sellingAndMarketingExpenses": 114784000,
    "sellingGeneralAndAdministrativeExpenses": 155359000,
    "otherExpenses": 6376000,
    "operatingExpenses": 339778000,
    "costAndExpenses": 453863000,
    "interestIncome": 314000,
    "interestExpense": 582000,
    "depreciationAndAmortization": 47871000,
    "ebitda": 63834000,
    "ebitdaratio": 0.1233037858,
    "operatingIncome": 63834000,
    "operatingIncomeRatio": 0.1233037858,
    "totalOtherIncomeExpensesNet": 4225000,
    "incomeBeforeTax": 68059000,
    "incomeBeforeTaxRatio": 0.1314649303,
    "incomeTaxExpense": 4742000,
    "netIncome": 63317000,
    "netIncomeRatio": 0.1223051322,
    "eps": 0.41,
    "epsdiluted": 0.4,
    "weightedAverageShsOut": 154572000,
    "weightedAverageShsOutDil": 157082000,
    "link": "https://www.sec.gov/Archives/edgar/data/883241/000119312514213430/0001193125-14-213430-index.htm",
    "finalLink": "https://www.sec.gov/Archives/edgar/data/883241/000119312514213430/d715707d10q.htm"
  },
  {
    "date": "2014-01-31",
    "symbol": "SNPS",
    "reportedCurrency": "USD",
    "cik": "0000883241",
    "fillingDate": "2014-02-26",
    "acceptedDate": "2014-02-26 17:05:00",
    "calendarYear": "2014",
    "period": "Q1",
    "revenue": 478951000,
    "costOfRevenue": 105849000,
    "grossProfit": 373102000,
    "grossProfitRatio": 0.7789982691,
    "researchAndDevelopmentExpenses": 167543000,
    "generalAndAdministrativeExpenses": 34233000,
    "sellingAndMarketingExpenses": 105792000,
    "sellingGeneralAndAdministrativeExpenses": 140025000,
    "otherExpenses": 5378000,
    "operatingExpenses": 312946000,
    "costAndExpenses": 418795000,
    "interestIncome": 367000,
    "interestExpense": 357000,
    "depreciationAndAmortization": 43714000,
    "ebitda": 60156000,
    "ebitdaratio": 0.1255994872,
    "operatingIncome": 60156000,
    "operatingIncomeRatio": 0.1255994872,
    "totalOtherIncomeExpensesNet": 11028000,
    "incomeBeforeTax": 71184000,
    "incomeBeforeTaxRatio": 0.1486248071,
    "incomeTaxExpense": 3488000,
    "netIncome": 67696000,
    "netIncomeRatio": 0.141342225,
    "eps": 0.44,
    "epsdiluted": 0.43,
    "weightedAverageShsOut": 154066000,
    "weightedAverageShsOutDil": 156756000,
    "link": "https://www.sec.gov/Archives/edgar/data/883241/000119312514069985/0001193125-14-069985-index.htm",
    "finalLink": "https://www.sec.gov/Archives/edgar/data/883241/000119312514069985/d657833d10q.htm"
  },
  {
    "date": "2013-10-31",
    "symbol": "SNPS",
    "reportedCurrency": "USD",
    "cik": "0000883241",
    "fillingDate": "2013-12-20",
    "acceptedDate": "2013-12-19 21:47:48",
    "calendarYear": "2013",
    "period": "Q4",
    "revenue": 504875000,
    "costOfRevenue": 119109000,
    "grossProfit": 385766000,
    "grossProfitRatio": 0.7640821986,
    "researchAndDevelopmentExpenses": 175057000,
    "generalAndAdministrativeExpenses": 39089000,
    "sellingAndMarketingExpenses": 114913000,
    "sellingGeneralAndAdministrativeExpenses": 154002000,
    "otherExpenses": -297000,
    "operatingExpenses": 334752000,
    "costAndExpenses": 453861000,
    "interestIncome": 328000,
    "interestExpense": 371000,
    "depreciationAndAmortization": 45648000,
    "ebitda": 78869000,
    "ebitdaratio": 0.1562149047,
    "operatingIncome": 51014000,
    "operatingIncomeRatio": 0.1010428324,
    "totalOtherIncomeExpensesNet": 8043000,
    "incomeBeforeTax": 59057000,
    "incomeBeforeTaxRatio": 0.1169735083,
    "incomeTaxExpense": 2167000,
    "netIncome": 56890000,
    "netIncomeRatio": 0.1126813568,
    "eps": 0.37,
    "epsdiluted": 0.36,
    "weightedAverageShsOut": 154369000,
    "weightedAverageShsOutDil": 157039000,
    "link": "https://www.sec.gov/Archives/edgar/data/883241/000119312513479653/0001193125-13-479653-index.htm",
    "finalLink": "https://www.sec.gov/Archives/edgar/data/883241/000119312513479653/d608014d10k.htm"
  },
  {
    "date": "2013-07-31",
    "symbol": "SNPS",
    "reportedCurrency": "USD",
    "cik": "0000883241",
    "fillingDate": "2013-08-30",
    "acceptedDate": "2013-08-30 16:27:22",
    "calendarYear": "2013",
    "period": "Q3",
    "revenue": 482945000,
    "costOfRevenue": 115647000,
    "grossProfit": 367298000,
    "grossProfitRatio": 0.7605379495,
    "researchAndDevelopmentExpenses": 166668000,
    "generalAndAdministrativeExpenses": 34510000,
    "sellingAndMarketingExpenses": 105381000,
    "sellingGeneralAndAdministrativeExpenses": 139891000,
    "otherExpenses": 5744000,
    "operatingExpenses": 312303000,
    "costAndExpenses": 427950000,
    "interestIncome": 301000,
    "interestExpense": 404000,
    "depreciationAndAmortization": 47602000,
    "ebitda": 106178000,
    "ebitdaratio": 0.219855263,
    "operatingIncome": 54995000,
    "operatingIncomeRatio": 0.1138742507,
    "totalOtherIncomeExpensesNet": 3177000,
    "incomeBeforeTax": 58172000,
    "incomeBeforeTaxRatio": 0.1204526395,
    "incomeTaxExpense": 5875000,
    "netIncome": 52297000,
    "netIncomeRatio": 0.1082876932,
    "eps": 0.34,
    "epsdiluted": 0.33,
    "weightedAverageShsOut": 153915000,
    "weightedAverageShsOutDil": 157056000,
    "link": "https://www.sec.gov/Archives/edgar/data/883241/000119312513353975/0001193125-13-353975-index.htm",
    "finalLink": "https://www.sec.gov/Archives/edgar/data/883241/000119312513353975/d569790d10q.htm"
  },
  {
    "date": "2013-04-30",
    "symbol": "SNPS",
    "reportedCurrency": "USD",
    "cik": "0000883241",
    "fillingDate": "2013-05-31",
    "acceptedDate": "2013-05-31 17:28:39",
    "calendarYear": "2013",
    "period": "Q2",
    "revenue": 499257000,
    "costOfRevenue": 107733000,
    "grossProfit": 391524000,
    "grossProfitRatio": 0.784213341,
    "researchAndDevelopmentExpenses": 169962000,
    "generalAndAdministrativeExpenses": 32254000,
    "sellingAndMarketingExpenses": 103930000,
    "sellingGeneralAndAdministrativeExpenses": 136184000,
    "otherExpenses": 5875000,
    "operatingExpenses": 312021000,
    "costAndExpenses": 419754000,
    "interestIncome": 928000,
    "interestExpense": 456000,
    "depreciationAndAmortization": 47090000,
    "ebitda": 134253000,
    "ebitdaratio": 0.2689055937,
    "operatingIncome": 79503000,
    "operatingIncomeRatio": 0.1592426346,
    "totalOtherIncomeExpensesNet": 7204000,
    "incomeBeforeTax": 86707000,
    "incomeBeforeTaxRatio": 0.1736720767,
    "incomeTaxExpense": 18016000,
    "netIncome": 68691000,
    "netIncomeRatio": 0.1375864535,
    "eps": 0.45,
    "epsdiluted": 0.44,
    "weightedAverageShsOut": 153515000,
    "weightedAverageShsOutDil": 156606000,
    "link": "https://www.sec.gov/Archives/edgar/data/883241/000119312513243521/0001193125-13-243521-index.htm",
    "finalLink": "https://www.sec.gov/Archives/edgar/data/883241/000119312513243521/d522537d10q.htm"
  },
  {
    "date": "2013-01-31",
    "symbol": "SNPS",
    "reportedCurrency": "USD",
    "cik": "0000883241",
    "fillingDate": "2013-03-04",
    "acceptedDate": "2013-03-01 21:02:16",
    "calendarYear": "2013",
    "period": "Q1",
    "revenue": 475137000,
    "costOfRevenue": 111063000,
    "grossProfit": 364074000,
    "grossProfitRatio": 0.7662505761,
    "researchAndDevelopmentExpenses": 157510000,
    "generalAndAdministrativeExpenses": 37938000,
    "sellingAndMarketingExpenses": 101758000,
    "sellingGeneralAndAdministrativeExpenses": 139696000,
    "otherExpenses": 5887000,
    "operatingExpenses": 303093000,
    "costAndExpenses": 414156000,
    "interestIncome": 335000,
    "interestExpense": 464000,
    "depreciationAndAmortization": 47064000,
    "ebitda": 119258000,
    "ebitdaratio": 0.2509970808,
    "operatingIncome": 60981000,
    "operatingIncomeRatio": 0.1283440355,
    "totalOtherIncomeExpensesNet": 10749000,
    "incomeBeforeTax": 71730000,
    "incomeBeforeTaxRatio": 0.1509669843,
    "incomeTaxExpense": 1808000,
    "netIncome": 69922000,
    "netIncomeRatio": 0.147161766,
    "eps": 0.46,
    "epsdiluted": 0.45,
    "weightedAverageShsOut": 151477000,
    "weightedAverageShsOutDil": 154531000,
    "link": "https://www.sec.gov/Archives/edgar/data/883241/000119312513088256/0001193125-13-088256-index.htm",
    "finalLink": "https://www.sec.gov/Archives/edgar/data/883241/000119312513088256/d472800d10q.htm"
  },
  {
    "date": "2012-10-31",
    "symbol": "SNPS",
    "reportedCurrency": "USD",
    "cik": "0000883241",
    "fillingDate": "2012-12-20",
    "acceptedDate": "2012-12-20 17:16:32",
    "calendarYear": "2012",
    "period": "Q4",
    "revenue": 454213000,
    "costOfRevenue": 102524000,
    "grossProfit": 351689000,
    "grossProfitRatio": 0.7742821099,
    "researchAndDevelopmentExpenses": 153568000,
    "generalAndAdministrativeExpenses": 41903000,
    "sellingAndMarketingExpenses": 111385000,
    "sellingGeneralAndAdministrativeExpenses": 153288000,
    "otherExpenses": 5343000,
    "operatingExpenses": 312199000,
    "costAndExpenses": 414723000,
    "interestIncome": 212000,
    "interestExpense": 14410000,
    "depreciationAndAmortization": 41764000,
    "ebitda": 94356000,
    "ebitdaratio": 0.2077351375,
    "operatingIncome": 39490000,
    "operatingIncomeRatio": 0.0869415891,
    "totalOtherIncomeExpensesNet": 3242000,
    "incomeBeforeTax": 42732000,
    "incomeBeforeTaxRatio": 0.0940792095,
    "incomeTaxExpense": 13651000,
    "netIncome": 29081000,
    "netIncomeRatio": 0.0640250279,
    "eps": 0.51,
    "epsdiluted": 0.5,
    "weightedAverageShsOut": 147801000,
    "weightedAverageShsOutDil": 150644000,
    "link": "https://www.sec.gov/Archives/edgar/data/883241/000119312512510596/0001193125-12-510596-index.htm",
    "finalLink": "https://www.sec.gov/Archives/edgar/data/883241/000119312512510596/d420241d10k.htm"
  },
  {
    "date": "2012-07-31",
    "symbol": "SNPS",
    "reportedCurrency": "USD",
    "cik": "0000883241",
    "fillingDate": "2012-08-31",
    "acceptedDate": "2012-08-31 16:39:18",
    "calendarYear": "2012",
    "period": "Q3",
    "revenue": 443747000,
    "costOfRevenue": 99789000,
    "grossProfit": 343958000,
    "grossProfitRatio": 0.77512186,
    "researchAndDevelopmentExpenses": 143955000,
    "generalAndAdministrativeExpenses": 31769000,
    "sellingAndMarketingExpenses": 100004000,
    "sellingGeneralAndAdministrativeExpenses": 131773000,
    "otherExpenses": 4835000,
    "operatingExpenses": 280563000,
    "costAndExpenses": 380352000,
    "interestIncome": 323000,
    "interestExpense": 736000,
    "depreciationAndAmortization": 40214000,
    "ebitda": 102035000,
    "ebitdaratio": 0.2299395827,
    "operatingIncome": 63395000,
    "operatingIncomeRatio": 0.1428629377,
    "totalOtherIncomeExpensesNet": -2310000,
    "incomeBeforeTax": 61085000,
    "incomeBeforeTaxRatio": 0.1376572687,
    "incomeTaxExpense": -14571000,
    "netIncome": 75656000,
    "netIncomeRatio": 0.170493547,
    "eps": 0.51,
    "epsdiluted": 0.5,
    "weightedAverageShsOut": 147801000,
    "weightedAverageShsOutDil": 150644000,
    "link": "https://www.sec.gov/Archives/edgar/data/883241/000119312512377617/0001193125-12-377617-index.htm",
    "finalLink": "https://www.sec.gov/Archives/edgar/data/883241/000119312512377617/d371082d10q.htm"
  },
  {
    "date": "2012-04-30",
    "symbol": "SNPS",
    "reportedCurrency": "USD",
    "cik": "0000883241",
    "fillingDate": "2012-06-04",
    "acceptedDate": "2012-06-01 19:07:43",
    "calendarYear": "2012",
    "period": "Q2",
    "revenue": 432561000,
    "costOfRevenue": 100506000,
    "grossProfit": 332055000,
    "grossProfitRatio": 0.7676489559,
    "researchAndDevelopmentExpenses": 151230000,
    "generalAndAdministrativeExpenses": 49948000,
    "sellingAndMarketingExpenses": 108836000,
    "sellingGeneralAndAdministrativeExpenses": 158784000,
    "otherExpenses": 4905000,
    "operatingExpenses": 314919000,
    "costAndExpenses": 415425000,
    "interestIncome": 450000,
    "interestExpense": 710000,
    "depreciationAndAmortization": 42897000,
    "ebitda": 67096000,
    "ebitdaratio": 0.1551133829,
    "operatingIncome": 17136000,
    "operatingIncomeRatio": 0.0396152219,
    "totalOtherIncomeExpensesNet": 6353000,
    "incomeBeforeTax": 23489000,
    "incomeBeforeTaxRatio": 0.0543021678,
    "incomeTaxExpense": 2518000,
    "netIncome": 20971000,
    "netIncomeRatio": 0.0484810235,
    "eps": 0.14,
    "epsdiluted": 0.14,
    "weightedAverageShsOut": 145948000,
    "weightedAverageShsOutDil": 149297000,
    "link": "https://www.sec.gov/Archives/edgar/data/883241/000119312512257478/0001193125-12-257478-index.htm",
    "finalLink": "https://www.sec.gov/Archives/edgar/data/883241/000119312512257478/d335528d10q.htm"
  },
  {
    "date": "2012-01-31",
    "symbol": "SNPS",
    "reportedCurrency": "USD",
    "cik": "0000883241",
    "fillingDate": "2012-03-06",
    "acceptedDate": "2012-03-06 17:21:11",
    "calendarYear": "2012",
    "period": "Q1",
    "revenue": 425496000,
    "costOfRevenue": 89854000,
    "grossProfit": 335642000,
    "grossProfitRatio": 0.7888252769,
    "researchAndDevelopmentExpenses": 132875000,
    "generalAndAdministrativeExpenses": 33839000,
    "sellingAndMarketingExpenses": 95404000,
    "sellingGeneralAndAdministrativeExpenses": 129243000,
    "otherExpenses": 3521000,
    "operatingExpenses": 265639000,
    "costAndExpenses": 355493000,
    "interestIncome": 478000,
    "interestExpense": 17000,
    "depreciationAndAmortization": 31965000,
    "ebitda": 105811000,
    "ebitdaratio": 0.2486768383,
    "operatingIncome": 70003000,
    "operatingIncomeRatio": 0.1645209356,
    "totalOtherIncomeExpensesNet": 3826000,
    "incomeBeforeTax": 73829000,
    "incomeBeforeTaxRatio": 0.1735127945,
    "incomeTaxExpense": 17135000,
    "netIncome": 56694000,
    "netIncomeRatio": 0.1332421456,
    "eps": 0.39,
    "epsdiluted": 0.39,
    "weightedAverageShsOut": 143882000,
    "weightedAverageShsOutDil": 147113000,
    "link": "https://www.sec.gov/Archives/edgar/data/883241/000119312512099331/0001193125-12-099331-index.htm",
    "finalLink": "https://www.sec.gov/Archives/edgar/data/883241/000119312512099331/d282956d10q.htm"
  },
  {
    "date": "2011-10-31",
    "symbol": "SNPS",
    "reportedCurrency": "USD",
    "cik": "0000883241",
    "fillingDate": "2011-12-16",
    "acceptedDate": "2011-12-16 06:10:43",
    "calendarYear": "2011",
    "period": "Q4",
    "revenue": 390534000,
    "costOfRevenue": 85385000,
    "grossProfit": 305149000,
    "grossProfitRatio": 0.7813634664,
    "researchAndDevelopmentExpenses": 125415000,
    "generalAndAdministrativeExpenses": 26373000,
    "sellingAndMarketingExpenses": 93500000,
    "sellingGeneralAndAdministrativeExpenses": 119873000,
    "otherExpenses": 10295000,
    "operatingExpenses": 248832000,
    "costAndExpenses": 334217000,
    "interestIncome": 431000,
    "interestExpense": 39230000,
    "depreciationAndAmortization": 31591000,
    "ebitda": 87908000,
    "ebitdaratio": 0.2250969186,
    "operatingIncome": 56317000,
    "operatingIncomeRatio": 0.144205114,
    "totalOtherIncomeExpensesNet": -2762000,
    "incomeBeforeTax": 53555000,
    "incomeBeforeTaxRatio": 0.1371327464,
    "incomeTaxExpense": 13613000,
    "netIncome": 39942000,
    "netIncomeRatio": 0.1022753461,
    "eps": 0.28,
    "epsdiluted": 0.27,
    "weightedAverageShsOut": 143855000,
    "weightedAverageShsOutDil": 146350000,
    "link": "https://www.sec.gov/Archives/edgar/data/883241/000119312511343034/0001193125-11-343034-index.htm",
    "finalLink": "https://www.sec.gov/Archives/edgar/data/883241/000119312511343034/d235768d10k.htm"
  },
  {
    "date": "2011-07-31",
    "symbol": "SNPS",
    "reportedCurrency": "USD",
    "cik": "0000883241",
    "fillingDate": "2011-09-02",
    "acceptedDate": "2011-09-02 16:33:15",
    "calendarYear": "2011",
    "period": "Q3",
    "revenue": 386795000,
    "costOfRevenue": 84732000,
    "grossProfit": 302063000,
    "grossProfitRatio": 0.7809382231,
    "researchAndDevelopmentExpenses": 122547000,
    "generalAndAdministrativeExpenses": 27052000,
    "sellingAndMarketingExpenses": 90732000,
    "sellingGeneralAndAdministrativeExpenses": 117784000,
    "otherExpenses": 3553000,
    "operatingExpenses": 243884000,
    "costAndExpenses": 328616000,
    "interestIncome": 521000,
    "interestExpense": 0,
    "depreciationAndAmortization": 31961000,
    "ebitda": 58179000,
    "ebitdaratio": 0.1504130095,
    "operatingIncome": 58179000,
    "operatingIncomeRatio": 0.1504130095,
    "totalOtherIncomeExpensesNet": -2212000,
    "incomeBeforeTax": 55967000,
    "incomeBeforeTaxRatio": 0.1446942179,
    "incomeTaxExpense": 3885000,
    "netIncome": 52082000,
    "netIncomeRatio": 0.1346501377,
    "eps": 0.36,
    "epsdiluted": 0.35,
    "weightedAverageShsOut": 144960000,
    "weightedAverageShsOutDil": 148045000,
    "link": "https://www.sec.gov/Archives/edgar/data/883241/000119312511240188/0001193125-11-240188-index.htm",
    "finalLink": "https://www.sec.gov/Archives/edgar/data/883241/000119312511240188/d10q.htm"
  },
  {
    "date": "2011-04-30",
    "symbol": "SNPS",
    "reportedCurrency": "USD",
    "cik": "0000883241",
    "fillingDate": "2011-05-27",
    "acceptedDate": "2011-05-27 16:30:23",
    "calendarYear": "2011",
    "period": "Q2",
    "revenue": 393670000,
    "costOfRevenue": 86028000,
    "grossProfit": 307642000,
    "grossProfitRatio": 0.7814717911,
    "researchAndDevelopmentExpenses": 123169000,
    "generalAndAdministrativeExpenses": 29470000,
    "sellingAndMarketingExpenses": 99562000,
    "sellingGeneralAndAdministrativeExpenses": 129032000,
    "otherExpenses": 3756000,
    "operatingExpenses": 255957000,
    "costAndExpenses": 341985000,
    "interestIncome": 552000,
    "interestExpense": 0,
    "depreciationAndAmortization": 33322000,
    "ebitda": 51685000,
    "ebitdaratio": 0.1312901669,
    "operatingIncome": 51685000,
    "operatingIncomeRatio": 0.1312901669,
    "totalOtherIncomeExpensesNet": 5574000,
    "incomeBeforeTax": 57259000,
    "incomeBeforeTaxRatio": 0.1454492341,
    "incomeTaxExpense": -23855000,
    "netIncome": 81114000,
    "netIncomeRatio": 0.2060456728,
    "eps": 0.55,
    "epsdiluted": 0.53,
    "weightedAverageShsOut": 148461000,
    "weightedAverageShsOutDil": 152593000,
    "link": "https://www.sec.gov/Archives/edgar/data/883241/000119312511153412/0001193125-11-153412-index.htm",
    "finalLink": "https://www.sec.gov/Archives/edgar/data/883241/000119312511153412/d10q.htm"
  },
  {
    "date": "2011-01-31",
    "symbol": "SNPS",
    "reportedCurrency": "USD",
    "cik": "0000883241",
    "fillingDate": "2011-03-02",
    "acceptedDate": "2011-03-02 16:46:10",
    "calendarYear": "2011",
    "period": "Q1",
    "revenue": 364644000,
    "costOfRevenue": 84305000,
    "grossProfit": 280339000,
    "grossProfitRatio": 0.7688018999,
    "researchAndDevelopmentExpenses": 120740000,
    "generalAndAdministrativeExpenses": 29865000,
    "sellingAndMarketingExpenses": 79324000,
    "sellingGeneralAndAdministrativeExpenses": 109189000,
    "otherExpenses": 3748000,
    "operatingExpenses": 233677000,
    "costAndExpenses": 317982000,
    "interestIncome": 614000,
    "interestExpense": 0,
    "depreciationAndAmortization": 31676000,
    "ebitda": 46662000,
    "ebitdaratio": 0.1279659065,
    "operatingIncome": 46662000,
    "operatingIncomeRatio": 0.1279659065,
    "totalOtherIncomeExpensesNet": 5670000,
    "incomeBeforeTax": 52332000,
    "incomeBeforeTaxRatio": 0.1435153191,
    "incomeTaxExpense": 4106000,
    "netIncome": 48226000,
    "netIncomeRatio": 0.1322550213,
    "eps": 0.32,
    "epsdiluted": 0.31,
    "weightedAverageShsOut": 149016000,
    "weightedAverageShsOutDil": 153640000,
    "link": "https://www.sec.gov/Archives/edgar/data/883241/000119312511053667/0001193125-11-053667-index.htm",
    "finalLink": "https://www.sec.gov/Archives/edgar/data/883241/000119312511053667/d10q.htm"
  },
  {
    "date": "2010-10-31",
    "symbol": "SNPS",
    "reportedCurrency": "USD",
    "cik": "0000883241",
    "fillingDate": "2010-12-17",
    "acceptedDate": "2010-12-16 19:49:13",
    "calendarYear": "2010",
    "period": "Q4",
    "revenue": 375459000,
    "costOfRevenue": 79743000,
    "grossProfit": 295716000,
    "grossProfitRatio": 0.787611963,
    "researchAndDevelopmentExpenses": 129298000,
    "generalAndAdministrativeExpenses": 32950000,
    "sellingAndMarketingExpenses": 96968000,
    "sellingGeneralAndAdministrativeExpenses": 129918000,
    "otherExpenses": 12910000,
    "operatingExpenses": 262459000,
    "costAndExpenses": 342202000,
    "interestIncome": 0,
    "interestExpense": 0,
    "depreciationAndAmortization": 29429000,
    "ebitda": 62686000,
    "ebitdaratio": 0.1669583097,
    "operatingIncome": 33257000,
    "operatingIncomeRatio": 0.0885769152,
    "totalOtherIncomeExpensesNet": 6439000,
    "incomeBeforeTax": 39696000,
    "incomeBeforeTaxRatio": 0.1057265907,
    "incomeTaxExpense": 14295000,
    "netIncome": 25401000,
    "netIncomeRatio": 0.0676531925,
    "eps": 0.27,
    "epsdiluted": 0.26,
    "weightedAverageShsOut": 148006000,
    "weightedAverageShsOutDil": 151106000,
    "link": "https://www.sec.gov/Archives/edgar/data/883241/000119312510282648/0001193125-10-282648-index.htm",
    "finalLink": "https://www.sec.gov/Archives/edgar/data/883241/000119312510282648/d10k.htm"
  },
  {
    "date": "2010-07-31",
    "symbol": "SNPS",
    "reportedCurrency": "USD",
    "cik": "0000883241",
    "fillingDate": "2010-09-08",
    "acceptedDate": "2010-09-08 16:50:02",
    "calendarYear": "2010",
    "period": "Q3",
    "revenue": 336929000,
    "costOfRevenue": 66743000,
    "grossProfit": 270186000,
    "grossProfitRatio": 0.8019078203,
    "researchAndDevelopmentExpenses": 105649000,
    "generalAndAdministrativeExpenses": 27371000,
    "sellingAndMarketingExpenses": 83812000,
    "sellingGeneralAndAdministrativeExpenses": 111183000,
    "otherExpenses": 2561000,
    "operatingExpenses": 219393000,
    "costAndExpenses": 286136000,
    "interestIncome": 1315000,
    "interestExpense": 0,
    "depreciationAndAmortization": 21553000,
    "ebitda": 50793000,
    "ebitdaratio": 0.1507528292,
    "operatingIncome": 50793000,
    "operatingIncomeRatio": 0.1507528292,
    "totalOtherIncomeExpensesNet": -3046000,
    "incomeBeforeTax": 47747000,
    "incomeBeforeTaxRatio": 0.1417123489,
    "incomeTaxExpense": 8420000,
    "netIncome": 39327000,
    "netIncomeRatio": 0.1167219206,
    "eps": 0.27,
    "epsdiluted": 0.26,
    "weightedAverageShsOut": 148006000,
    "weightedAverageShsOutDil": 151106000,
    "link": "https://www.sec.gov/Archives/edgar/data/883241/000119312510206743/0001193125-10-206743-index.htm",
    "finalLink": "https://www.sec.gov/Archives/edgar/data/883241/000119312510206743/d10q.htm"
  },
  {
    "date": "2010-04-30",
    "symbol": "SNPS",
    "reportedCurrency": "USD",
    "cik": "0000883241",
    "fillingDate": "2010-06-04",
    "acceptedDate": "2010-06-04 16:42:57",
    "calendarYear": "2010",
    "period": "Q2",
    "revenue": 338106000,
    "costOfRevenue": 69027000,
    "grossProfit": 269079000,
    "grossProfitRatio": 0.7958421323,
    "researchAndDevelopmentExpenses": 113050000,
    "generalAndAdministrativeExpenses": 28713000,
    "sellingAndMarketingExpenses": 79363000,
    "sellingGeneralAndAdministrativeExpenses": 108076000,
    "otherExpenses": 2985000,
    "operatingExpenses": 224111000,
    "costAndExpenses": 293138000,
    "interestIncome": 1502000,
    "interestExpense": 0,
    "depreciationAndAmortization": 24567000,
    "ebitda": 44968000,
    "ebitdaratio": 0.1329997102,
    "operatingIncome": 44968000,
    "operatingIncomeRatio": 0.1329997102,
    "totalOtherIncomeExpensesNet": 8905000,
    "incomeBeforeTax": 53873000,
    "incomeBeforeTaxRatio": 0.1593376042,
    "incomeTaxExpense": 14324000,
    "netIncome": 39549000,
    "netIncomeRatio": 0.1169721922,
    "eps": 0.27,
    "epsdiluted": 0.26,
    "weightedAverageShsOut": 148890000,
    "weightedAverageShsOutDil": 152482000,
    "link": "https://www.sec.gov/Archives/edgar/data/883241/000119312510133054/0001193125-10-133054-index.htm",
    "finalLink": "https://www.sec.gov/Archives/edgar/data/883241/000119312510133054/d10q.htm"
  },
  {
    "date": "2010-01-31",
    "symbol": "SNPS",
    "reportedCurrency": "USD",
    "cik": "0000883241",
    "fillingDate": "2010-03-09",
    "acceptedDate": "2010-03-09 16:51:01",
    "calendarYear": "2010",
    "period": "Q1",
    "revenue": 330167000,
    "costOfRevenue": 65581000,
    "grossProfit": 264586000,
    "grossProfitRatio": 0.8013702157,
    "researchAndDevelopmentExpenses": 101232000,
    "generalAndAdministrativeExpenses": 25853000,
    "sellingAndMarketingExpenses": 79616000,
    "sellingGeneralAndAdministrativeExpenses": 105469000,
    "otherExpenses": 2793000,
    "operatingExpenses": 209494000,
    "costAndExpenses": 275075000,
    "interestIncome": 1728000,
    "interestExpense": 0,
    "depreciationAndAmortization": 25652000,
    "ebitda": 55092000,
    "ebitdaratio": 0.1668610128,
    "operatingIncome": 55092000,
    "operatingIncomeRatio": 0.1668610128,
    "totalOtherIncomeExpensesNet": 2250000,
    "incomeBeforeTax": 57342000,
    "incomeBeforeTaxRatio": 0.1736757459,
    "incomeTaxExpense": -75444000,
    "netIncome": 132786000,
    "netIncomeRatio": 0.4021782916,
    "eps": 0.9,
    "epsdiluted": 0.88,
    "weightedAverageShsOut": 146830000,
    "weightedAverageShsOutDil": 150788000,
    "link": "https://www.sec.gov/Archives/edgar/data/883241/000119312510051446/0001193125-10-051446-index.htm",
    "finalLink": "https://www.sec.gov/Archives/edgar/data/883241/000119312510051446/d10q.htm"
  },
  {
    "date": "2009-10-31",
    "symbol": "SNPS",
    "reportedCurrency": "USD",
    "cik": "0000883241",
    "fillingDate": "2009-12-18",
    "acceptedDate": "2009-12-18 06:12:12",
    "calendarYear": "2009",
    "period": "Q4",
    "revenue": 338278000,
    "costOfRevenue": 73172000,
    "grossProfit": 265106000,
    "grossProfitRatio": 0.7836927025,
    "researchAndDevelopmentExpenses": 115316000,
    "generalAndAdministrativeExpenses": 35492000,
    "sellingAndMarketingExpenses": 86247000,
    "sellingGeneralAndAdministrativeExpenses": 121739000,
    "otherExpenses": 2504000,
    "operatingExpenses": 240184000,
    "costAndExpenses": 313356000,
    "interestIncome": 0,
    "interestExpense": 0,
    "depreciationAndAmortization": 26872000,
    "ebitda": 51794000,
    "ebitdaratio": 0.1531107551,
    "operatingIncome": 24922000,
    "operatingIncomeRatio": 0.0736731327,
    "totalOtherIncomeExpensesNet": 6891000,
    "incomeBeforeTax": 31813000,
    "incomeBeforeTaxRatio": 0.094043952,
    "incomeTaxExpense": 12285000,
    "netIncome": 19528000,
    "netIncomeRatio": 0.0577276678,
    "eps": 0.33,
    "epsdiluted": 0.32,
    "weightedAverageShsOut": 144138000,
    "weightedAverageShsOutDil": 146063000,
    "link": "https://www.sec.gov/Archives/edgar/data/883241/000119312509255277/0001193125-09-255277-index.htm",
    "finalLink": "https://www.sec.gov/Archives/edgar/data/883241/000119312509255277/d10k.htm"
  },
  {
    "date": "2009-07-31",
    "symbol": "SNPS",
    "reportedCurrency": "USD",
    "cik": "0000883241",
    "fillingDate": "2009-09-09",
    "acceptedDate": "2009-09-09 17:10:50",
    "calendarYear": "2009",
    "period": "Q3",
    "revenue": 345177000,
    "costOfRevenue": 70035000,
    "grossProfit": 275142000,
    "grossProfitRatio": 0.7971040944,
    "researchAndDevelopmentExpenses": 104989000,
    "generalAndAdministrativeExpenses": 27735000,
    "sellingAndMarketingExpenses": 77973000,
    "sellingGeneralAndAdministrativeExpenses": 105708000,
    "otherExpenses": 0,
    "operatingExpenses": 213653000,
    "costAndExpenses": 283688000,
    "interestIncome": 2364000,
    "interestExpense": 0,
    "depreciationAndAmortization": 2956000,
    "ebitda": 61089000,
    "ebitdaratio": 0.1769787674,
    "operatingIncome": 61089000,
    "operatingIncomeRatio": 0.1769787674,
    "totalOtherIncomeExpensesNet": 5384000,
    "incomeBeforeTax": 66473000,
    "incomeBeforeTaxRatio": 0.1925765622,
    "incomeTaxExpense": 19037000,
    "netIncome": 47436000,
    "netIncomeRatio": 0.1374251471,
    "eps": 0.33,
    "epsdiluted": 0.32,
    "weightedAverageShsOut": 144138000,
    "weightedAverageShsOutDil": 146063000,
    "link": "https://www.sec.gov/Archives/edgar/data/883241/000110465909053842/0001104659-09-053842-index.htm",
    "finalLink": "https://www.sec.gov/Archives/edgar/data/883241/000110465909053842/a09-25779_110q.htm"
  },
  {
    "date": "2009-04-30",
    "symbol": "SNPS",
    "reportedCurrency": "USD",
    "cik": "0000883241",
    "fillingDate": "2009-06-10",
    "acceptedDate": "2009-06-09 21:30:40",
    "calendarYear": "2009",
    "period": "Q2",
    "revenue": 336835000,
    "costOfRevenue": 65019000,
    "grossProfit": 271816000,
    "grossProfitRatio": 0.806970772,
    "researchAndDevelopmentExpenses": 102996000,
    "generalAndAdministrativeExpenses": 28691000,
    "sellingAndMarketingExpenses": 82520000,
    "sellingGeneralAndAdministrativeExpenses": 111211000,
    "otherExpenses": 2941000,
    "operatingExpenses": 217148000,
    "costAndExpenses": 282167000,
    "interestIncome": 2782000,
    "interestExpense": 0,
    "depreciationAndAmortization": 24310000,
    "ebitda": 54668000,
    "ebitdaratio": 0.1622990485,
    "operatingIncome": 54668000,
    "operatingIncomeRatio": 0.1622990485,
    "totalOtherIncomeExpensesNet": 10445000,
    "incomeBeforeTax": 65113000,
    "incomeBeforeTaxRatio": 0.1933082963,
    "incomeTaxExpense": 16825000,
    "netIncome": 48288000,
    "netIncomeRatio": 0.143358024,
    "eps": 0.34,
    "epsdiluted": 0.33,
    "weightedAverageShsOut": 143275000,
    "weightedAverageShsOutDil": 145421000,
    "link": "https://www.sec.gov/Archives/edgar/data/883241/000110465909037483/0001104659-09-037483-index.htm",
    "finalLink": "https://www.sec.gov/Archives/edgar/data/883241/000110465909037483/a09-14926_110q.htm"
  },
  {
    "date": "2009-01-31",
    "symbol": "SNPS",
    "reportedCurrency": "USD",
    "cik": "0000883241",
    "fillingDate": "2009-03-09",
    "acceptedDate": "2009-03-09 17:11:13",
    "calendarYear": "2009",
    "period": "Q1",
    "revenue": 339755000,
    "costOfRevenue": 65424000,
    "grossProfit": 274331000,
    "grossProfitRatio": 0.8074377125,
    "researchAndDevelopmentExpenses": 98407000,
    "generalAndAdministrativeExpenses": 27182000,
    "sellingAndMarketingExpenses": 77384000,
    "sellingGeneralAndAdministrativeExpenses": 104566000,
    "otherExpenses": 4386000,
    "operatingExpenses": 206759000,
    "costAndExpenses": 272183000,
    "interestIncome": 3643000,
    "interestExpense": 0,
    "depreciationAndAmortization": 25418000,
    "ebitda": 67572000,
    "ebitdaratio": 0.1988844903,
    "operatingIncome": 67572000,
    "operatingIncomeRatio": 0.1988844903,
    "totalOtherIncomeExpensesNet": 2099000,
    "incomeBeforeTax": 69671000,
    "incomeBeforeTaxRatio": 0.2050624715,
    "incomeTaxExpense": 17242000,
    "netIncome": 52429000,
    "netIncomeRatio": 0.1543141381,
    "eps": 0.37,
    "epsdiluted": 0.37,
    "weightedAverageShsOut": 141865000,
    "weightedAverageShsOutDil": 142612000,
    "link": "https://www.sec.gov/Archives/edgar/data/883241/000110465909015587/0001104659-09-015587-index.htm",
    "finalLink": "https://www.sec.gov/Archives/edgar/data/883241/000110465909015587/a09-7033_110q.htm"
  },
  {
    "date": "2008-10-31",
    "symbol": "SNPS",
    "reportedCurrency": "USD",
    "cik": "0000883241",
    "fillingDate": "2008-12-22",
    "acceptedDate": "2008-12-19 21:55:36",
    "calendarYear": "2008",
    "period": "Q4",
    "revenue": 352805000,
    "costOfRevenue": 66868000,
    "grossProfit": 285937000,
    "grossProfitRatio": 0.8104675387,
    "researchAndDevelopmentExpenses": 102564000,
    "generalAndAdministrativeExpenses": 216905000,
    "sellingAndMarketingExpenses": 0,
    "sellingGeneralAndAdministrativeExpenses": 117874000,
    "otherExpenses": -7183000,
    "operatingExpenses": 220633000,
    "costAndExpenses": 287501000,
    "interestIncome": 0,
    "interestExpense": 10103000,
    "depreciationAndAmortization": 23608000,
    "ebitda": 88912000,
    "ebitdaratio": 0.252014569,
    "operatingIncome": 65304000,
    "operatingIncomeRatio": 0.1850994175,
    "totalOtherIncomeExpensesNet": -9584000,
    "incomeBeforeTax": 55720000,
    "incomeBeforeTaxRatio": 0.1579342696,
    "incomeTaxExpense": 9323000,
    "netIncome": 46397000,
    "netIncomeRatio": 0.1315089072,
    "eps": 0.41,
    "epsdiluted": 0.39,
    "weightedAverageShsOut": 142536000,
    "weightedAverageShsOutDil": 147486000,
    "link": "https://www.sec.gov/Archives/edgar/data/883241/000104746908013321/0001047469-08-013321-index.htm",
    "finalLink": "https://www.sec.gov/Archives/edgar/data/883241/000104746908013321/a2189740z10-k.htm"
  },
  {
    "date": "2008-07-31",
    "symbol": "SNPS",
    "reportedCurrency": "USD",
    "cik": "0000883241",
    "fillingDate": "2008-09-09",
    "acceptedDate": "2008-09-09 17:00:19",
    "calendarYear": "2008",
    "period": "Q3",
    "revenue": 344128000,
    "costOfRevenue": 67026000,
    "grossProfit": 277102000,
    "grossProfitRatio": 0.8052294495,
    "researchAndDevelopmentExpenses": 104394000,
    "generalAndAdministrativeExpenses": 26512000,
    "sellingAndMarketingExpenses": 86816000,
    "sellingGeneralAndAdministrativeExpenses": 113328000,
    "otherExpenses": 4548000,
    "operatingExpenses": 222270000,
    "costAndExpenses": 289296000,
    "interestIncome": 4021000,
    "interestExpense": 0,
    "depreciationAndAmortization": 23291000,
    "ebitda": 50032000,
    "ebitdaratio": 0.1453877627,
    "operatingIncome": 50032000,
    "operatingIncomeRatio": 0.1453877627,
    "totalOtherIncomeExpensesNet": 2947000,
    "incomeBeforeTax": 52979000,
    "incomeBeforeTaxRatio": 0.1539514367,
    "incomeTaxExpense": -4770000,
    "netIncome": 57749000,
    "netIncomeRatio": 0.1678125581,
    "eps": 0.41,
    "epsdiluted": 0.39,
    "weightedAverageShsOut": 142536000,
    "weightedAverageShsOutDil": 147486000,
    "link": "https://www.sec.gov/Archives/edgar/data/883241/000110465908057756/0001104659-08-057756-index.htm",
    "finalLink": "https://www.sec.gov/Archives/edgar/data/883241/000110465908057756/a08-23086_110q.htm"
  },
  {
    "date": "2008-04-30",
    "symbol": "SNPS",
    "reportedCurrency": "USD",
    "cik": "0000883241",
    "fillingDate": "2008-06-10",
    "acceptedDate": "2008-06-10 17:05:38",
    "calendarYear": "2008",
    "period": "Q2",
    "revenue": 324553000,
    "costOfRevenue": 63692000,
    "grossProfit": 260861000,
    "grossProfitRatio": 0.8037547026,
    "researchAndDevelopmentExpenses": 95275000,
    "generalAndAdministrativeExpenses": 26171000,
    "sellingAndMarketingExpenses": 82887000,
    "sellingGeneralAndAdministrativeExpenses": 109058000,
    "otherExpenses": 6591000,
    "operatingExpenses": 210924000,
    "costAndExpenses": 274616000,
    "interestIncome": 5268000,
    "interestExpense": 0,
    "depreciationAndAmortization": 24911000,
    "ebitda": 49937000,
    "ebitdaratio": 0.1538639298,
    "operatingIncome": 49937000,
    "operatingIncomeRatio": 0.1538639298,
    "totalOtherIncomeExpensesNet": 151000,
    "incomeBeforeTax": 50088000,
    "incomeBeforeTaxRatio": 0.1543291851,
    "incomeTaxExpense": 10701000,
    "netIncome": 39387000,
    "netIncomeRatio": 0.1213576827,
    "eps": 0.28,
    "epsdiluted": 0.27,
    "weightedAverageShsOut": 141844000,
    "weightedAverageShsOutDil": 145271000,
    "link": "https://www.sec.gov/Archives/edgar/data/883241/000110465908039072/0001104659-08-039072-index.htm",
    "finalLink": "https://www.sec.gov/Archives/edgar/data/883241/000110465908039072/a08-16249_110q.htm"
  },
  {
    "date": "2008-01-31",
    "symbol": "SNPS",
    "reportedCurrency": "USD",
    "cik": "0000883241",
    "fillingDate": "2008-03-12",
    "acceptedDate": "2008-03-11 21:00:46",
    "calendarYear": "2008",
    "period": "Q1",
    "revenue": 315465000,
    "costOfRevenue": 61310000,
    "grossProfit": 254155000,
    "grossProfitRatio": 0.8056519741,
    "researchAndDevelopmentExpenses": 92514000,
    "generalAndAdministrativeExpenses": 23841000,
    "sellingAndMarketingExpenses": 77370000,
    "sellingGeneralAndAdministrativeExpenses": 101211000,
    "otherExpenses": 6591000,
    "operatingExpenses": 200316000,
    "costAndExpenses": 261626000,
    "interestIncome": 7016000,
    "interestExpense": 0,
    "depreciationAndAmortization": 25333000,
    "ebitda": 53839000,
    "ebitdaratio": 0.1706655255,
    "operatingIncome": 53839000,
    "operatingIncomeRatio": 0.1706655255,
    "totalOtherIncomeExpensesNet": 6330000,
    "incomeBeforeTax": 60169000,
    "incomeBeforeTaxRatio": 0.1907311429,
    "incomeTaxExpense": 13724000,
    "netIncome": 46445000,
    "netIncomeRatio": 0.1472271092,
    "eps": 0.32,
    "epsdiluted": 0.31,
    "weightedAverageShsOut": 146001000,
    "weightedAverageShsOutDil": 150683000,
    "link": "https://www.sec.gov/Archives/edgar/data/883241/000110465908016911/0001104659-08-016911-index.htm",
    "finalLink": "https://www.sec.gov/Archives/edgar/data/883241/000110465908016911/a08-7348_110q.htm"
  },
  {
    "date": "2007-10-31",
    "symbol": "SNPS",
    "reportedCurrency": "USD",
    "cik": "0000883241",
    "fillingDate": "2007-12-21",
    "acceptedDate": "2007-12-21 17:21:15",
    "calendarYear": "2007",
    "period": "Q4",
    "revenue": 315233000,
    "costOfRevenue": 62082000,
    "grossProfit": 253151000,
    "grossProfitRatio": 0.8030599588,
    "researchAndDevelopmentExpenses": 97016000,
    "generalAndAdministrativeExpenses": 232242000,
    "sellingAndMarketingExpenses": 0,
    "sellingGeneralAndAdministrativeExpenses": 117153000,
    "otherExpenses": 2259000,
    "operatingExpenses": 214175000,
    "costAndExpenses": 276257000,
    "interestIncome": 0,
    "interestExpense": 63513000,
    "depreciationAndAmortization": 27523000,
    "ebitda": 66499000,
    "ebitdaratio": 0.2109518991,
    "operatingIncome": 37876000,
    "operatingIncomeRatio": 0.1201523952,
    "totalOtherIncomeExpensesNet": -30584000,
    "incomeBeforeTax": 47200000,
    "incomeBeforeTaxRatio": 0.1497305168,
    "incomeTaxExpense": 6186000,
    "netIncome": 41014000,
    "netIncomeRatio": 0.1301069368,
    "eps": 0.17,
    "epsdiluted": 0.17,
    "weightedAverageShsOut": 143820000,
    "weightedAverageShsOutDil": 149709000,
    "link": "https://www.sec.gov/Archives/edgar/data/883241/000104746907010271/0001047469-07-010271-index.htm",
    "finalLink": "https://www.sec.gov/Archives/edgar/data/883241/000104746907010271/a2181791z10-k.htm"
  },
  {
    "date": "2007-07-31",
    "symbol": "SNPS",
    "reportedCurrency": "USD",
    "cik": "0000883241",
    "fillingDate": "2007-09-13",
    "acceptedDate": "2007-09-13 13:51:05",
    "calendarYear": "2007",
    "period": "Q3",
    "revenue": 304098000,
    "costOfRevenue": 58391000,
    "grossProfit": 245707000,
    "grossProfitRatio": 0.8079862413,
    "researchAndDevelopmentExpenses": 94365000,
    "generalAndAdministrativeExpenses": 24177000,
    "sellingAndMarketingExpenses": 95417000,
    "sellingGeneralAndAdministrativeExpenses": 119594000,
    "otherExpenses": 0,
    "operatingExpenses": 220609000,
    "costAndExpenses": 279000000,
    "interestIncome": 0,
    "interestExpense": 0,
    "depreciationAndAmortization": 25168000,
    "ebitda": 50266000,
    "ebitdaratio": 0.1652953982,
    "operatingIncome": 22998000,
    "operatingIncomeRatio": 0.0756269361,
    "totalOtherIncomeExpensesNet": 10829000,
    "incomeBeforeTax": 33827000,
    "incomeBeforeTaxRatio": 0.111237167,
    "incomeTaxExpense": 8972000,
    "netIncome": 24855000,
    "netIncomeRatio": 0.0817335201,
    "eps": 0.17,
    "epsdiluted": 0.17,
    "weightedAverageShsOut": 143820000,
    "weightedAverageShsOutDil": 149709000,
    "link": "https://www.sec.gov/Archives/edgar/data/883241/000110465907068817/0001104659-07-068817-index.htm",
    "finalLink": "https://www.sec.gov/Archives/edgar/data/883241/000110465907068817/a07-23265_110q.htm"
  },
  {
    "date": "2007-04-30",
    "symbol": "SNPS",
    "reportedCurrency": "USD",
    "cik": "0000883241",
    "fillingDate": "2007-06-06",
    "acceptedDate": "2007-06-06 06:03:39",
    "calendarYear": "2007",
    "period": "Q2",
    "revenue": 292928000,
    "costOfRevenue": 55417000,
    "grossProfit": 237511000,
    "grossProfitRatio": 0.8108169926,
    "researchAndDevelopmentExpenses": 91956000,
    "generalAndAdministrativeExpenses": 22551000,
    "sellingAndMarketingExpenses": 79012000,
    "sellingGeneralAndAdministrativeExpenses": 101563000,
    "otherExpenses": 6644000,
    "operatingExpenses": 200163000,
    "costAndExpenses": 255580000,
    "interestIncome": 0,
    "interestExpense": 0,
    "depreciationAndAmortization": 25497000,
    "ebitda": 37348000,
    "ebitdaratio": 0.1274989076,
    "operatingIncome": 37348000,
    "operatingIncomeRatio": 0.1274989076,
    "totalOtherIncomeExpensesNet": 19668000,
    "incomeBeforeTax": 57016000,
    "incomeBeforeTaxRatio": 0.1946416867,
    "incomeTaxExpense": 15751000,
    "netIncome": 41265000,
    "netIncomeRatio": 0.1408707942,
    "eps": 0.29,
    "epsdiluted": 0.28,
    "weightedAverageShsOut": 144370000,
    "weightedAverageShsOutDil": 149783000,
    "link": "https://www.sec.gov/Archives/edgar/data/883241/000110465907045552/0001104659-07-045552-index.htm",
    "finalLink": "https://www.sec.gov/Archives/edgar/data/883241/000110465907045552/a07-15923_110q.htm"
  },
  {
    "date": "2007-01-31",
    "symbol": "SNPS",
    "reportedCurrency": "USD",
    "cik": "0000883241",
    "fillingDate": "2007-03-09",
    "acceptedDate": "2007-03-08 20:27:35",
    "calendarYear": "2007",
    "period": "Q1",
    "revenue": 300210000,
    "costOfRevenue": 58375000,
    "grossProfit": 241835000,
    "grossProfitRatio": 0.8055527797,
    "researchAndDevelopmentExpenses": 95884000,
    "generalAndAdministrativeExpenses": 29677000,
    "sellingAndMarketingExpenses": 89808000,
    "sellingGeneralAndAdministrativeExpenses": 119485000,
    "otherExpenses": 6644000,
    "operatingExpenses": 222013000,
    "costAndExpenses": 280388000,
    "interestIncome": 0,
    "interestExpense": 0,
    "depreciationAndAmortization": 27179000,
    "ebitda": 19822000,
    "ebitdaratio": 0.0660271144,
    "operatingIncome": 19822000,
    "operatingIncomeRatio": 0.0660271144,
    "totalOtherIncomeExpensesNet": 7934000,
    "incomeBeforeTax": 27756000,
    "incomeBeforeTaxRatio": 0.0924552813,
    "incomeTaxExpense": 4399000,
    "netIncome": 23357000,
    "netIncomeRatio": 0.0778022051,
    "eps": 0.16,
    "epsdiluted": 0.16,
    "weightedAverageShsOut": 142772000,
    "weightedAverageShsOutDil": 148113000,
    "link": "https://www.sec.gov/Archives/edgar/data/883241/000110465907017512/0001104659-07-017512-index.htm",
    "finalLink": "https://www.sec.gov/Archives/edgar/data/883241/000110465907017512/a07-7552_110q.htm"
  },
  {
    "date": "2006-10-31",
    "symbol": "SNPS",
    "reportedCurrency": "USD",
    "cik": "0000883241",
    "fillingDate": "2007-01-11",
    "acceptedDate": "2007-01-11 06:01:29",
    "calendarYear": "2006",
    "period": "Q4",
    "revenue": 283384000,
    "costOfRevenue": 56812000,
    "grossProfit": 226572000,
    "grossProfitRatio": 0.7995229088,
    "researchAndDevelopmentExpenses": 95518000,
    "generalAndAdministrativeExpenses": 219265000,
    "sellingAndMarketingExpenses": 0,
    "sellingGeneralAndAdministrativeExpenses": 114992000,
    "otherExpenses": -9481000,
    "operatingExpenses": 215138000,
    "costAndExpenses": 271950000,
    "interestIncome": 0,
    "interestExpense": 0,
    "depreciationAndAmortization": 28944000,
    "ebitda": 40378000,
    "ebitdaratio": 0.1424851085,
    "operatingIncome": 11434000,
    "operatingIncomeRatio": 0.0403480789,
    "totalOtherIncomeExpensesNet": 4542000,
    "incomeBeforeTax": 15976000,
    "incomeBeforeTaxRatio": 0.056375801,
    "incomeTaxExpense": 5856000,
    "netIncome": 10120000,
    "netIncomeRatio": 0.035711261,
    "eps": 0.053,
    "epsdiluted": 0.0524,
    "weightedAverageShsOut": 142538000,
    "weightedAverageShsOutDil": 143964000,
    "link": "https://www.sec.gov/Archives/edgar/data/883241/000110465907001964/0001104659-07-001964-index.htm",
    "finalLink": "https://www.sec.gov/Archives/edgar/data/883241/000110465907001964/a07-1403_110k.htm"
  },
  {
    "date": "2006-07-31",
    "symbol": "SNPS",
    "reportedCurrency": "USD",
    "cik": "0000883241",
    "fillingDate": "2006-09-06",
    "acceptedDate": "2006-09-06 16:19:48",
    "calendarYear": "2006",
    "period": "Q3",
    "revenue": 277208000,
    "costOfRevenue": 55445000,
    "grossProfit": 221763000,
    "grossProfitRatio": 0.7999877348,
    "researchAndDevelopmentExpenses": 93972000,
    "generalAndAdministrativeExpenses": 26692000,
    "sellingAndMarketingExpenses": 81171000,
    "sellingGeneralAndAdministrativeExpenses": 107863000,
    "otherExpenses": 6775000,
    "operatingExpenses": 208610000,
    "costAndExpenses": 264055000,
    "interestIncome": 0,
    "interestExpense": 0,
    "depreciationAndAmortization": 27572000,
    "ebitda": 13153000,
    "ebitdaratio": 0.0474481256,
    "operatingIncome": 13153000,
    "operatingIncomeRatio": 0.0474481256,
    "totalOtherIncomeExpensesNet": 2421000,
    "incomeBeforeTax": 15574000,
    "incomeBeforeTaxRatio": 0.0561816398,
    "incomeTaxExpense": 8024000,
    "netIncome": 7550000,
    "netIncomeRatio": 0.0272358662,
    "eps": 0.05,
    "epsdiluted": 0.05,
    "weightedAverageShsOut": 142538000,
    "weightedAverageShsOutDil": 143964000,
    "link": "https://www.sec.gov/Archives/edgar/data/883241/000110465906059654/0001104659-06-059654-index.htm",
    "finalLink": "https://www.sec.gov/Archives/edgar/data/883241/000110465906059654/a06-19129_110q.htm"
  },
  {
    "date": "2006-04-30",
    "symbol": "SNPS",
    "reportedCurrency": "USD",
    "cik": "0000883241",
    "fillingDate": "2006-06-08",
    "acceptedDate": "2006-06-08 14:17:13",
    "calendarYear": "2006",
    "period": "Q2",
    "revenue": 274779000,
    "costOfRevenue": 55855000,
    "grossProfit": 218924000,
    "grossProfitRatio": 0.796727552,
    "researchAndDevelopmentExpenses": 91296000,
    "generalAndAdministrativeExpenses": 26661000,
    "sellingAndMarketingExpenses": 85725000,
    "sellingGeneralAndAdministrativeExpenses": 112386000,
    "otherExpenses": 7131000,
    "operatingExpenses": 210813000,
    "costAndExpenses": 266668000,
    "interestIncome": 0,
    "interestExpense": 0,
    "depreciationAndAmortization": 28245000,
    "ebitda": 8111000,
    "ebitdaratio": 0.0295182674,
    "operatingIncome": 8111000,
    "operatingIncomeRatio": 0.0295182674,
    "totalOtherIncomeExpensesNet": 1032000,
    "incomeBeforeTax": 9143000,
    "incomeBeforeTaxRatio": 0.0332740129,
    "incomeTaxExpense": 3768000,
    "netIncome": 5375000,
    "netIncomeRatio": 0.0195611746,
    "eps": 0.04,
    "epsdiluted": 0.04,
    "weightedAverageShsOut": 143352000,
    "weightedAverageShsOutDil": 146010000,
    "link": "https://www.sec.gov/Archives/edgar/data/883241/000110465906040534/0001104659-06-040534-index.htm",
    "finalLink": "https://www.sec.gov/Archives/edgar/data/883241/000110465906040534/a06-13289_110q.htm"
  },
  {
    "date": "2006-01-31",
    "symbol": "SNPS",
    "reportedCurrency": "USD",
    "cik": "0000883241",
    "fillingDate": "2006-03-09",
    "acceptedDate": "2006-03-08 20:42:18",
    "calendarYear": "2006",
    "period": "Q1",
    "revenue": 260189000,
    "costOfRevenue": 46562000,
    "grossProfit": 213627000,
    "grossProfitRatio": 0.8210454708,
    "researchAndDevelopmentExpenses": 87604000,
    "generalAndAdministrativeExpenses": 30804000,
    "sellingAndMarketingExpenses": 77189000,
    "sellingGeneralAndAdministrativeExpenses": 107993000,
    "otherExpenses": -16295000,
    "operatingExpenses": 202937000,
    "costAndExpenses": 249499000,
    "interestIncome": 0,
    "interestExpense": 0,
    "depreciationAndAmortization": 29729000,
    "ebitda": 30091000,
    "ebitdaratio": 0.1156505463,
    "operatingIncome": 1231000,
    "operatingIncomeRatio": 0.0047311762,
    "totalOtherIncomeExpensesNet": 1795000,
    "incomeBeforeTax": 3026000,
    "incomeBeforeTaxRatio": 0.0116300074,
    "incomeTaxExpense": 1329000,
    "netIncome": 1697000,
    "netIncomeRatio": 0.006522182,
    "eps": 0.01,
    "epsdiluted": 0.01,
    "weightedAverageShsOut": 144989000,
    "weightedAverageShsOutDil": 146969000,
    "link": "https://www.sec.gov/Archives/edgar/data/883241/000110465906015107/0001104659-06-015107-index.htm",
    "finalLink": "https://www.sec.gov/Archives/edgar/data/883241/000110465906015107/a06-6425_110q.htm"
  },
  {
    "date": "2005-10-31",
    "symbol": "SNPS",
    "reportedCurrency": "USD",
    "cik": "0000883241",
    "fillingDate": "2006-01-12",
    "acceptedDate": "2006-01-12 15:29:57",
    "calendarYear": "2005",
    "period": "Q4",
    "revenue": 254838000,
    "costOfRevenue": 46021000,
    "grossProfit": 208817000,
    "grossProfitRatio": 0.8194107629,
    "researchAndDevelopmentExpenses": 82102000,
    "generalAndAdministrativeExpenses": 223451000,
    "sellingAndMarketingExpenses": 0,
    "sellingGeneralAndAdministrativeExpenses": 111759000,
    "otherExpenses": 11337000,
    "operatingExpenses": 201506000,
    "costAndExpenses": 247527000,
    "interestIncome": 0,
    "interestExpense": 0,
    "depreciationAndAmortization": 35138000,
    "ebitda": 42449000,
    "ebitdaratio": 0.1665724892,
    "operatingIncome": -1992000,
    "operatingIncomeRatio": -0.0078167306,
    "totalOtherIncomeExpensesNet": 63645000,
    "incomeBeforeTax": 787000,
    "incomeBeforeTaxRatio": 0.0030882364,
    "incomeTaxExpense": 14262000,
    "netIncome": -13475000,
    "netIncomeRatio": -0.0528767295,
    "eps": -0.0937,
    "epsdiluted": -0.0925,
    "weightedAverageShsOut": 143830000,
    "weightedAverageShsOutDil": 145668000,
    "link": "https://www.sec.gov/Archives/edgar/data/883241/000110465906001880/0001104659-06-001880-index.htm",
    "finalLink": "https://www.sec.gov/Archives/edgar/data/883241/000110465906001880/a06-1373_210k.htm"
  },
  {
    "date": "2005-07-31",
    "symbol": "SNPS",
    "reportedCurrency": "USD",
    "cik": "0000883241",
    "fillingDate": "2005-09-06",
    "acceptedDate": "2005-09-02 21:50:34",
    "calendarYear": "2005",
    "period": "Q3",
    "revenue": 251450000,
    "costOfRevenue": 43080000,
    "grossProfit": 208370000,
    "grossProfitRatio": 0.8286736926,
    "researchAndDevelopmentExpenses": 81948000,
    "generalAndAdministrativeExpenses": 25122000,
    "sellingAndMarketingExpenses": 83160000,
    "sellingGeneralAndAdministrativeExpenses": 108282000,
    "otherExpenses": 8166000,
    "operatingExpenses": 198396000,
    "costAndExpenses": 241476000,
    "interestIncome": 0,
    "interestExpense": 0,
    "depreciationAndAmortization": 38807000,
    "ebitda": 32329000,
    "ebitdaratio": 0.1285702923,
    "operatingIncome": -6311000,
    "operatingIncomeRatio": -0.0250984291,
    "totalOtherIncomeExpensesNet": 35895000,
    "incomeBeforeTax": 29584000,
    "incomeBeforeTaxRatio": 0.1176536091,
    "incomeTaxExpense": 12290000,
    "netIncome": 17294000,
    "netIncomeRatio": 0.0687770929,
    "eps": 0.12,
    "epsdiluted": 0.12,
    "weightedAverageShsOut": 143830000,
    "weightedAverageShsOutDil": 145668000,
    "link": "https://www.sec.gov/Archives/edgar/data/883241/000110465905042780/0001104659-05-042780-index.htm",
    "finalLink": "https://www.sec.gov/Archives/edgar/data/883241/000110465905042780/a05-15702_110q.htm"
  },
  {
    "date": "2005-04-30",
    "symbol": "SNPS",
    "reportedCurrency": "USD",
    "cik": "0000883241",
    "fillingDate": "2005-06-02",
    "acceptedDate": "2005-06-02 15:31:23",
    "calendarYear": "2005",
    "period": "Q2",
    "revenue": 244339000,
    "costOfRevenue": 41624000,
    "grossProfit": 202715000,
    "grossProfitRatio": 0.8296465157,
    "researchAndDevelopmentExpenses": 80025000,
    "generalAndAdministrativeExpenses": 25311000,
    "sellingAndMarketingExpenses": 80779000,
    "sellingGeneralAndAdministrativeExpenses": 106090000,
    "otherExpenses": 36928000,
    "operatingExpenses": 194944000,
    "costAndExpenses": 236568000,
    "interestIncome": 0,
    "interestExpense": 0,
    "depreciationAndAmortization": 50630000,
    "ebitda": 57263000,
    "ebitdaratio": 0.2343588211,
    "operatingIncome": -20328000,
    "operatingIncomeRatio": -0.0831958877,
    "totalOtherIncomeExpensesNet": 1322000,
    "incomeBeforeTax": -19006000,
    "incomeBeforeTaxRatio": -0.077785372,
    "incomeTaxExpense": -14034000,
    "netIncome": -4972000,
    "netIncomeRatio": -0.0203487777,
    "eps": -0.0343,
    "epsdiluted": -0.0343,
    "weightedAverageShsOut": 144801000,
    "weightedAverageShsOutDil": 144801000,
    "link": "https://www.sec.gov/Archives/edgar/data/883241/000110465905026547/0001104659-05-026547-index.htm",
    "finalLink": "https://www.sec.gov/Archives/edgar/data/883241/000110465905026547/a05-10147_110q.htm"
  },
  {
    "date": "2005-01-31",
    "symbol": "SNPS",
    "reportedCurrency": "USD",
    "cik": "0000883241",
    "fillingDate": "2005-03-10",
    "acceptedDate": "2005-03-10 16:44:15",
    "calendarYear": "2005",
    "period": "Q1",
    "revenue": 241304000,
    "costOfRevenue": 41876000,
    "grossProfit": 199428000,
    "grossProfitRatio": 0.8264595697,
    "researchAndDevelopmentExpenses": 72917000,
    "generalAndAdministrativeExpenses": 24223000,
    "sellingAndMarketingExpenses": 83990000,
    "sellingGeneralAndAdministrativeExpenses": 108213000,
    "otherExpenses": 42651000,
    "operatingExpenses": 189982000,
    "costAndExpenses": 231858000,
    "interestIncome": 0,
    "interestExpense": 0,
    "depreciationAndAmortization": 50482000,
    "ebitda": 59928000,
    "ebitdaratio": 0.2483506283,
    "operatingIncome": -24353000,
    "operatingIncomeRatio": -0.1009224878,
    "totalOtherIncomeExpensesNet": 5199000,
    "incomeBeforeTax": -19154000,
    "incomeBeforeTaxRatio": -0.0793770514,
    "incomeTaxExpense": -4829000,
    "netIncome": -14325000,
    "netIncomeRatio": -0.0593649504,
    "eps": -0.0981,
    "epsdiluted": -0.0981,
    "weightedAverageShsOut": 146060000,
    "weightedAverageShsOutDil": 146060000,
    "link": "https://www.sec.gov/Archives/edgar/data/883241/000110465905010424/0001104659-05-010424-index.htm",
    "finalLink": "https://www.sec.gov/Archives/edgar/data/883241/000110465905010424/a05-4615_110q.htm"
  },
  {
    "date": "2004-10-31",
    "symbol": "SNPS",
    "reportedCurrency": "USD",
    "cik": "0000883241",
    "fillingDate": "2005-01-12",
    "acceptedDate": "2005-01-11 19:47:08",
    "calendarYear": "2004",
    "period": "Q4",
    "revenue": 230555000,
    "costOfRevenue": 40666000,
    "grossProfit": 189889000,
    "grossProfitRatio": 0.8236169244,
    "researchAndDevelopmentExpenses": 76337000,
    "generalAndAdministrativeExpenses": 317004000,
    "sellingAndMarketingExpenses": -204916000,
    "sellingGeneralAndAdministrativeExpenses": 112088000,
    "otherExpenses": 46986000,
    "operatingExpenses": 196906000,
    "costAndExpenses": 237572000,
    "interestIncome": 0,
    "interestExpense": 0,
    "depreciationAndAmortization": 48244000,
    "ebitda": 41227000,
    "ebitdaratio": 0.1788163345,
    "operatingIncome": -34710000,
    "operatingIncomeRatio": -0.1505497604,
    "totalOtherIncomeExpensesNet": 93353000,
    "incomeBeforeTax": -33567000,
    "incomeBeforeTaxRatio": -0.1455921581,
    "incomeTaxExpense": -5185000,
    "netIncome": -28382000,
    "netIncomeRatio": -0.1231029472,
    "eps": -0.18,
    "epsdiluted": -0.18,
    "weightedAverageShsOut": 155199000,
    "weightedAverageShsOutDil": 160346000,
    "link": "https://www.sec.gov/Archives/edgar/data/883241/000104746905000652/0001047469-05-000652-index.htm",
    "finalLink": "https://www.sec.gov/Archives/edgar/data/883241/000104746905000652/a2149671z10-k.htm"
  },
  {
    "date": "2004-07-31",
    "symbol": "SNPS",
    "reportedCurrency": "USD",
    "cik": "0000883241",
    "fillingDate": "2004-09-14",
    "acceptedDate": "2004-09-14 16:01:41",
    "calendarYear": "2004",
    "period": "Q3",
    "revenue": 281681000,
    "costOfRevenue": 38756000,
    "grossProfit": 242925000,
    "grossProfitRatio": 0.8624117353,
    "researchAndDevelopmentExpenses": 68471000,
    "generalAndAdministrativeExpenses": 28194000,
    "sellingAndMarketingExpenses": 70395000,
    "sellingGeneralAndAdministrativeExpenses": 98589000,
    "otherExpenses": 34092000,
    "operatingExpenses": 175590000,
    "costAndExpenses": 214346000,
    "interestIncome": 0,
    "interestExpense": 0,
    "depreciationAndAmortization": 48258000,
    "ebitda": 115593000,
    "ebitdaratio": 0.4103684665,
    "operatingIncome": 41773000,
    "operatingIncomeRatio": 0.1482989623,
    "totalOtherIncomeExpensesNet": 1277000,
    "incomeBeforeTax": 43050000,
    "incomeBeforeTaxRatio": 0.1528324594,
    "incomeTaxExpense": 1222000,
    "netIncome": 41828000,
    "netIncomeRatio": 0.1484942186,
    "eps": 0.27,
    "epsdiluted": 0.26,
    "weightedAverageShsOut": 155199000,
    "weightedAverageShsOutDil": 160346000,
    "link": "https://www.sec.gov/Archives/edgar/data/883241/000110465904027593/0001104659-04-027593-index.htm",
    "finalLink": "https://www.sec.gov/Archives/edgar/data/883241/000110465904027593/a04-10481_110q.htm"
  },
  {
    "date": "2004-04-30",
    "symbol": "SNPS",
    "reportedCurrency": "USD",
    "cik": "0000883241",
    "fillingDate": "2004-06-10",
    "acceptedDate": "2004-06-10 15:20:14",
    "calendarYear": "2004",
    "period": "Q2",
    "revenue": 294604000,
    "costOfRevenue": 39183000,
    "grossProfit": 255421000,
    "grossProfitRatio": 0.8669977325,
    "researchAndDevelopmentExpenses": 70136000,
    "generalAndAdministrativeExpenses": 38474000,
    "sellingAndMarketingExpenses": 74885000,
    "sellingGeneralAndAdministrativeExpenses": 113359000,
    "otherExpenses": 34351000,
    "operatingExpenses": 192131000,
    "costAndExpenses": 231314000,
    "interestIncome": 0,
    "interestExpense": 0,
    "depreciationAndAmortization": 48042000,
    "ebitda": 111332000,
    "ebitdaratio": 0.3779038981,
    "operatingIncome": 37575000,
    "operatingIncomeRatio": 0.1275440931,
    "totalOtherIncomeExpensesNet": 925000,
    "incomeBeforeTax": 38500000,
    "incomeBeforeTaxRatio": 0.1306839011,
    "incomeTaxExpense": 9761000,
    "netIncome": 28739000,
    "netIncomeRatio": 0.0975512892,
    "eps": 0.19,
    "epsdiluted": 0.18,
    "weightedAverageShsOut": 154806000,
    "weightedAverageShsOutDil": 161840000,
    "link": "https://www.sec.gov/Archives/edgar/data/883241/000110465904016631/0001104659-04-016631-index.htm",
    "finalLink": "https://www.sec.gov/Archives/edgar/data/883241/000110465904016631/a04-6701_110q.htm"
  },
  {
    "date": "2004-01-31",
    "symbol": "SNPS",
    "reportedCurrency": "USD",
    "cik": "0000883241",
    "fillingDate": "2004-03-16",
    "acceptedDate": "2004-03-15 20:32:37",
    "calendarYear": "2004",
    "period": "Q1",
    "revenue": 285264000,
    "costOfRevenue": 35882000,
    "grossProfit": 249382000,
    "grossProfitRatio": 0.8742147625,
    "researchAndDevelopmentExpenses": 70337000,
    "generalAndAdministrativeExpenses": 29137000,
    "sellingAndMarketingExpenses": 70746000,
    "sellingGeneralAndAdministrativeExpenses": 99883000,
    "otherExpenses": 34484000,
    "operatingExpenses": 179464000,
    "costAndExpenses": 215346000,
    "interestIncome": 0,
    "interestExpense": 0,
    "depreciationAndAmortization": 48230000,
    "ebitda": 118148000,
    "ebitdaratio": 0.4141707331,
    "operatingIncome": 44678000,
    "operatingIncomeRatio": 0.1566198329,
    "totalOtherIncomeExpensesNet": -1069000,
    "incomeBeforeTax": 43609000,
    "incomeBeforeTaxRatio": 0.1528724269,
    "incomeTaxExpense": 11457000,
    "netIncome": 32152000,
    "netIncomeRatio": 0.1127096304,
    "eps": 0.21,
    "epsdiluted": 0.19,
    "weightedAverageShsOut": 156316000,
    "weightedAverageShsOutDil": 165864000,
    "link": "https://www.sec.gov/Archives/edgar/data/883241/000119312504042533/0001193125-04-042533-index.htm",
    "finalLink": "https://www.sec.gov/Archives/edgar/data/883241/000119312504042533/d10q.htm"
  },
  {
    "date": "2003-10-31",
    "symbol": "SNPS",
    "reportedCurrency": "USD",
    "cik": "0000883241",
    "fillingDate": "2004-01-29",
    "acceptedDate": "2004-01-29 16:19:42",
    "calendarYear": "2003",
    "period": "Q4",
    "revenue": 316453000,
    "costOfRevenue": 39533000,
    "grossProfit": 276920000,
    "grossProfitRatio": 0.8750746556,
    "researchAndDevelopmentExpenses": 79283000,
    "generalAndAdministrativeExpenses": 70258000,
    "sellingAndMarketingExpenses": 0,
    "sellingGeneralAndAdministrativeExpenses": 103762000,
    "otherExpenses": 32836000,
    "operatingExpenses": 191984000,
    "costAndExpenses": 231517000,
    "interestIncome": 0,
    "interestExpense": 0,
    "depreciationAndAmortization": 46337000,
    "ebitda": 131273000,
    "ebitdaratio": 0.4148262143,
    "operatingIncome": 61039000,
    "operatingIncomeRatio": 0.1928848834,
    "totalOtherIncomeExpensesNet": 2052000,
    "incomeBeforeTax": 63091000,
    "incomeBeforeTaxRatio": 0.1993692586,
    "incomeTaxExpense": 18516000,
    "netIncome": 44575000,
    "netIncomeRatio": 0.1408582001,
    "eps": 0.32,
    "epsdiluted": 0.3,
    "weightedAverageShsOut": 153240000,
    "weightedAverageShsOutDil": 162696000,
    "link": "https://www.sec.gov/Archives/edgar/data/883241/000119312504011291/0001193125-04-011291-index.htm",
    "finalLink": "https://www.sec.gov/Archives/edgar/data/883241/000119312504011291/d10k.htm"
  },
  {
    "date": "2003-08-02",
    "symbol": "SNPS",
    "reportedCurrency": "USD",
    "cik": "0000883241",
    "fillingDate": "2003-09-15",
    "acceptedDate": "2003-09-15 16:36:08",
    "calendarYear": "2003",
    "period": "Q3",
    "revenue": 300366000,
    "costOfRevenue": 34302000,
    "grossProfit": 266064000,
    "grossProfitRatio": 0.8857993248,
    "researchAndDevelopmentExpenses": 70716000,
    "generalAndAdministrativeExpenses": 19763000,
    "sellingAndMarketingExpenses": 78189000,
    "sellingGeneralAndAdministrativeExpenses": 97952000,
    "otherExpenses": 34677000,
    "operatingExpenses": 177889000,
    "costAndExpenses": 212191000,
    "interestIncome": 0,
    "interestExpense": 0,
    "depreciationAndAmortization": 46899000,
    "ebitda": 135074000,
    "ebitdaratio": 0.4496980351,
    "operatingIncome": 62719000,
    "operatingIncomeRatio": 0.2088085869,
    "totalOtherIncomeExpensesNet": 5307000,
    "incomeBeforeTax": 68026000,
    "incomeBeforeTaxRatio": 0.2264770314,
    "incomeTaxExpense": 19551000,
    "netIncome": 48475000,
    "netIncomeRatio": 0.1613864419,
    "eps": 0.32,
    "epsdiluted": 0.3,
    "weightedAverageShsOut": 153240000,
    "weightedAverageShsOutDil": 162696000,
    "link": "https://www.sec.gov/Archives/edgar/data/883241/000116606303000018/0001166063-03-000018-index.htm",
    "finalLink": "https://www.sec.gov/Archives/edgar/data/883241/000116606303000018/snps_q30310q.htm"
  },
  {
    "date": "2003-05-03",
    "symbol": "SNPS",
    "reportedCurrency": "USD",
    "cik": "0000883241",
    "fillingDate": "2003-06-16",
    "acceptedDate": "2003-06-16 15:02:42",
    "calendarYear": "2003",
    "period": "Q2",
    "revenue": 292028000,
    "costOfRevenue": 59376000,
    "grossProfit": 232652000,
    "grossProfitRatio": 0.796677031,
    "researchAndDevelopmentExpenses": 68612000,
    "generalAndAdministrativeExpenses": 0,
    "sellingAndMarketingExpenses": 0,
    "sellingGeneralAndAdministrativeExpenses": 105210000,
    "otherExpenses": 27419000,
    "operatingExpenses": 182991000,
    "costAndExpenses": 242367000,
    "interestIncome": 0,
    "interestExpense": 0,
    "depreciationAndAmortization": 46972000,
    "ebitda": 96633000,
    "ebitdaratio": 0.3309032011,
    "operatingIncome": 31411000,
    "operatingIncomeRatio": 0.1075616037,
    "totalOtherIncomeExpensesNet": 7515000,
    "incomeBeforeTax": 38926000,
    "incomeBeforeTaxRatio": 0.1332954374,
    "incomeTaxExpense": 16637000,
    "netIncome": 22289000,
    "netIncomeRatio": 0.076324873,
    "eps": 0.15,
    "epsdiluted": 0.15,
    "weightedAverageShsOut": 148702000,
    "weightedAverageShsOutDil": 153034000,
    "link": "https://www.sec.gov/Archives/edgar/data/883241/000116606303000012/0001166063-03-000012-index.htm",
    "finalLink": "https://www.sec.gov/Archives/edgar/data/883241/000116606303000012/snps-q203_10q.txt"
  },
  {
    "date": "2003-03-01",
    "symbol": "SNPS",
    "reportedCurrency": "USD",
    "cik": "0000883241",
    "fillingDate": "2003-03-18",
    "acceptedDate": "2003-03-18 13:31:10",
    "calendarYear": "2003",
    "period": "Q1",
    "revenue": 268136000,
    "costOfRevenue": 38559000,
    "grossProfit": 229577000,
    "grossProfitRatio": 0.8561961094,
    "researchAndDevelopmentExpenses": 67269000,
    "generalAndAdministrativeExpenses": 0,
    "sellingAndMarketingExpenses": 0,
    "sellingGeneralAndAdministrativeExpenses": 93789000,
    "otherExpenses": 28783000,
    "operatingExpenses": 189841000,
    "costAndExpenses": 228400000,
    "interestIncome": 0,
    "interestExpense": 0,
    "depreciationAndAmortization": 43902000,
    "ebitda": 83638000,
    "ebitdaratio": 0.3119237999,
    "operatingIncome": 39736000,
    "operatingIncomeRatio": 0.1481934541,
    "totalOtherIncomeExpensesNet": 9210000,
    "incomeBeforeTax": 48946000,
    "incomeBeforeTaxRatio": 0.1825416953,
    "incomeTaxExpense": 14561000,
    "netIncome": 34385000,
    "netIncomeRatio": 0.1282371632,
    "eps": 0.23,
    "epsdiluted": 0.23,
    "weightedAverageShsOut": 148130000,
    "weightedAverageShsOutDil": 153278000,
    "link": "https://www.sec.gov/Archives/edgar/data/883241/000116606303000008/0001166063-03-000008-index.htm",
    "finalLink": "https://www.sec.gov/Archives/edgar/data/883241/000116606303000008/snpsq10310q.txt"
  },
  {
    "date": "2002-10-31",
    "symbol": "SNPS",
    "reportedCurrency": "USD",
    "cik": "0000883241",
    "fillingDate": "2003-01-29",
    "acceptedDate": "2003-01-29 14:51:10",
    "calendarYear": "2002",
    "period": "Q4",
    "revenue": 309256000,
    "costOfRevenue": 35321000,
    "grossProfit": 273935000,
    "grossProfitRatio": 0.8857871796,
    "researchAndDevelopmentExpenses": 68609000,
    "generalAndAdministrativeExpenses": 0,
    "sellingAndMarketingExpenses": 0,
    "sellingGeneralAndAdministrativeExpenses": 221523000,
    "otherExpenses": -105837000,
    "operatingExpenses": 184295000,
    "costAndExpenses": 219616000,
    "interestIncome": 0,
    "interestExpense": 0,
    "depreciationAndAmortization": 46265000,
    "ebitda": 135905000,
    "ebitdaratio": 0.4394579248,
    "operatingIncome": 63870000,
    "operatingIncomeRatio": 0.2065279251,
    "totalOtherIncomeExpensesNet": -242325000,
    "incomeBeforeTax": -178455000,
    "incomeBeforeTaxRatio": -0.5770462012,
    "incomeTaxExpense": -80619000,
    "netIncome": -97836000,
    "netIncomeRatio": -0.3163592622,
    "eps": -0.69,
    "epsdiluted": -0.69,
    "weightedAverageShsOut": 142314000,
    "weightedAverageShsOutDil": 142314000,
    "link": "https://www.sec.gov/Archives/edgar/data/883241/000116606303000002/0001166063-03-000002-index.htm",
    "finalLink": "https://www.sec.gov/Archives/edgar/data/883241/000116606303000002/snps-fy02_10k.txt"
  },
  {
    "date": "2002-07-31",
    "symbol": "SNPS",
    "reportedCurrency": "USD",
    "cik": "0000883241",
    "fillingDate": "2002-09-17",
    "acceptedDate": "2002-09-17 13:17:06",
    "calendarYear": "2002",
    "period": "Q3",
    "revenue": 236095000,
    "costOfRevenue": 34320000,
    "grossProfit": 201775000,
    "grossProfitRatio": 0.8546347868,
    "researchAndDevelopmentExpenses": 61581000,
    "generalAndAdministrativeExpenses": 0,
    "sellingAndMarketingExpenses": 0,
    "sellingGeneralAndAdministrativeExpenses": 91030000,
    "otherExpenses": 126086000,
    "operatingExpenses": 278697000,
    "costAndExpenses": 313017000,
    "interestIncome": 0,
    "interestExpense": 0,
    "depreciationAndAmortization": 35569000,
    "ebitda": -41353000,
    "ebitdaratio": -0.1751540693,
    "operatingIncome": -172788000,
    "operatingIncomeRatio": -0.7318579385,
    "totalOtherIncomeExpensesNet": 11408000,
    "incomeBeforeTax": -161380000,
    "incomeBeforeTaxRatio": -0.6835384062,
    "incomeTaxExpense": -23791000,
    "netIncome": -137589000,
    "netIncomeRatio": -0.5827696478,
    "eps": -0.97,
    "epsdiluted": -0.97,
    "weightedAverageShsOut": 142314000,
    "weightedAverageShsOutDil": 142314000,
    "link": "https://www.sec.gov/Archives/edgar/data/883241/000116606302000014/0001166063-02-000014-index.htm",
    "finalLink": "https://www.sec.gov/Archives/edgar/data/883241/000116606302000014/q302_10q.txt"
  },
  {
    "date": "2002-05-04",
    "symbol": "SNPS",
    "reportedCurrency": "USD",
    "cik": "0000883241",
    "fillingDate": "2002-06-17",
    "acceptedDate": "2002-06-17 13:29:11",
    "calendarYear": "2002",
    "period": "Q2",
    "revenue": 185638000,
    "costOfRevenue": 34392000,
    "grossProfit": 151246000,
    "grossProfitRatio": 0.814736207,
    "researchAndDevelopmentExpenses": 46649000,
    "generalAndAdministrativeExpenses": 0,
    "sellingAndMarketingExpenses": 0,
    "sellingGeneralAndAdministrativeExpenses": 80738000,
    "otherExpenses": 4356000,
    "operatingExpenses": 131743000,
    "costAndExpenses": 166135000,
    "interestIncome": 0,
    "interestExpense": 0,
    "depreciationAndAmortization": 17592000,
    "ebitda": 37095000,
    "ebitdaratio": 0.1998243894,
    "operatingIncome": 19503000,
    "operatingIncomeRatio": 0.105059309,
    "totalOtherIncomeExpensesNet": 11213000,
    "incomeBeforeTax": 30716000,
    "incomeBeforeTaxRatio": 0.1654618128,
    "incomeTaxExpense": 9336000,
    "netIncome": 21380000,
    "netIncomeRatio": 0.1151703854,
    "eps": 0.18,
    "epsdiluted": 0.17,
    "weightedAverageShsOut": 122464000,
    "weightedAverageShsOutDil": 129868000,
    "link": "https://www.sec.gov/Archives/edgar/data/883241/000116606302000010/0001166063-02-000010-index.htm",
    "finalLink": "https://www.sec.gov/Archives/edgar/data/883241/000116606302000010/q20210q.txt"
  },
  {
    "date": "2002-02-02",
    "symbol": "SNPS",
    "reportedCurrency": "USD",
    "cik": "0000883241",
    "fillingDate": "2002-03-18",
    "acceptedDate": "2002-03-18 00:00:00",
    "calendarYear": "2002",
    "period": "Q1",
    "revenue": 175545000,
    "costOfRevenue": 35190000,
    "grossProfit": 140355000,
    "grossProfitRatio": 0.7995385799,
    "researchAndDevelopmentExpenses": 48706000,
    "generalAndAdministrativeExpenses": 0,
    "sellingAndMarketingExpenses": 0,
    "sellingGeneralAndAdministrativeExpenses": 78507000,
    "otherExpenses": 4044000,
    "operatingExpenses": 131257000,
    "costAndExpenses": 166447000,
    "interestIncome": 0,
    "interestExpense": 0,
    "depreciationAndAmortization": 16674000,
    "ebitda": 25772000,
    "ebitdaratio": 0.1468113589,
    "operatingIncome": 9098000,
    "operatingIncomeRatio": 0.0518271668,
    "totalOtherIncomeExpensesNet": 11081000,
    "incomeBeforeTax": 20179000,
    "incomeBeforeTaxRatio": 0.1149505825,
    "incomeTaxExpense": 6127000,
    "netIncome": 14052000,
    "netIncomeRatio": 0.080047851,
    "eps": 0.12,
    "epsdiluted": 0.11,
    "weightedAverageShsOut": 120272000,
    "weightedAverageShsOutDil": 130022000,
    "link": "https://www.sec.gov/Archives/edgar/data/883241/000116606302000008/0001166063-02-000008-index.htm",
    "finalLink": "https://www.sec.gov/Archives/edgar/data/883241/000116606302000008/firstq10q_31502.txt"
  },
  {
    "date": "2001-10-31",
    "symbol": "SNPS",
    "reportedCurrency": "USD",
    "cik": "0000883241",
    "fillingDate": "2002-01-25",
    "acceptedDate": "2002-01-25 00:00:00",
    "calendarYear": "2001",
    "period": "Q4",
    "revenue": 183562000,
    "costOfRevenue": 34390000,
    "grossProfit": 149172000,
    "grossProfitRatio": 0.812651856,
    "researchAndDevelopmentExpenses": 46592000,
    "generalAndAdministrativeExpenses": 0,
    "sellingAndMarketingExpenses": 0,
    "sellingGeneralAndAdministrativeExpenses": 84968000,
    "otherExpenses": 4498000,
    "operatingExpenses": 136058000,
    "costAndExpenses": 170448000,
    "interestIncome": 0,
    "interestExpense": 0,
    "depreciationAndAmortization": 17013000,
    "ebitda": 30127000,
    "ebitdaratio": 0.164124383,
    "operatingIncome": 13114000,
    "operatingIncomeRatio": 0.0714418017,
    "totalOtherIncomeExpensesNet": 16883000,
    "incomeBeforeTax": 29997000,
    "incomeBeforeTaxRatio": 0.1634161755,
    "incomeTaxExpense": 9599000,
    "netIncome": 20398000,
    "netIncomeRatio": 0.1111232172,
    "eps": 0.12,
    "epsdiluted": 0.11,
    "weightedAverageShsOut": 120096000,
    "weightedAverageShsOutDil": 129774000,
    "link": "https://www.sec.gov/Archives/edgar/data/883241/000089161802000260/0000891618-02-000260-index.htm",
    "finalLink": "https://www.sec.gov/Archives/edgar/data/883241/000089161802000260/f78175e10-k.txt"
  },
  {
    "date": "2001-07-31",
    "symbol": "SNPS",
    "reportedCurrency": "USD",
    "cik": "0000883241",
    "fillingDate": "2001-09-18",
    "acceptedDate": "2001-09-18 00:00:00",
    "calendarYear": "2001",
    "period": "Q3",
    "revenue": 176110000,
    "costOfRevenue": 32720000,
    "grossProfit": 143390000,
    "grossProfitRatio": 0.8142070297,
    "researchAndDevelopmentExpenses": 49382000,
    "generalAndAdministrativeExpenses": 0,
    "sellingAndMarketingExpenses": 0,
    "sellingGeneralAndAdministrativeExpenses": 88094000,
    "otherExpenses": 4163000,
    "operatingExpenses": 141639000,
    "costAndExpenses": 174359000,
    "interestIncome": 0,
    "interestExpense": 0,
    "depreciationAndAmortization": 16158000,
    "ebitda": 17909000,
    "ebitdaratio": 0.1016921242,
    "operatingIncome": 1751000,
    "operatingIncomeRatio": 0.0099426495,
    "totalOtherIncomeExpensesNet": 19499000,
    "incomeBeforeTax": 21250000,
    "incomeBeforeTaxRatio": 0.1206632218,
    "incomeTaxExpense": 6800000,
    "netIncome": 14450000,
    "netIncomeRatio": 0.0820509909,
    "eps": 0.12,
    "epsdiluted": 0.11,
    "weightedAverageShsOut": 120096000,
    "weightedAverageShsOutDil": 129774000,
    "link": "https://www.sec.gov/Archives/edgar/data/883241/000089161801501792/0000891618-01-501792-index.htm",
    "finalLink": "https://www.sec.gov/Archives/edgar/data/883241/000089161801501792/f75758e10-q.txt"
  },
  {
    "date": "2001-04-30",
    "symbol": "SNPS",
    "reportedCurrency": "USD",
    "cik": "0000883241",
    "fillingDate": "2001-06-15",
    "acceptedDate": "2001-06-15 00:00:00",
    "calendarYear": "2001",
    "period": "Q2",
    "revenue": 163524000,
    "costOfRevenue": 30956000,
    "grossProfit": 132568000,
    "grossProfitRatio": 0.8106944546,
    "researchAndDevelopmentExpenses": 47636000,
    "generalAndAdministrativeExpenses": 0,
    "sellingAndMarketingExpenses": 0,
    "sellingGeneralAndAdministrativeExpenses": 84306000,
    "otherExpenses": 4179000,
    "operatingExpenses": 136121000,
    "costAndExpenses": 167077000,
    "interestIncome": 0,
    "interestExpense": 0,
    "depreciationAndAmortization": 16275000,
    "ebitda": 12722000,
    "ebitdaratio": 0.0777989775,
    "operatingIncome": -3553000,
    "operatingIncomeRatio": -0.0217276975,
    "totalOtherIncomeExpensesNet": 21921000,
    "incomeBeforeTax": 18368000,
    "incomeBeforeTaxRatio": 0.1123260194,
    "incomeTaxExpense": 5878000,
    "netIncome": 12490000,
    "netIncomeRatio": 0.0763802255,
    "eps": 0.11,
    "epsdiluted": 0.095,
    "weightedAverageShsOut": 121552000,
    "weightedAverageShsOutDil": 130768000,
    "link": "https://www.sec.gov/Archives/edgar/data/883241/000089161801501208/0000891618-01-501208-index.htm",
    "finalLink": "https://www.sec.gov/Archives/edgar/data/883241/000089161801501208/f73480e10-q.txt"
  },
  {
    "date": "2001-01-31",
    "symbol": "SNPS",
    "reportedCurrency": "USD",
    "cik": "0000883241",
    "fillingDate": "2001-03-20",
    "acceptedDate": "2001-03-20 00:00:00",
    "calendarYear": "2001",
    "period": "Q1",
    "revenue": 157154000,
    "costOfRevenue": 32056000,
    "grossProfit": 125098000,
    "grossProfitRatio": 0.7960217366,
    "researchAndDevelopmentExpenses": 46221000,
    "generalAndAdministrativeExpenses": 0,
    "sellingAndMarketingExpenses": 0,
    "sellingGeneralAndAdministrativeExpenses": 86268000,
    "otherExpenses": 4172000,
    "operatingExpenses": 136661000,
    "costAndExpenses": 168717000,
    "interestIncome": 0,
    "interestExpense": 0,
    "depreciationAndAmortization": 15716000,
    "ebitda": 4153000,
    "ebitdaratio": 0.026426308,
    "operatingIncome": -11563000,
    "operatingIncomeRatio": -0.07357751,
    "totalOtherIncomeExpensesNet": 25481000,
    "incomeBeforeTax": 13918000,
    "incomeBeforeTaxRatio": 0.088562811,
    "incomeTaxExpense": 4454000,
    "netIncome": 9464000,
    "netIncomeRatio": 0.0602211843,
    "eps": 0.075,
    "epsdiluted": 0.075,
    "weightedAverageShsOut": 123802000,
    "weightedAverageShsOutDil": 130486000,
    "link": "https://www.sec.gov/Archives/edgar/data/883241/000109581101001658/0001095811-01-001658-index.htm",
    "finalLink": "https://www.sec.gov/Archives/edgar/data/883241/000109581101001658/f70639e10-q.txt"
  },
  {
    "date": "2000-10-31",
    "symbol": "SNPS",
    "reportedCurrency": "USD",
    "cik": "0000883241",
    "fillingDate": "2001-01-26",
    "acceptedDate": "2001-01-26 00:00:00",
    "calendarYear": "2000",
    "period": "Q4",
    "revenue": 133222000,
    "costOfRevenue": 20629000,
    "grossProfit": 112593000,
    "grossProfitRatio": 0.8451532029,
    "researchAndDevelopmentExpenses": 48728000,
    "generalAndAdministrativeExpenses": 0,
    "sellingAndMarketingExpenses": 0,
    "sellingGeneralAndAdministrativeExpenses": 94655000,
    "otherExpenses": 17187000,
    "operatingExpenses": 160570000,
    "costAndExpenses": 181199000,
    "interestIncome": 0,
    "interestExpense": 0,
    "depreciationAndAmortization": 17187000,
    "ebitda": -30790000,
    "ebitdaratio": -0.2311179835,
    "operatingIncome": -47977000,
    "operatingIncomeRatio": -0.3601282071,
    "totalOtherIncomeExpensesNet": 13372000,
    "incomeBeforeTax": -34605000,
    "incomeBeforeTaxRatio": -0.2597543949,
    "incomeTaxExpense": -12335000,
    "netIncome": -22270000,
    "netIncomeRatio": -0.1671645824,
    "eps": -0.16,
    "epsdiluted": -0.16,
    "weightedAverageShsOut": 136556000,
    "weightedAverageShsOutDil": 139206000,
    "link": "https://www.sec.gov/Archives/edgar/data/883241/000109581101000430/0001095811-01-000430-index.htm",
    "finalLink": "https://www.sec.gov/Archives/edgar/data/883241/000109581101000430/f68768e10-k.txt"
  },
  {
    "date": "2000-07-31",
    "symbol": "SNPS",
    "reportedCurrency": "USD",
    "cik": "0000883241",
    "fillingDate": "2000-09-12",
    "acceptedDate": "2000-09-12 00:00:00",
    "calendarYear": "2000",
    "period": "Q3",
    "revenue": 228835000,
    "costOfRevenue": 18586000,
    "grossProfit": 210249000,
    "grossProfitRatio": 0.9187799069,
    "researchAndDevelopmentExpenses": 50323000,
    "generalAndAdministrativeExpenses": 0,
    "sellingAndMarketingExpenses": 0,
    "sellingGeneralAndAdministrativeExpenses": 89682000,
    "otherExpenses": 17179000,
    "operatingExpenses": 157184000,
    "costAndExpenses": 175770000,
    "interestIncome": 0,
    "interestExpense": 0,
    "depreciationAndAmortization": 17179000,
    "ebitda": 70244000,
    "ebitdaratio": 0.3069635327,
    "operatingIncome": 53065000,
    "operatingIncomeRatio": 0.2318919746,
    "totalOtherIncomeExpensesNet": 8797000,
    "incomeBeforeTax": 61862000,
    "incomeBeforeTaxRatio": 0.2703345205,
    "incomeTaxExpense": 20491000,
    "netIncome": 41371000,
    "netIncomeRatio": 0.1807896519,
    "eps": 0.31,
    "epsdiluted": 0.3,
    "weightedAverageShsOut": 136556000,
    "weightedAverageShsOutDil": 139206000,
    "link": "https://www.sec.gov/Archives/edgar/data/883241/000109581100003321/0001095811-00-003321-index.htm",
    "finalLink": "https://www.sec.gov/Archives/edgar/data/883241/000109581100003321/f65544e10-q.txt"
  },
  {
    "date": "2000-04-30",
    "symbol": "SNPS",
    "reportedCurrency": "USD",
    "cik": "0000883241",
    "fillingDate": "2000-06-13",
    "acceptedDate": "2000-06-13 00:00:00",
    "calendarYear": "2000",
    "period": "Q2",
    "revenue": 204853000,
    "costOfRevenue": 18512000,
    "grossProfit": 186341000,
    "grossProfitRatio": 0.9096327611,
    "researchAndDevelopmentExpenses": 45962000,
    "generalAndAdministrativeExpenses": 0,
    "sellingAndMarketingExpenses": 0,
    "sellingGeneralAndAdministrativeExpenses": 84428000,
    "otherExpenses": 15104000,
    "operatingExpenses": 145494000,
    "costAndExpenses": 164006000,
    "interestIncome": 0,
    "interestExpense": 0,
    "depreciationAndAmortization": 15104000,
    "ebitda": 55951000,
    "ebitdaratio": 0.2731275598,
    "operatingIncome": 40847000,
    "operatingIncomeRatio": 0.1993966405,
    "totalOtherIncomeExpensesNet": 27253000,
    "incomeBeforeTax": 68100000,
    "incomeBeforeTaxRatio": 0.3324335011,
    "incomeTaxExpense": 23000000,
    "netIncome": 33574000,
    "netIncomeRatio": 0.1638931331,
    "eps": 0.25,
    "epsdiluted": 0.24,
    "weightedAverageShsOut": 138306000,
    "weightedAverageShsOutDil": 142178000,
    "link": "https://www.sec.gov/Archives/edgar/data/883241/000089161800003339/0000891618-00-003339-index.htm",
    "finalLink": "https://www.sec.gov/Archives/edgar/data/883241/000089161800003339/0000891618-00-003339-0001.txt"
  },
  {
    "date": "2000-01-31",
    "symbol": "SNPS",
    "reportedCurrency": "USD",
    "cik": "0000883241",
    "fillingDate": "2000-03-14",
    "acceptedDate": "2000-03-14 00:00:00",
    "calendarYear": "2000",
    "period": "Q1",
    "revenue": 216900000,
    "costOfRevenue": 18100000,
    "grossProfit": 198800000,
    "grossProfitRatio": 0.9165514062,
    "researchAndDevelopmentExpenses": 44300000,
    "generalAndAdministrativeExpenses": 0,
    "sellingAndMarketingExpenses": 0,
    "sellingGeneralAndAdministrativeExpenses": 79200000,
    "otherExpenses": 14300000,
    "operatingExpenses": 137800000,
    "costAndExpenses": 155900000,
    "interestIncome": 0,
    "interestExpense": 0,
    "depreciationAndAmortization": 14300000,
    "ebitda": 75300000,
    "ebitdaratio": 0.347164592,
    "operatingIncome": 61000000,
    "operatingIncomeRatio": 0.2812355924,
    "totalOtherIncomeExpensesNet": 7100000,
    "incomeBeforeTax": 68100000,
    "incomeBeforeTaxRatio": 0.3139695712,
    "incomeTaxExpense": 23000000,
    "netIncome": 45100000,
    "netIncomeRatio": 0.2079299216,
    "eps": 0.32,
    "epsdiluted": 0.31,
    "weightedAverageShsOut": 141570000,
    "weightedAverageShsOutDil": 148562000,
    "link": "https://www.sec.gov/Archives/edgar/data/883241/000089161800001436/0000891618-00-001436-index.html",
    "finalLink": "https://www.sec.gov/Archives/edgar/data/883241/000089161800001436/"
  },
  {
    "date": "1999-09-30",
    "symbol": "SNPS",
    "reportedCurrency": "USD",
    "cik": "0000883241",
    "fillingDate": "1999-12-23",
    "acceptedDate": "1999-12-23 00:00:00",
    "calendarYear": "1999",
    "period": "Q4",
    "revenue": 228300000,
    "costOfRevenue": 19000000,
    "grossProfit": 209300000,
    "grossProfitRatio": 0.9167761717,
    "researchAndDevelopmentExpenses": 45100000,
    "generalAndAdministrativeExpenses": 0,
    "sellingAndMarketingExpenses": 0,
    "sellingGeneralAndAdministrativeExpenses": 81100000,
    "otherExpenses": 14600000,
    "operatingExpenses": 140800000,
    "costAndExpenses": 159800000,
    "interestIncome": 0,
    "interestExpense": 0,
    "depreciationAndAmortization": 14600000,
    "ebitda": 83100000,
    "ebitdaratio": 0.3639947438,
    "operatingIncome": 68500000,
    "operatingIncomeRatio": 0.300043802,
    "totalOtherIncomeExpensesNet": 9400000,
    "incomeBeforeTax": 77900000,
    "incomeBeforeTaxRatio": 0.341217696,
    "incomeTaxExpense": 24900000,
    "netIncome": 53000000,
    "netIncomeRatio": 0.2321506789,
    "eps": 0.37,
    "epsdiluted": 0.37,
    "weightedAverageShsOut": 141331097,
    "weightedAverageShsOutDil": 142758621,
    "link": "https://www.sec.gov/Archives/edgar/data/883241/000089161899005810/0000891618-99-005810-index.html",
    "finalLink": "https://www.sec.gov/Archives/edgar/data/883241/000089161899005810/"
  },
  {
    "date": "1999-07-03",
    "symbol": "SNPS",
    "reportedCurrency": "USD",
    "cik": "0000883241",
    "fillingDate": "1999-08-10",
    "acceptedDate": "1999-08-10 00:00:00",
    "calendarYear": "1999",
    "period": "Q3",
    "revenue": 207400000,
    "costOfRevenue": 19600000,
    "grossProfit": 187800000,
    "grossProfitRatio": 0.9054966249,
    "researchAndDevelopmentExpenses": 41900000,
    "generalAndAdministrativeExpenses": 0,
    "sellingAndMarketingExpenses": 0,
    "sellingGeneralAndAdministrativeExpenses": 71600000,
    "otherExpenses": 13700000,
    "operatingExpenses": 127200000,
    "costAndExpenses": 146800000,
    "interestIncome": 0,
    "interestExpense": 0,
    "depreciationAndAmortization": 13700000,
    "ebitda": 74300000,
    "ebitdaratio": 0.3582449373,
    "operatingIncome": 60600000,
    "operatingIncomeRatio": 0.2921890068,
    "totalOtherIncomeExpensesNet": 4600000,
    "incomeBeforeTax": 65200000,
    "incomeBeforeTaxRatio": 0.3143683703,
    "incomeTaxExpense": 23800000,
    "netIncome": 41400000,
    "netIncomeRatio": 0.1996142719,
    "eps": 0.29,
    "epsdiluted": 0.28,
    "weightedAverageShsOut": 142758621,
    "weightedAverageShsOutDil": 147857143,
    "link": "https://www.sec.gov/Archives/edgar/data/883241/000089161899003580/0000891618-99-003580-index.html",
    "finalLink": "https://www.sec.gov/Archives/edgar/data/883241/000089161899003580/"
  },
  {
    "date": "1999-04-03",
    "symbol": "SNPS",
    "reportedCurrency": "USD",
    "cik": "0000883241",
    "fillingDate": "1999-05-10",
    "acceptedDate": "1999-05-10 00:00:00",
    "calendarYear": "1999",
    "period": "Q2",
    "revenue": 190200000,
    "costOfRevenue": 14000000,
    "grossProfit": 176200000,
    "grossProfitRatio": 0.9263932702,
    "researchAndDevelopmentExpenses": 39200000,
    "generalAndAdministrativeExpenses": 0,
    "sellingAndMarketingExpenses": 0,
    "sellingGeneralAndAdministrativeExpenses": 69400000,
    "otherExpenses": 12200000,
    "operatingExpenses": 120800000,
    "costAndExpenses": 134800000,
    "interestIncome": 0,
    "interestExpense": 0,
    "depreciationAndAmortization": 12200000,
    "ebitda": 67586000,
    "ebitdaratio": 0.3553417455,
    "operatingIncome": 55400000,
    "operatingIncomeRatio": 0.2912723449,
    "totalOtherIncomeExpensesNet": -6486000,
    "incomeBeforeTax": 48900000,
    "incomeBeforeTaxRatio": 0.2570977918,
    "incomeTaxExpense": 22300000,
    "netIncome": 26600000,
    "netIncomeRatio": 0.1398527865,
    "eps": 0.19,
    "epsdiluted": 0.18,
    "weightedAverageShsOut": 140572000,
    "weightedAverageShsOutDil": 147746000,
    "link": "https://www.sec.gov/Archives/edgar/data/883241/000089161899002081/0000891618-99-002081-index.html",
    "finalLink": "https://www.sec.gov/Archives/edgar/data/883241/"
  },
  {
    "date": "1999-01-02",
    "symbol": "SNPS",
    "reportedCurrency": "USD",
    "cik": "0000883241",
    "fillingDate": "1999-02-10",
    "acceptedDate": "1999-02-10 00:00:00",
    "calendarYear": "1999",
    "period": "Q1",
    "revenue": 180200000,
    "costOfRevenue": 10100000,
    "grossProfit": 170100000,
    "grossProfitRatio": 0.9439511654,
    "researchAndDevelopmentExpenses": 40900000,
    "generalAndAdministrativeExpenses": 0,
    "sellingAndMarketingExpenses": 0,
    "sellingGeneralAndAdministrativeExpenses": 66700000,
    "otherExpenses": 11500000,
    "operatingExpenses": 119100000,
    "costAndExpenses": 129200000,
    "interestIncome": 0,
    "interestExpense": 0,
    "depreciationAndAmortization": 11500000,
    "ebitda": 62500000,
    "ebitdaratio": 0.3468368479,
    "operatingIncome": 51000000,
    "operatingIncomeRatio": 0.2830188679,
    "totalOtherIncomeExpensesNet": 8400000,
    "incomeBeforeTax": 59400000,
    "incomeBeforeTaxRatio": 0.3296337403,
    "incomeTaxExpense": 19000000,
    "netIncome": 40400000,
    "netIncomeRatio": 0.2241953385,
    "eps": 0.29,
    "epsdiluted": 0.28,
    "weightedAverageShsOut": 139310345,
    "weightedAverageShsOutDil": 144285714,
    "link": "https://www.sec.gov/Archives/edgar/data/883241/000089161899000422/0000891618-99-000422-index.html",
    "finalLink": "https://www.sec.gov/Archives/edgar/data/883241/"
  },
  {
    "date": "1998-09-30",
    "symbol": "SNPS",
    "reportedCurrency": "USD",
    "cik": "0000883241",
    "fillingDate": "1998-12-23",
    "acceptedDate": "1998-12-23 00:00:00",
    "calendarYear": "1998",
    "period": "Q4",
    "revenue": 194000000,
    "costOfRevenue": 14200000,
    "grossProfit": 179800000,
    "grossProfitRatio": 0.9268041237,
    "researchAndDevelopmentExpenses": 36500000,
    "generalAndAdministrativeExpenses": 0,
    "sellingAndMarketingExpenses": 0,
    "sellingGeneralAndAdministrativeExpenses": 74600000,
    "otherExpenses": 11500000,
    "operatingExpenses": 122600000,
    "costAndExpenses": 136800000,
    "interestIncome": 0,
    "interestExpense": 0,
    "depreciationAndAmortization": 11500000,
    "ebitda": 68700000,
    "ebitdaratio": 0.3541237113,
    "operatingIncome": 57200000,
    "operatingIncomeRatio": 0.2948453608,
    "totalOtherIncomeExpensesNet": -25100000,
    "incomeBeforeTax": 32100000,
    "incomeBeforeTaxRatio": 0.1654639175,
    "incomeTaxExpense": 20700000,
    "netIncome": 37900000,
    "netIncomeRatio": 0.1953608247,
    "eps": 0.0818,
    "epsdiluted": 0.0818,
    "weightedAverageShsOut": 134025481,
    "weightedAverageShsOutDil": 139310345,
    "link": "https://www.sec.gov/Archives/edgar/data/883241/000089161898005466/0000891618-98-005466-index.html",
    "finalLink": "https://www.sec.gov/Archives/edgar/data/883241/"
  },
  {
    "date": "1998-07-04",
    "symbol": "SNPS",
    "reportedCurrency": "USD",
    "cik": "0000883241",
    "fillingDate": "1998-08-17",
    "acceptedDate": "1998-08-17 00:00:00",
    "calendarYear": "1998",
    "period": "Q3",
    "revenue": 179600000,
    "costOfRevenue": 12500000,
    "grossProfit": 167100000,
    "grossProfitRatio": 0.9304008909,
    "researchAndDevelopmentExpenses": 37400000,
    "generalAndAdministrativeExpenses": 0,
    "sellingAndMarketingExpenses": 0,
    "sellingGeneralAndAdministrativeExpenses": 70000000,
    "otherExpenses": 10800000,
    "operatingExpenses": 118200000,
    "costAndExpenses": 130700000,
    "interestIncome": 0,
    "interestExpense": 0,
    "depreciationAndAmortization": 10800000,
    "ebitda": 59700000,
    "ebitdaratio": 0.3324053452,
    "operatingIncome": 48900000,
    "operatingIncomeRatio": 0.2722717149,
    "totalOtherIncomeExpensesNet": 3700000,
    "incomeBeforeTax": 52600000,
    "incomeBeforeTaxRatio": 0.2928730512,
    "incomeTaxExpense": 17900000,
    "netIncome": 34700000,
    "netIncomeRatio": 0.1932071269,
    "eps": 0.26,
    "epsdiluted": 0.25,
    "weightedAverageShsOut": 133461538,
    "weightedAverageShsOutDil": 138800000,
    "link": "https://www.sec.gov/Archives/edgar/data/883241/000089161898003958/0000891618-98-003958-index.html",
    "finalLink": "https://www.sec.gov/Archives/edgar/data/883241/"
  },
  {
    "date": "1998-04-04",
    "symbol": "SNPS",
    "reportedCurrency": "USD",
    "cik": "0000883241",
    "fillingDate": "1998-05-19",
    "acceptedDate": "1998-05-19 00:00:00",
    "calendarYear": "1998",
    "period": "Q2",
    "revenue": 170100000,
    "costOfRevenue": 10800000,
    "grossProfit": 159300000,
    "grossProfitRatio": 0.9365079365,
    "researchAndDevelopmentExpenses": 36100000,
    "generalAndAdministrativeExpenses": 0,
    "sellingAndMarketingExpenses": 0,
    "sellingGeneralAndAdministrativeExpenses": 68600000,
    "otherExpenses": 10500000,
    "operatingExpenses": 115200000,
    "costAndExpenses": 126000000,
    "interestIncome": 0,
    "interestExpense": 0,
    "depreciationAndAmortization": 10500000,
    "ebitda": 54600000,
    "ebitdaratio": 0.3209876543,
    "operatingIncome": 44100000,
    "operatingIncomeRatio": 0.2592592593,
    "totalOtherIncomeExpensesNet": -5400000,
    "incomeBeforeTax": 38700000,
    "incomeBeforeTaxRatio": 0.2275132275,
    "incomeTaxExpense": 13200000,
    "netIncome": 25500000,
    "netIncomeRatio": 0.1499118166,
    "eps": 0.2,
    "epsdiluted": 0.19,
    "weightedAverageShsOut": 130769231,
    "weightedAverageShsOutDil": 134210526,
    "link": "https://www.sec.gov/Archives/edgar/data/883241/0000891618-98-002548-index.html",
    "finalLink": "https://www.sec.gov/Archives/edgar/data/883241/0000891618-98-002548.txt"
  },
  {
    "date": "1998-01-03",
    "symbol": "SNPS",
    "reportedCurrency": "USD",
    "cik": "0000883241",
    "fillingDate": "1998-02-13",
    "acceptedDate": "1998-02-13 00:00:00",
    "calendarYear": "1998",
    "period": "Q1",
    "revenue": 174200000,
    "costOfRevenue": 12100000,
    "grossProfit": 162100000,
    "grossProfitRatio": 0.9305396096,
    "researchAndDevelopmentExpenses": 44400000,
    "generalAndAdministrativeExpenses": 0,
    "sellingAndMarketingExpenses": 0,
    "sellingGeneralAndAdministrativeExpenses": 79400000,
    "otherExpenses": 47500000,
    "operatingExpenses": 171300000,
    "costAndExpenses": 183400000,
    "interestIncome": 0,
    "interestExpense": 0,
    "depreciationAndAmortization": 11400000,
    "ebitda": 2200000,
    "ebitdaratio": 0.0126291619,
    "operatingIncome": -9200000,
    "operatingIncomeRatio": -0.0528128588,
    "totalOtherIncomeExpensesNet": 5000000,
    "incomeBeforeTax": -4200000,
    "incomeBeforeTaxRatio": -0.0241102181,
    "incomeTaxExpense": 4100000,
    "netIncome": -6400000,
    "netIncomeRatio": -0.03673938,
    "eps": -0.05,
    "epsdiluted": -0.05,
    "weightedAverageShsOut": 128000000,
    "weightedAverageShsOutDil": 128000000,
    "link": "https://www.sec.gov/Archives/edgar/data/883241/0000891618-98-000696-index.html",
    "finalLink": "https://www.sec.gov/Archives/edgar/data/883241/0000891618-98-000696.txt"
  },
  {
    "date": "1997-09-30",
    "symbol": "SNPS",
    "reportedCurrency": "USD",
    "cik": "0000883241",
    "fillingDate": "1997-12-03",
    "acceptedDate": "1997-12-03 00:00:00",
    "calendarYear": "1997",
    "period": "Q4",
    "revenue": 133200000,
    "costOfRevenue": 8200000,
    "grossProfit": 125000000,
    "grossProfitRatio": 0.9384384384,
    "researchAndDevelopmentExpenses": 27800000,
    "generalAndAdministrativeExpenses": 0,
    "sellingAndMarketingExpenses": 0,
    "sellingGeneralAndAdministrativeExpenses": 52600000,
    "otherExpenses": -700000,
    "operatingExpenses": 83300000,
    "costAndExpenses": 91500000,
    "interestIncome": 0,
    "interestExpense": 0,
    "depreciationAndAmortization": 8300000,
    "ebitda": 50000000,
    "ebitdaratio": 0.3753753754,
    "operatingIncome": 41700000,
    "operatingIncomeRatio": 0.3130630631,
    "totalOtherIncomeExpensesNet": -7300000,
    "incomeBeforeTax": 34400000,
    "incomeBeforeTaxRatio": 0.2582582583,
    "incomeTaxExpense": 11700000,
    "netIncome": 22700000,
    "netIncomeRatio": 0.1704204204,
    "eps": 0.18,
    "epsdiluted": 0.18,
    "weightedAverageShsOut": 128000000,
    "weightedAverageShsOutDil": 128000000,
    "link": "https://www.sec.gov/Archives/edgar/data/883241/000089161897004817/0000891618-97-004817-index.html",
    "finalLink": "https://www.sec.gov/Archives/edgar/data/883241/"
  },
  {
    "date": "1997-06-28",
    "symbol": "SNPS",
    "reportedCurrency": "USD",
    "cik": "0000883241",
    "fillingDate": "1997-08-11",
    "acceptedDate": "1997-08-11 00:00:00",
    "calendarYear": "1997",
    "period": "Q3",
    "revenue": 125000000,
    "costOfRevenue": 8700000,
    "grossProfit": 116300000,
    "grossProfitRatio": 0.9304,
    "researchAndDevelopmentExpenses": 29400000,
    "generalAndAdministrativeExpenses": 0,
    "sellingAndMarketingExpenses": 0,
    "sellingGeneralAndAdministrativeExpenses": 58400000,
    "otherExpenses": -1500000,
    "operatingExpenses": 89900000,
    "costAndExpenses": 98600000,
    "interestIncome": 0,
    "interestExpense": 0,
    "depreciationAndAmortization": 7500000,
    "ebitda": 33900000,
    "ebitdaratio": 0.2712,
    "operatingIncome": 26400000,
    "operatingIncomeRatio": 0.2112,
    "totalOtherIncomeExpensesNet": 4200000,
    "incomeBeforeTax": 30600000,
    "incomeBeforeTaxRatio": 0.2448,
    "incomeTaxExpense": 10400000,
    "netIncome": 20200000,
    "netIncomeRatio": 0.1616,
    "eps": 0.2,
    "epsdiluted": 0.19,
    "weightedAverageShsOut": 103589744,
    "weightedAverageShsOutDil": 109189189,
    "link": "https://www.sec.gov/Archives/edgar/data/883241/000089161897003314/0000891618-97-003314-index.html",
    "finalLink": "https://www.sec.gov/Archives/edgar/data/883241/"
  },
  {
    "date": "1997-03-29",
    "symbol": "SNPS",
    "reportedCurrency": "USD",
    "cik": "0000883241",
    "fillingDate": "1997-05-13",
    "acceptedDate": "1997-05-13 00:00:00",
    "calendarYear": "1997",
    "period": "Q2",
    "revenue": 124200000,
    "costOfRevenue": 6400000,
    "grossProfit": 117800000,
    "grossProfitRatio": 0.9484702093,
    "researchAndDevelopmentExpenses": 29300000,
    "generalAndAdministrativeExpenses": 0,
    "sellingAndMarketingExpenses": 0,
    "sellingGeneralAndAdministrativeExpenses": 70000000,
    "otherExpenses": -700000,
    "operatingExpenses": 102200000,
    "costAndExpenses": 108600000,
    "interestIncome": 0,
    "interestExpense": 0,
    "depreciationAndAmortization": 8300000,
    "ebitda": 35700000,
    "ebitdaratio": 0.2874396135,
    "operatingIncome": 15600000,
    "operatingIncomeRatio": 0.1256038647,
    "totalOtherIncomeExpensesNet": 4000000,
    "incomeBeforeTax": 19600000,
    "incomeBeforeTaxRatio": 0.1578099839,
    "incomeTaxExpense": 9200000,
    "netIncome": 10400000,
    "netIncomeRatio": 0.0837359098,
    "eps": 0.055,
    "epsdiluted": 0.055,
    "weightedAverageShsOut": 125454545,
    "weightedAverageShsOutDil": 125454545,
    "link": "https://www.sec.gov/Archives/edgar/data/883241/000089161897002235/0000891618-97-002235-index.html",
    "finalLink": "https://www.sec.gov/Archives/edgar/data/883241/"
  },
  {
    "date": "1996-12-28",
    "symbol": "SNPS",
    "reportedCurrency": "USD",
    "cik": "0000883241",
    "fillingDate": "1997-02-11",
    "acceptedDate": "1997-02-11 00:00:00",
    "calendarYear": "1997",
    "period": "Q1",
    "revenue": 102500000,
    "costOfRevenue": 5900000,
    "grossProfit": 96600000,
    "grossProfitRatio": 0.9424390244,
    "researchAndDevelopmentExpenses": 24900000,
    "generalAndAdministrativeExpenses": 0,
    "sellingAndMarketingExpenses": 0,
    "sellingGeneralAndAdministrativeExpenses": 50400000,
    "otherExpenses": 900000,
    "operatingExpenses": 76200000,
    "costAndExpenses": 82100000,
    "interestIncome": 0,
    "interestExpense": 0,
    "depreciationAndAmortization": 6300000,
    "ebitda": 26700000,
    "ebitdaratio": 0.2604878049,
    "operatingIncome": 20400000,
    "operatingIncomeRatio": 0.1990243902,
    "totalOtherIncomeExpensesNet": 3800000,
    "incomeBeforeTax": 24200000,
    "incomeBeforeTaxRatio": 0.236097561,
    "incomeTaxExpense": 8000000,
    "netIncome": 16200000,
    "netIncomeRatio": 0.1580487805,
    "eps": 0.2,
    "epsdiluted": 0.19,
    "weightedAverageShsOut": 83076923,
    "weightedAverageShsOutDil": 87567568,
    "link": "https://www.sec.gov/Archives/edgar/data/883241/000089161897000407/0000891618-97-000407-index.html",
    "finalLink": "https://www.sec.gov/Archives/edgar/data/883241/"
  },
  {
    "date": "1996-09-30",
    "symbol": "SNPS",
    "reportedCurrency": "USD",
    "cik": "0000883241",
    "fillingDate": "1996-12-20",
    "acceptedDate": "1996-12-20 00:00:00",
    "calendarYear": "1996",
    "period": "Q4",
    "revenue": 98500000,
    "costOfRevenue": 5100000,
    "grossProfit": 93400000,
    "grossProfitRatio": 0.9482233503,
    "researchAndDevelopmentExpenses": 23600000,
    "generalAndAdministrativeExpenses": 0,
    "sellingAndMarketingExpenses": 0,
    "sellingGeneralAndAdministrativeExpenses": 45000000,
    "otherExpenses": 5700000,
    "operatingExpenses": 74300000,
    "costAndExpenses": 79400000,
    "interestIncome": 0,
    "interestExpense": 0,
    "depreciationAndAmortization": 5700000,
    "ebitda": 24800000,
    "ebitdaratio": 0.2517766497,
    "operatingIncome": 19100000,
    "operatingIncomeRatio": 0.1939086294,
    "totalOtherIncomeExpensesNet": 1700000,
    "incomeBeforeTax": 20800000,
    "incomeBeforeTaxRatio": 0.2111675127,
    "incomeTaxExpense": 7100000,
    "netIncome": 13700000,
    "netIncomeRatio": 0.1390862944,
    "eps": 0.16,
    "epsdiluted": 0.16,
    "weightedAverageShsOut": 80870000,
    "weightedAverageShsOutDil": 83076923,
    "link": "https://www.sec.gov/Archives/edgar/data/883241/000089161896003129/0000891618-96-003129-index.html",
    "finalLink": "https://www.sec.gov/Archives/edgar/data/883241/"
  },
  {
    "date": "1996-06-29",
    "symbol": "SNPS",
    "reportedCurrency": "USD",
    "cik": "0000883241",
    "fillingDate": "1996-08-07",
    "acceptedDate": "1996-08-07 00:00:00",
    "calendarYear": "1996",
    "period": "Q3",
    "revenue": 91000000,
    "costOfRevenue": 5200000,
    "grossProfit": 85800000,
    "grossProfitRatio": 0.9428571429,
    "researchAndDevelopmentExpenses": 21900000,
    "generalAndAdministrativeExpenses": 0,
    "sellingAndMarketingExpenses": 0,
    "sellingGeneralAndAdministrativeExpenses": 45100000,
    "otherExpenses": 1200000,
    "operatingExpenses": 68200000,
    "costAndExpenses": 73400000,
    "interestIncome": 0,
    "interestExpense": 0,
    "depreciationAndAmortization": 5300000,
    "ebitda": 27700000,
    "ebitdaratio": 0.3043956044,
    "operatingIncome": 17600000,
    "operatingIncomeRatio": 0.1934065934,
    "totalOtherIncomeExpensesNet": 5300000,
    "incomeBeforeTax": 19200000,
    "incomeBeforeTaxRatio": 0.210989011,
    "incomeTaxExpense": 6500000,
    "netIncome": 12700000,
    "netIncomeRatio": 0.1395604396,
    "eps": 0.14,
    "epsdiluted": 0.14,
    "weightedAverageShsOut": 77142857,
    "weightedAverageShsOutDil": 77142857,
    "link": "https://www.sec.gov/Archives/edgar/data/883241/000089161896001586/0000891618-96-001586-index.html",
    "finalLink": "https://www.sec.gov/Archives/edgar/data/883241/"
  },
  {
    "date": "1996-03-30",
    "symbol": "SNPS",
    "reportedCurrency": "USD",
    "cik": "0000883241",
    "fillingDate": "1996-05-14",
    "acceptedDate": "1996-05-14 00:00:00",
    "calendarYear": "1996",
    "period": "Q2",
    "revenue": 85000000,
    "costOfRevenue": 5000000,
    "grossProfit": 80000000,
    "grossProfitRatio": 0.9411764706,
    "researchAndDevelopmentExpenses": 20400000,
    "generalAndAdministrativeExpenses": 0,
    "sellingAndMarketingExpenses": 0,
    "sellingGeneralAndAdministrativeExpenses": 39100000,
    "otherExpenses": 4200000,
    "operatingExpenses": 63700000,
    "costAndExpenses": 68700000,
    "interestIncome": 0,
    "interestExpense": 0,
    "depreciationAndAmortization": 4200000,
    "ebitda": 20500000,
    "ebitdaratio": 0.2411764706,
    "operatingIncome": 16300000,
    "operatingIncomeRatio": 0.1917647059,
    "totalOtherIncomeExpensesNet": -38000000,
    "incomeBeforeTax": -21700000,
    "incomeBeforeTaxRatio": -0.2552941176,
    "incomeTaxExpense": -7400000,
    "netIncome": -14300000,
    "netIncomeRatio": -0.1682352941,
    "eps": -0.18,
    "epsdiluted": -0.18,
    "weightedAverageShsOut": 79444444,
    "weightedAverageShsOutDil": 79444444,
    "link": "https://www.sec.gov/Archives/edgar/data/883241/000089161896000421/0000891618-96-000421-index.html",
    "finalLink": "https://www.sec.gov/Archives/edgar/data/883241/"
  },
  {
    "date": "1995-12-31",
    "symbol": "SNPS",
    "reportedCurrency": "USD",
    "cik": "0000883241",
    "fillingDate": "1995-12-31",
    "acceptedDate": "1995-12-31 00:00:00",
    "calendarYear": "1996",
    "period": "Q1",
    "revenue": 79000000,
    "costOfRevenue": 4800000,
    "grossProfit": 74200000,
    "grossProfitRatio": 0.9392405063,
    "researchAndDevelopmentExpenses": 18200000,
    "generalAndAdministrativeExpenses": 0,
    "sellingAndMarketingExpenses": 0,
    "sellingGeneralAndAdministrativeExpenses": 36600000,
    "otherExpenses": 3400000,
    "operatingExpenses": 58300000,
    "costAndExpenses": 63100000,
    "interestIncome": 0,
    "interestExpense": 0,
    "depreciationAndAmortization": 3500000,
    "ebitda": 19400000,
    "ebitdaratio": 0.2455696203,
    "operatingIncome": 15900000,
    "operatingIncomeRatio": 0.2012658228,
    "totalOtherIncomeExpensesNet": 1800000,
    "incomeBeforeTax": 17700000,
    "incomeBeforeTaxRatio": 0.2240506329,
    "incomeTaxExpense": 6000000,
    "netIncome": 11700000,
    "netIncomeRatio": 0.1481012658,
    "eps": 0.14,
    "epsdiluted": 0.14,
    "weightedAverageShsOut": 83571429,
    "weightedAverageShsOutDil": 83571429,
    "link": null,
    "finalLink": null
  },
  {
    "date": "1995-09-30",
    "symbol": "SNPS",
    "reportedCurrency": "USD",
    "cik": "0000883241",
    "fillingDate": "1995-09-30",
    "acceptedDate": "1995-09-30 00:00:00",
    "calendarYear": "1995",
    "period": "Q4",
    "revenue": 73500000,
    "costOfRevenue": 4300000,
    "grossProfit": 69200000,
    "grossProfitRatio": 0.9414965986,
    "researchAndDevelopmentExpenses": 16700000,
    "generalAndAdministrativeExpenses": 0,
    "sellingAndMarketingExpenses": 0,
    "sellingGeneralAndAdministrativeExpenses": 33700000,
    "otherExpenses": 4100000,
    "operatingExpenses": 54500000,
    "costAndExpenses": 58800000,
    "interestIncome": 0,
    "interestExpense": 0,
    "depreciationAndAmortization": 4100000,
    "ebitda": 18800000,
    "ebitdaratio": 0.2557823129,
    "operatingIncome": 14700000,
    "operatingIncomeRatio": 0.2,
    "totalOtherIncomeExpensesNet": 1600000,
    "incomeBeforeTax": 16300000,
    "incomeBeforeTaxRatio": 0.2217687075,
    "incomeTaxExpense": 5800000,
    "netIncome": 10500000,
    "netIncomeRatio": 0.1428571429,
    "eps": 0.13,
    "epsdiluted": 0.13,
    "weightedAverageShsOut": 82222222,
    "weightedAverageShsOutDil": 82222222,
    "link": null,
    "finalLink": null
  }
]