[
  {
    "date": "2025-06-30",
    "symbol": "SOLV",
    "reportedCurrency": "USD",
    "cik": "0001964738",
    "fillingDate": "2025-08-08",
    "acceptedDate": "2025-08-07 18:13:58",
    "calendarYear": "2025",
    "period": "Q2",
    "revenue": 2161000000,
    "costOfRevenue": 986000000,
    "grossProfit": 1175000000,
    "grossProfitRatio": 0.5437297547,
    "researchAndDevelopmentExpenses": 189000000,
    "generalAndAdministrativeExpenses": 0,
    "sellingAndMarketingExpenses": 0,
    "sellingGeneralAndAdministrativeExpenses": 772000000,
    "otherExpenses": 0,
    "operatingExpenses": 961000000,
    "costAndExpenses": 1947000000,
    "interestIncome": 0,
    "interestExpense": 103000000,
    "depreciationAndAmortization": 122000000,
    "ebitda": 328000000,
    "ebitdaratio": 0.1517815826,
    "operatingIncome": 214000000,
    "operatingIncomeRatio": 0.0990282277,
    "totalOtherIncomeExpensesNet": -111000000,
    "incomeBeforeTax": 103000000,
    "incomeBeforeTaxRatio": 0.0476631189,
    "incomeTaxExpense": 13000000,
    "netIncome": 90000000,
    "netIncomeRatio": 0.0416473855,
    "eps": 0.52,
    "epsdiluted": 0.51,
    "weightedAverageShsOut": 174100000,
    "weightedAverageShsOutDil": 175200000,
    "link": "https://www.sec.gov/Archives/edgar/data/1964738/000196473825000064/0001964738-25-000064-index.htm",
    "finalLink": "https://www.sec.gov/Archives/edgar/data/1964738/000196473825000064/solv-20250630.htm"
  },
  {
    "date": "2025-03-31",
    "symbol": "SOLV",
    "reportedCurrency": "USD",
    "cik": "0001964738",
    "fillingDate": "2025-05-09",
    "acceptedDate": "2025-05-09 12:24:15",
    "calendarYear": "2025",
    "period": "Q1",
    "revenue": 2070000000,
    "costOfRevenue": 956000000,
    "grossProfit": 1114000000,
    "grossProfitRatio": 0.5381642512,
    "researchAndDevelopmentExpenses": 193000000,
    "generalAndAdministrativeExpenses": 0,
    "sellingAndMarketingExpenses": 0,
    "sellingGeneralAndAdministrativeExpenses": 769000000,
    "otherExpenses": 0,
    "operatingExpenses": 962000000,
    "costAndExpenses": 1918000000,
    "interestIncome": 0,
    "interestExpense": 104000000,
    "depreciationAndAmortization": 129000000,
    "ebitda": 271000000,
    "ebitdaratio": 0.1309178744,
    "operatingIncome": 152000000,
    "operatingIncomeRatio": 0.0734299517,
    "totalOtherIncomeExpensesNet": -114000000,
    "incomeBeforeTax": 38000000,
    "incomeBeforeTaxRatio": 0.0183574879,
    "incomeTaxExpense": -99000000,
    "netIncome": 137000000,
    "netIncomeRatio": 0.0661835749,
    "eps": 0.79,
    "epsdiluted": 0.78,
    "weightedAverageShsOut": 173700000,
    "weightedAverageShsOutDil": 174800000,
    "link": "https://www.sec.gov/Archives/edgar/data/1964738/000196473825000051/0001964738-25-000051-index.htm",
    "finalLink": "https://www.sec.gov/Archives/edgar/data/1964738/000196473825000051/solv-20250331.htm"
  },
  {
    "date": "2024-12-31",
    "symbol": "SOLV",
    "reportedCurrency": "USD",
    "cik": "0001964738",
    "fillingDate": "2025-02-28",
    "acceptedDate": "2025-02-28 16:56:56",
    "calendarYear": "2024",
    "period": "Q4",
    "revenue": 2075000000,
    "costOfRevenue": 956000000,
    "grossProfit": 1119000000,
    "grossProfitRatio": 0.5392771084,
    "researchAndDevelopmentExpenses": 199000000,
    "generalAndAdministrativeExpenses": 0,
    "sellingAndMarketingExpenses": 0,
    "sellingGeneralAndAdministrativeExpenses": 784000000,
    "otherExpenses": 0,
    "operatingExpenses": 983000000,
    "costAndExpenses": 1939000000,
    "interestIncome": 0,
    "interestExpense": 107000000,
    "depreciationAndAmortization": 150000000,
    "ebitda": 270000000,
    "ebitdaratio": 0.1301204819,
    "operatingIncome": 136000000,
    "operatingIncomeRatio": 0.0655421687,
    "totalOtherIncomeExpensesNet": -123000000,
    "incomeBeforeTax": 13000000,
    "incomeBeforeTaxRatio": 0.0062650602,
    "incomeTaxExpense": -17000000,
    "netIncome": 31000000,
    "netIncomeRatio": 0.014939759,
    "eps": 0.18,
    "epsdiluted": 0.18,
    "weightedAverageShsOut": 173400000,
    "weightedAverageShsOutDil": 174500000,
    "link": "https://www.sec.gov/Archives/edgar/data/1964738/000196473825000019/0001964738-25-000019-index.htm",
    "finalLink": "https://www.sec.gov/Archives/edgar/data/1964738/000196473825000019/solv-20241231.htm"
  },
  {
    "date": "2024-09-30",
    "symbol": "SOLV",
    "reportedCurrency": "USD",
    "cik": "0001964738",
    "fillingDate": "2024-11-08",
    "acceptedDate": "2024-11-08 15:57:45",
    "calendarYear": "2024",
    "period": "Q3",
    "revenue": 2082000000,
    "costOfRevenue": 917000000,
    "grossProfit": 1165000000,
    "grossProfitRatio": 0.5595581172,
    "researchAndDevelopmentExpenses": 189000000,
    "generalAndAdministrativeExpenses": 0,
    "sellingAndMarketingExpenses": 0,
    "sellingGeneralAndAdministrativeExpenses": 701000000,
    "otherExpenses": 0,
    "operatingExpenses": 890000000,
    "costAndExpenses": 1807000000,
    "interestIncome": 0,
    "interestExpense": 107000000,
    "depreciationAndAmortization": 133000000,
    "ebitda": 407000000,
    "ebitdaratio": 0.1954851105,
    "operatingIncome": 275000000,
    "operatingIncomeRatio": 0.1320845341,
    "totalOtherIncomeExpensesNet": -108000000,
    "incomeBeforeTax": 167000000,
    "incomeBeforeTaxRatio": 0.0802113353,
    "incomeTaxExpense": 45000000,
    "netIncome": 122000000,
    "netIncomeRatio": 0.0585975024,
    "eps": 0.7,
    "epsdiluted": 0.7,
    "weightedAverageShsOut": 173400000,
    "weightedAverageShsOutDil": 173900000,
    "link": "https://www.sec.gov/Archives/edgar/data/1964738/000196473824000044/0001964738-24-000044-index.htm",
    "finalLink": "https://www.sec.gov/Archives/edgar/data/1964738/000196473824000044/solv-20240930.htm"
  },
  {
    "date": "2024-06-30",
    "symbol": "SOLV",
    "reportedCurrency": "USD",
    "cik": "0001964738",
    "fillingDate": "2024-08-09",
    "acceptedDate": "2024-08-09 13:54:10",
    "calendarYear": "2024",
    "period": "Q2",
    "revenue": 2081000000,
    "costOfRevenue": 944000000,
    "grossProfit": 1137000000,
    "grossProfitRatio": 0.5463719366,
    "researchAndDevelopmentExpenses": 192000000,
    "generalAndAdministrativeExpenses": 0,
    "sellingAndMarketingExpenses": 0,
    "sellingGeneralAndAdministrativeExpenses": 701000000,
    "otherExpenses": 0,
    "operatingExpenses": 893000000,
    "costAndExpenses": 1837000000,
    "interestIncome": 0,
    "interestExpense": 114000000,
    "depreciationAndAmortization": 133000000,
    "ebitda": 343000000,
    "ebitdaratio": 0.1648246036,
    "operatingIncome": 244000000,
    "operatingIncomeRatio": 0.1172513215,
    "totalOtherIncomeExpensesNet": -148000000,
    "incomeBeforeTax": 96000000,
    "incomeBeforeTaxRatio": 0.0461316675,
    "incomeTaxExpense": 7000000,
    "netIncome": 89000000,
    "netIncomeRatio": 0.0427679,
    "eps": 0.51,
    "epsdiluted": 0.51,
    "weightedAverageShsOut": 173200000,
    "weightedAverageShsOutDil": 173500000,
    "link": "https://www.sec.gov/Archives/edgar/data/1964738/000196473824000020/0001964738-24-000020-index.htm",
    "finalLink": "https://www.sec.gov/Archives/edgar/data/1964738/000196473824000020/solv-20240630.htm"
  },
  {
    "date": "2024-03-31",
    "symbol": "SOLV",
    "reportedCurrency": "USD",
    "cik": "0001964738",
    "fillingDate": "2024-05-10",
    "acceptedDate": "2024-05-10 09:13:00",
    "calendarYear": "2024",
    "period": "Q1",
    "revenue": 2016000000,
    "costOfRevenue": 844000000,
    "grossProfit": 1172000000,
    "grossProfitRatio": 0.5813492063,
    "researchAndDevelopmentExpenses": 195000000,
    "generalAndAdministrativeExpenses": 0,
    "sellingAndMarketingExpenses": 0,
    "sellingGeneralAndAdministrativeExpenses": 596000000,
    "otherExpenses": 0,
    "operatingExpenses": 791000000,
    "costAndExpenses": 1635000000,
    "interestIncome": 0,
    "interestExpense": 39000000,
    "depreciationAndAmortization": 139000000,
    "ebitda": 507000000,
    "ebitdaratio": 0.2514880952,
    "operatingIncome": 381000000,
    "operatingIncomeRatio": 0.1889880952,
    "totalOtherIncomeExpensesNet": -52000000,
    "incomeBeforeTax": 329000000,
    "incomeBeforeTaxRatio": 0.1631944444,
    "incomeTaxExpense": 92000000,
    "netIncome": 237000000,
    "netIncomeRatio": 0.1175595238,
    "eps": 1.37,
    "epsdiluted": 1.37,
    "weightedAverageShsOut": 172700000,
    "weightedAverageShsOutDil": 172700000,
    "link": "https://www.sec.gov/Archives/edgar/data/1964738/000196473824000013/0001964738-24-000013-index.htm",
    "finalLink": "https://www.sec.gov/Archives/edgar/data/1964738/000196473824000013/solv-20240331.htm"
  },
  {
    "date": "2023-12-31",
    "symbol": "SOLV",
    "reportedCurrency": "USD",
    "cik": "0001964738",
    "fillingDate": "2023-12-31",
    "acceptedDate": "2023-12-30 19:00:00",
    "calendarYear": "2023",
    "period": "Q4",
    "revenue": 2095000000,
    "costOfRevenue": 980000000,
    "grossProfit": 1115000000,
    "grossProfitRatio": 0.5322195704,
    "researchAndDevelopmentExpenses": 190000000,
    "generalAndAdministrativeExpenses": 0,
    "sellingAndMarketingExpenses": 0,
    "sellingGeneralAndAdministrativeExpenses": 575000000,
    "otherExpenses": 0,
    "operatingExpenses": 765000000,
    "costAndExpenses": 1745000000,
    "interestIncome": 0,
    "interestExpense": 0,
    "depreciationAndAmortization": 139000000,
    "ebitda": 489000000,
    "ebitdaratio": 0.2334128878,
    "operatingIncome": 350000000,
    "operatingIncomeRatio": 0.1670644391,
    "totalOtherIncomeExpensesNet": -171000000,
    "incomeBeforeTax": 179000000,
    "incomeBeforeTaxRatio": 0.0854415274,
    "incomeTaxExpense": 106000000,
    "netIncome": 73000000,
    "netIncomeRatio": 0.0348448687,
    "eps": 0,
    "epsdiluted": 0,
    "weightedAverageShsOut": 172466022,
    "weightedAverageShsOutDil": 172466022,
    "link": null,
    "finalLink": null
  },
  {
    "date": "2023-09-30",
    "symbol": "SOLV",
    "reportedCurrency": "USD",
    "cik": "0001964738",
    "fillingDate": "2023-09-30",
    "acceptedDate": "2023-09-29 20:00:00",
    "calendarYear": "2023",
    "period": "Q3",
    "revenue": 2074000000,
    "costOfRevenue": 865000000,
    "grossProfit": 1209000000,
    "grossProfitRatio": 0.5829315333,
    "researchAndDevelopmentExpenses": 180000000,
    "generalAndAdministrativeExpenses": 0,
    "sellingAndMarketingExpenses": 0,
    "sellingGeneralAndAdministrativeExpenses": 525000000,
    "otherExpenses": 0,
    "operatingExpenses": 705000000,
    "costAndExpenses": 1570000000,
    "interestIncome": 0,
    "interestExpense": 0,
    "depreciationAndAmortization": 144000000,
    "ebitda": 644000000,
    "ebitdaratio": 0.3105110897,
    "operatingIncome": 504000000,
    "operatingIncomeRatio": 0.2430086789,
    "totalOtherIncomeExpensesNet": -4000000,
    "incomeBeforeTax": 500000000,
    "incomeBeforeTaxRatio": 0.2410800386,
    "incomeTaxExpense": 40000000,
    "netIncome": 460000000,
    "netIncomeRatio": 0.2217936355,
    "eps": 2.67,
    "epsdiluted": 2.67,
    "weightedAverageShsOut": 172466022,
    "weightedAverageShsOutDil": 172466022,
    "link": null,
    "finalLink": null
  },
  {
    "date": "2023-06-30",
    "symbol": "SOLV",
    "reportedCurrency": "USD",
    "cik": "0001964738",
    "fillingDate": "2023-06-30",
    "acceptedDate": "2023-06-29 20:00:00",
    "calendarYear": "2023",
    "period": "Q2",
    "revenue": 2076000000,
    "costOfRevenue": 887000000,
    "grossProfit": 1189000000,
    "grossProfitRatio": 0.5727360308,
    "researchAndDevelopmentExpenses": 193000000,
    "generalAndAdministrativeExpenses": 0,
    "sellingAndMarketingExpenses": 0,
    "sellingGeneralAndAdministrativeExpenses": 579000000,
    "otherExpenses": 0,
    "operatingExpenses": 772000000,
    "costAndExpenses": 1659000000,
    "interestIncome": 0,
    "interestExpense": 0,
    "depreciationAndAmortization": 133000000,
    "ebitda": 546000000,
    "ebitdaratio": 0.2630057803,
    "operatingIncome": 417000000,
    "operatingIncomeRatio": 0.200867052,
    "totalOtherIncomeExpensesNet": -4000000,
    "incomeBeforeTax": 413000000,
    "incomeBeforeTaxRatio": 0.1989402697,
    "incomeTaxExpense": 92000000,
    "netIncome": 321000000,
    "netIncomeRatio": 0.1546242775,
    "eps": 1.78,
    "epsdiluted": 1.78,
    "weightedAverageShsOut": 172466022,
    "weightedAverageShsOutDil": 172466022,
    "link": null,
    "finalLink": null
  },
  {
    "date": "2023-03-31",
    "symbol": "SOLV",
    "reportedCurrency": "USD",
    "cik": "0001964738",
    "fillingDate": "2023-03-31",
    "acceptedDate": "2023-03-30 20:00:00",
    "calendarYear": "2023",
    "period": "Q1",
    "revenue": 2011000000,
    "costOfRevenue": 874000000,
    "grossProfit": 1137000000,
    "grossProfitRatio": 0.5653903531,
    "researchAndDevelopmentExpenses": 195000000,
    "generalAndAdministrativeExpenses": 0,
    "sellingAndMarketingExpenses": 0,
    "sellingGeneralAndAdministrativeExpenses": 577000000,
    "otherExpenses": 0,
    "operatingExpenses": 772000000,
    "costAndExpenses": 1646000000,
    "interestIncome": 0,
    "interestExpense": 0,
    "depreciationAndAmortization": 145000000,
    "ebitda": 508000000,
    "ebitdaratio": 0.2526106415,
    "operatingIncome": 365000000,
    "operatingIncomeRatio": 0.1815017404,
    "totalOtherIncomeExpensesNet": -2000000,
    "incomeBeforeTax": 363000000,
    "incomeBeforeTaxRatio": 0.1805072103,
    "incomeTaxExpense": 70000000,
    "netIncome": 293000000,
    "netIncomeRatio": 0.1456986574,
    "eps": 1.78,
    "epsdiluted": 1.78,
    "weightedAverageShsOut": 172466022,
    "weightedAverageShsOutDil": 172466022,
    "link": null,
    "finalLink": null
  },
  {
    "date": "2022-12-31",
    "symbol": "SOLV",
    "reportedCurrency": "USD",
    "cik": "0001964738",
    "fillingDate": "2022-12-31",
    "acceptedDate": "2022-12-30 19:00:00",
    "calendarYear": "2022",
    "period": "Q4",
    "revenue": 2005000000,
    "costOfRevenue": 896000000,
    "grossProfit": 1109000000,
    "grossProfitRatio": 0.553117207,
    "researchAndDevelopmentExpenses": 186000000,
    "generalAndAdministrativeExpenses": 0,
    "sellingAndMarketingExpenses": 0,
    "sellingGeneralAndAdministrativeExpenses": 541000000,
    "otherExpenses": 0,
    "operatingExpenses": 724000000,
    "costAndExpenses": 1620000000,
    "interestIncome": 0,
    "interestExpense": 0,
    "depreciationAndAmortization": 151000000,
    "ebitda": 533000000,
    "ebitdaratio": 0.2658354115,
    "operatingIncome": 385000000,
    "operatingIncomeRatio": 0.1920199501,
    "totalOtherIncomeExpensesNet": -2000000,
    "incomeBeforeTax": 383000000,
    "incomeBeforeTaxRatio": 0.1910224439,
    "incomeTaxExpense": 76000000,
    "netIncome": 307000000,
    "netIncomeRatio": 0.153117207,
    "eps": 1.78,
    "epsdiluted": 1.78,
    "weightedAverageShsOut": 172466022,
    "weightedAverageShsOutDil": 172466022,
    "link": null,
    "finalLink": null
  },
  {
    "date": "2022-09-30",
    "symbol": "SOLV",
    "reportedCurrency": "USD",
    "cik": "0001964738",
    "fillingDate": "2022-09-30",
    "acceptedDate": "2022-09-29 20:00:00",
    "calendarYear": "2022",
    "period": "Q3",
    "revenue": 2009000000,
    "costOfRevenue": 860000000,
    "grossProfit": 1149000000,
    "grossProfitRatio": 0.5719263315,
    "researchAndDevelopmentExpenses": 183000000,
    "generalAndAdministrativeExpenses": 0,
    "sellingAndMarketingExpenses": 0,
    "sellingGeneralAndAdministrativeExpenses": 543000000,
    "otherExpenses": 0,
    "operatingExpenses": 726000000,
    "costAndExpenses": 1586000000,
    "interestIncome": 0,
    "interestExpense": 0,
    "depreciationAndAmortization": 142000000,
    "ebitda": 565000000,
    "ebitdaratio": 0.281234445,
    "operatingIncome": 423000000,
    "operatingIncomeRatio": 0.2105525137,
    "totalOtherIncomeExpensesNet": 0,
    "incomeBeforeTax": 423000000,
    "incomeBeforeTaxRatio": 0.2105525137,
    "incomeTaxExpense": 88000000,
    "netIncome": 335000000,
    "netIncomeRatio": 0.1667496267,
    "eps": 1.94,
    "epsdiluted": 1.94,
    "weightedAverageShsOut": 172466022,
    "weightedAverageShsOutDil": 172466022,
    "link": null,
    "finalLink": null
  },
  {
    "date": "2022-06-30",
    "symbol": "SOLV",
    "reportedCurrency": "USD",
    "cik": "0001964738",
    "fillingDate": "2022-06-30",
    "acceptedDate": "2022-06-29 20:00:00",
    "calendarYear": "2022",
    "period": "Q2",
    "revenue": 2058000000,
    "costOfRevenue": 839500000,
    "grossProfit": 1218500000,
    "grossProfitRatio": 0.592079689,
    "researchAndDevelopmentExpenses": 199000000,
    "generalAndAdministrativeExpenses": 0,
    "sellingAndMarketingExpenses": 0,
    "sellingGeneralAndAdministrativeExpenses": 577000000,
    "otherExpenses": 0,
    "operatingExpenses": 775500000,
    "costAndExpenses": 1615000000,
    "interestIncome": 0,
    "interestExpense": 0,
    "depreciationAndAmortization": 142500000,
    "ebitda": 585000000,
    "ebitdaratio": 0.2842565598,
    "operatingIncome": 442500000,
    "operatingIncomeRatio": 0.2150145773,
    "totalOtherIncomeExpensesNet": 500000,
    "incomeBeforeTax": 443000000,
    "incomeBeforeTaxRatio": 0.2152575316,
    "incomeTaxExpense": 92500000,
    "netIncome": 350500000,
    "netIncomeRatio": 0.1703109815,
    "eps": 2.03,
    "epsdiluted": 2.03,
    "weightedAverageShsOut": 172466022,
    "weightedAverageShsOutDil": 172466022,
    "link": null,
    "finalLink": null
  },
  {
    "date": "2022-03-31",
    "symbol": "SOLV",
    "reportedCurrency": "USD",
    "cik": "0001964738",
    "fillingDate": "2022-03-31",
    "acceptedDate": "2022-03-30 20:00:00",
    "calendarYear": "2022",
    "period": "Q1",
    "revenue": 2058000000,
    "costOfRevenue": 839500000,
    "grossProfit": 1218500000,
    "grossProfitRatio": 0.592079689,
    "researchAndDevelopmentExpenses": 199000000,
    "generalAndAdministrativeExpenses": 0,
    "sellingAndMarketingExpenses": 0,
    "sellingGeneralAndAdministrativeExpenses": 577000000,
    "otherExpenses": 0,
    "operatingExpenses": 775500000,
    "costAndExpenses": 1615000000,
    "interestIncome": 0,
    "interestExpense": 0,
    "depreciationAndAmortization": 142500000,
    "ebitda": 585000000,
    "ebitdaratio": 0.2842565598,
    "operatingIncome": 442500000,
    "operatingIncomeRatio": 0.2150145773,
    "totalOtherIncomeExpensesNet": 500000,
    "incomeBeforeTax": 443000000,
    "incomeBeforeTaxRatio": 0.2152575316,
    "incomeTaxExpense": 92500000,
    "netIncome": 350500000,
    "netIncomeRatio": 0.1703109815,
    "eps": 2.032,
    "epsdiluted": 2.032,
    "weightedAverageShsOut": 172466022,
    "weightedAverageShsOutDil": 172466022,
    "link": null,
    "finalLink": null
  }
]