[
  {
    "date": "2025-06-30",
    "symbol": "SPG",
    "reportedCurrency": "USD",
    "cik": "0001063761",
    "fillingDate": "2025-08-07",
    "acceptedDate": "2025-08-07 07:16:17",
    "calendarYear": "2025",
    "period": "Q2",
    "revenue": 1498460000,
    "costOfRevenue": 214990000,
    "grossProfit": 1283470000,
    "grossProfitRatio": 0.8565260334,
    "researchAndDevelopmentExpenses": 0,
    "generalAndAdministrativeExpenses": 14298000,
    "sellingAndMarketingExpenses": 36309000,
    "sellingGeneralAndAdministrativeExpenses": 50607000,
    "otherExpenses": 488665000,
    "operatingExpenses": 539272000,
    "costAndExpenses": 754262000,
    "interestIncome": 0,
    "interestExpense": 232724000,
    "depreciationAndAmortization": 367638000,
    "ebitda": 1279150000,
    "ebitdaratio": 0.8536430736,
    "operatingIncome": 744197000,
    "operatingIncomeRatio": 0.4966412183,
    "totalOtherIncomeExpensesNet": -65409000,
    "incomeBeforeTax": 678788000,
    "incomeBeforeTaxRatio": 0.4529904035,
    "incomeTaxExpense": 35107000,
    "netIncome": 556967000,
    "netIncomeRatio": 0.3716929381,
    "eps": 1.7,
    "epsdiluted": 1.7,
    "weightedAverageShsOut": 327137000,
    "weightedAverageShsOutDil": 327137000,
    "link": "https://www.sec.gov/Archives/edgar/data/1063761/000155837025010639/0001558370-25-010639-index.htm",
    "finalLink": "https://www.sec.gov/Archives/edgar/data/1022344/000155837025010639/spg-20250630x10q.htm"
  },
  {
    "date": "2025-03-31",
    "symbol": "SPG",
    "reportedCurrency": "USD",
    "cik": "0001063761",
    "fillingDate": "2025-05-12",
    "acceptedDate": "2025-05-12 16:11:39",
    "calendarYear": "2025",
    "period": "Q1",
    "revenue": 1473012000,
    "costOfRevenue": 274415000,
    "grossProfit": 1198597000,
    "grossProfitRatio": 0.8137048442,
    "researchAndDevelopmentExpenses": 0,
    "generalAndAdministrativeExpenses": 12629000,
    "sellingAndMarketingExpenses": 34257000,
    "sellingGeneralAndAdministrativeExpenses": 46886000,
    "otherExpenses": 424095000,
    "operatingExpenses": 470981000,
    "costAndExpenses": 745396000,
    "interestIncome": 0,
    "interestExpense": 226995000,
    "depreciationAndAmortization": 355647000,
    "ebitda": 1052865000,
    "ebitdaratio": 0.7147701444,
    "operatingIncome": 727616000,
    "operatingIncomeRatio": 0.4939647471,
    "totalOtherIncomeExpensesNet": -257393000,
    "incomeBeforeTax": 470223000,
    "incomeBeforeTaxRatio": 0.3192255053,
    "incomeTaxExpense": -7637000,
    "netIncome": 414533000,
    "netIncomeRatio": 0.2814186171,
    "eps": 1.27,
    "epsdiluted": 1.27,
    "weightedAverageShsOut": 326313000,
    "weightedAverageShsOutDil": 326313000,
    "link": "https://www.sec.gov/Archives/edgar/data/1063761/000155837025007380/0001558370-25-007380-index.htm",
    "finalLink": "https://www.sec.gov/Archives/edgar/data/1022344/000155837025007380/spg-20250331x10q.htm"
  },
  {
    "date": "2024-12-31",
    "symbol": "SPG",
    "reportedCurrency": "USD",
    "cik": "0001063761",
    "fillingDate": "2025-02-21",
    "acceptedDate": "2025-02-21 11:03:27",
    "calendarYear": "2024",
    "period": "Q4",
    "revenue": 1582232000,
    "costOfRevenue": 271774000,
    "grossProfit": 1310458000,
    "grossProfitRatio": 0.8282337862,
    "researchAndDevelopmentExpenses": 0,
    "generalAndAdministrativeExpenses": 15602000,
    "sellingAndMarketingExpenses": 43505000,
    "sellingGeneralAndAdministrativeExpenses": 59107000,
    "otherExpenses": 415605000,
    "operatingExpenses": 474712000,
    "costAndExpenses": 746486000,
    "interestIncome": 0,
    "interestExpense": 227415000,
    "depreciationAndAmortization": 360599000,
    "ebitda": 1327865000,
    "ebitdaratio": 0.8392353334,
    "operatingIncome": 835746000,
    "operatingIncomeRatio": 0.5282069886,
    "totalOtherIncomeExpensesNet": -95895000,
    "incomeBeforeTax": 739851000,
    "incomeBeforeTaxRatio": 0.4675995682,
    "incomeTaxExpense": -31908000,
    "netIncome": 668065000,
    "netIncomeRatio": 0.4222294834,
    "eps": 2.04,
    "epsdiluted": 2.04,
    "weightedAverageShsOut": 326278000,
    "weightedAverageShsOutDil": 326278000,
    "link": "https://www.sec.gov/Archives/edgar/data/1063761/000155837025001271/0001558370-25-001271-index.htm",
    "finalLink": "https://www.sec.gov/Archives/edgar/data/1022344/000155837025001271/spg-20241231x10k.htm"
  },
  {
    "date": "2024-09-30",
    "symbol": "SPG",
    "reportedCurrency": "USD",
    "cik": "0001063761",
    "fillingDate": "2024-11-08",
    "acceptedDate": "2024-11-08 06:49:51",
    "calendarYear": "2024",
    "period": "Q3",
    "revenue": 1480710000,
    "costOfRevenue": 258132000,
    "grossProfit": 1222578000,
    "grossProfitRatio": 0.8256701177,
    "researchAndDevelopmentExpenses": 0,
    "generalAndAdministrativeExpenses": 9171000,
    "sellingAndMarketingExpenses": 34138000,
    "sellingGeneralAndAdministrativeExpenses": 43309000,
    "otherExpenses": 411500000,
    "operatingExpenses": 454809000,
    "costAndExpenses": 712941000,
    "interestIncome": 0,
    "interestExpense": 226424000,
    "depreciationAndAmortization": 341905000,
    "ebitda": 1117605000,
    "ebitdaratio": 0.7547764248,
    "operatingIncome": 767769000,
    "operatingIncomeRatio": 0.5185140912,
    "totalOtherIncomeExpensesNet": -218493000,
    "incomeBeforeTax": 549276000,
    "incomeBeforeTaxRatio": 0.3709544745,
    "incomeTaxExpense": 2605000,
    "netIncome": 475995000,
    "netIncomeRatio": 0.3214640274,
    "eps": 1.46,
    "epsdiluted": 1.46,
    "weightedAverageShsOut": 326158000,
    "weightedAverageShsOutDil": 326158000,
    "link": "https://www.sec.gov/Archives/edgar/data/1063761/000155837024014946/0001558370-24-014946-index.htm",
    "finalLink": "https://www.sec.gov/Archives/edgar/data/1022344/000155837024014946/spg-20240930x10q.htm"
  },
  {
    "date": "2024-06-30",
    "symbol": "SPG",
    "reportedCurrency": "USD",
    "cik": "0001063761",
    "fillingDate": "2024-08-07",
    "acceptedDate": "2024-08-07 07:55:38",
    "calendarYear": "2024",
    "period": "Q2",
    "revenue": 1458266000,
    "costOfRevenue": 227932000,
    "grossProfit": 1230334000,
    "grossProfitRatio": 0.8436965547,
    "researchAndDevelopmentExpenses": 0,
    "generalAndAdministrativeExpenses": 10839000,
    "sellingAndMarketingExpenses": 38828000,
    "sellingGeneralAndAdministrativeExpenses": 49667000,
    "otherExpenses": 426566000,
    "operatingExpenses": 476233000,
    "costAndExpenses": 704165000,
    "interestIncome": 0,
    "interestExpense": 221338000,
    "depreciationAndAmortization": 332595000,
    "ebitda": 1128329000,
    "ebitdaratio": 0.7737470393,
    "operatingIncome": 754101000,
    "operatingIncomeRatio": 0.5171217048,
    "totalOtherIncomeExpensesNet": -179705000,
    "incomeBeforeTax": 574396000,
    "incomeBeforeTaxRatio": 0.3938897293,
    "incomeTaxExpense": 4961000,
    "netIncome": 494299000,
    "netIncomeRatio": 0.3389635361,
    "eps": 1.51,
    "epsdiluted": 1.51,
    "weightedAverageShsOut": 326039000,
    "weightedAverageShsOutDil": 326039000,
    "link": "https://www.sec.gov/Archives/edgar/data/1063761/000155837024011208/0001558370-24-011208-index.htm",
    "finalLink": "https://www.sec.gov/Archives/edgar/data/1022344/000155837024011208/spg-20240630x10q.htm"
  },
  {
    "date": "2024-03-31",
    "symbol": "SPG",
    "reportedCurrency": "USD",
    "cik": "0001063761",
    "fillingDate": "2024-05-07",
    "acceptedDate": "2024-05-07 16:16:28",
    "calendarYear": "2024",
    "period": "Q1",
    "revenue": 1442590000,
    "costOfRevenue": 261052000,
    "grossProfit": 1181538000,
    "grossProfitRatio": 0.8190393667,
    "researchAndDevelopmentExpenses": 0,
    "generalAndAdministrativeExpenses": 9132000,
    "sellingAndMarketingExpenses": 28081000,
    "sellingGeneralAndAdministrativeExpenses": 37213000,
    "otherExpenses": 409145000,
    "operatingExpenses": 446358000,
    "costAndExpenses": 707410000,
    "interestIncome": 0,
    "interestExpense": 230623000,
    "depreciationAndAmortization": 324762000,
    "ebitda": 1444143000,
    "ebitdaratio": 1.001076536,
    "operatingIncome": 735180000,
    "operatingIncomeRatio": 0.5096250494,
    "totalOtherIncomeExpensesNet": 153578000,
    "incomeBeforeTax": 888758000,
    "incomeBeforeTaxRatio": 0.6160849583,
    "incomeTaxExpense": 47603000,
    "netIncome": 732536000,
    "netIncomeRatio": 0.5077922348,
    "eps": 2.25,
    "epsdiluted": 2.25,
    "weightedAverageShsOut": 325912000,
    "weightedAverageShsOutDil": 325912000,
    "link": "https://www.sec.gov/Archives/edgar/data/1063761/000155837024007058/0001558370-24-007058-index.htm",
    "finalLink": "https://www.sec.gov/Archives/edgar/data/1022344/000155837024007058/spg-20240331x10q.htm"
  },
  {
    "date": "2023-12-31",
    "symbol": "SPG",
    "reportedCurrency": "USD",
    "cik": "0001063761",
    "fillingDate": "2024-02-22",
    "acceptedDate": "2024-02-22 16:11:39",
    "calendarYear": "2023",
    "period": "Q4",
    "revenue": 1527438000,
    "costOfRevenue": 255544000,
    "grossProfit": 1271894000,
    "grossProfitRatio": 0.8326976283,
    "researchAndDevelopmentExpenses": 0,
    "generalAndAdministrativeExpenses": 10278000,
    "sellingAndMarketingExpenses": 40633000,
    "sellingGeneralAndAdministrativeExpenses": 50911000,
    "otherExpenses": 428844000,
    "operatingExpenses": 479755000,
    "costAndExpenses": 735299000,
    "interestIncome": 0,
    "interestExpense": 224923000,
    "depreciationAndAmortization": 338778000,
    "ebitda": 1464819000,
    "ebitdaratio": 0.9590039006,
    "operatingIncome": 792139000,
    "operatingIncomeRatio": 0.5186063199,
    "totalOtherIncomeExpensesNet": 108979000,
    "incomeBeforeTax": 901118000,
    "incomeBeforeTaxRatio": 0.5899538967,
    "incomeTaxExpense": 41622000,
    "netIncome": 748314000,
    "netIncomeRatio": 0.4899144843,
    "eps": 2.2974,
    "epsdiluted": 2.2974,
    "weightedAverageShsOut": 325933832,
    "weightedAverageShsOutDil": 325933832,
    "link": "https://www.sec.gov/Archives/edgar/data/1063761/000155837024001532/0001558370-24-001532-index.htm",
    "finalLink": "https://www.sec.gov/Archives/edgar/data/1022344/000155837024001532/spg-20231231x10k.htm"
  },
  {
    "date": "2023-09-30",
    "symbol": "SPG",
    "reportedCurrency": "USD",
    "cik": "0001063761",
    "fillingDate": "2023-11-02",
    "acceptedDate": "2023-11-02 07:49:44",
    "calendarYear": "2023",
    "period": "Q3",
    "revenue": 1410948000,
    "costOfRevenue": 274657000,
    "grossProfit": 1136291000,
    "grossProfitRatio": 0.8053386801,
    "researchAndDevelopmentExpenses": 0,
    "generalAndAdministrativeExpenses": 9070000,
    "sellingAndMarketingExpenses": 28809000,
    "sellingGeneralAndAdministrativeExpenses": 37879000,
    "otherExpenses": 404178000,
    "operatingExpenses": 442057000,
    "costAndExpenses": 716714000,
    "interestIncome": 0,
    "interestExpense": 212210000,
    "depreciationAndAmortization": 333358000,
    "ebitda": 1269548000,
    "ebitdaratio": 0.8997836915,
    "operatingIncome": 694234000,
    "operatingIncomeRatio": 0.4920337248,
    "totalOtherIncomeExpensesNet": 29746000,
    "incomeBeforeTax": 723980000,
    "incomeBeforeTaxRatio": 0.5131160043,
    "incomeTaxExpense": 43218000,
    "netIncome": 594973000,
    "netIncomeRatio": 0.421683152,
    "eps": 1.85,
    "epsdiluted": 1.85,
    "weightedAverageShsOut": 327158743,
    "weightedAverageShsOutDil": 327158743,
    "link": "https://www.sec.gov/Archives/edgar/data/1063761/000155837023017324/0001558370-23-017324-index.htm",
    "finalLink": "https://www.sec.gov/Archives/edgar/data/1022344/000155837023017324/spg-20230930x10q.htm"
  },
  {
    "date": "2023-06-30",
    "symbol": "SPG",
    "reportedCurrency": "USD",
    "cik": "0001063761",
    "fillingDate": "2023-08-03",
    "acceptedDate": "2023-08-03 08:03:58",
    "calendarYear": "2023",
    "period": "Q2",
    "revenue": 1369601000,
    "costOfRevenue": 230100000,
    "grossProfit": 1139501000,
    "grossProfitRatio": 0.8319948657,
    "researchAndDevelopmentExpenses": 0,
    "generalAndAdministrativeExpenses": 10058000,
    "sellingAndMarketingExpenses": 33745000,
    "sellingGeneralAndAdministrativeExpenses": 43803000,
    "otherExpenses": 437773000,
    "operatingExpenses": 481576000,
    "costAndExpenses": 711676000,
    "interestIncome": 0,
    "interestExpense": 218086000,
    "depreciationAndAmortization": 339056000,
    "ebitda": 1125134000,
    "ebitdaratio": 0.8215049493,
    "operatingIncome": 657925000,
    "operatingIncomeRatio": 0.4803771317,
    "totalOtherIncomeExpensesNet": -89933000,
    "incomeBeforeTax": 567992000,
    "incomeBeforeTaxRatio": 0.4147134822,
    "incomeTaxExpense": 10487000,
    "netIncome": 487177000,
    "netIncomeRatio": 0.3557072461,
    "eps": 1.48,
    "epsdiluted": 1.48,
    "weightedAverageShsOut": 327189785,
    "weightedAverageShsOutDil": 327189785,
    "link": "https://www.sec.gov/Archives/edgar/data/1063761/000155837023013069/0001558370-23-013069-index.htm",
    "finalLink": "https://www.sec.gov/Archives/edgar/data/1022344/000155837023013069/spg-20230630x10q.htm"
  },
  {
    "date": "2023-03-31",
    "symbol": "SPG",
    "reportedCurrency": "USD",
    "cik": "0001063761",
    "fillingDate": "2023-05-04",
    "acceptedDate": "2023-05-04 06:02:32",
    "calendarYear": "2023",
    "period": "Q1",
    "revenue": 1350849000,
    "costOfRevenue": 245081000,
    "grossProfit": 1105768000,
    "grossProfitRatio": 0.8185726162,
    "researchAndDevelopmentExpenses": 0,
    "generalAndAdministrativeExpenses": 9107000,
    "sellingAndMarketingExpenses": 24159000,
    "sellingGeneralAndAdministrativeExpenses": 33266000,
    "otherExpenses": 409779000,
    "operatingExpenses": 443045000,
    "costAndExpenses": 688126000,
    "interestIncome": 0,
    "interestExpense": 199429000,
    "depreciationAndAmortization": 322392000,
    "ebitda": 1027623000,
    "ebitdaratio": 0.7607238115,
    "operatingIncome": 662723000,
    "operatingIncomeRatio": 0.4905973947,
    "totalOtherIncomeExpensesNet": -156921000,
    "incomeBeforeTax": 505802000,
    "incomeBeforeTaxRatio": 0.3744326716,
    "incomeTaxExpense": -13453000,
    "netIncome": 452661000,
    "netIncomeRatio": 0.3350937077,
    "eps": 1.38,
    "epsdiluted": 1.38,
    "weightedAverageShsOut": 326954000,
    "weightedAverageShsOutDil": 326954294,
    "link": "https://www.sec.gov/Archives/edgar/data/1063761/000155837023007951/0001558370-23-007951-index.htm",
    "finalLink": "https://www.sec.gov/Archives/edgar/data/1022344/000155837023007951/spg-20230331x10q.htm"
  },
  {
    "date": "2022-12-31",
    "symbol": "SPG",
    "reportedCurrency": "USD",
    "cik": "0001063761",
    "fillingDate": "2023-02-23",
    "acceptedDate": "2023-02-23 09:45:23",
    "calendarYear": "2022",
    "period": "Q4",
    "revenue": 1399897000,
    "costOfRevenue": 266421000,
    "grossProfit": 1133476000,
    "grossProfitRatio": 0.809685284,
    "researchAndDevelopmentExpenses": 0,
    "generalAndAdministrativeExpenses": 9994000,
    "sellingAndMarketingExpenses": 35364000,
    "sellingGeneralAndAdministrativeExpenses": 45358000,
    "otherExpenses": 403913000,
    "operatingExpenses": 449271000,
    "costAndExpenses": 715692000,
    "interestIncome": 0,
    "interestExpense": 200900000,
    "depreciationAndAmortization": 336346000,
    "ebitda": 1362338000,
    "ebitdaratio": 0.9731701689,
    "operatingIncome": 684205000,
    "operatingIncomeRatio": 0.4887538155,
    "totalOtherIncomeExpensesNet": 140887000,
    "incomeBeforeTax": 825092000,
    "incomeBeforeTaxRatio": 0.5893947912,
    "incomeTaxExpense": 52344000,
    "netIncome": 674620000,
    "netIncomeRatio": 0.4819068831,
    "eps": 2.04,
    "epsdiluted": 2.04,
    "weightedAverageShsOut": 326953791,
    "weightedAverageShsOutDil": 326953791,
    "link": "https://www.sec.gov/Archives/edgar/data/1063761/000155837023001840/0001558370-23-001840-index.htm",
    "finalLink": "https://www.sec.gov/Archives/edgar/data/1022344/000155837023001840/spg-20221231x10k.htm"
  },
  {
    "date": "2022-09-30",
    "symbol": "SPG",
    "reportedCurrency": "USD",
    "cik": "0001063761",
    "fillingDate": "2022-11-03",
    "acceptedDate": "2022-11-03 06:04:15",
    "calendarYear": "2022",
    "period": "Q3",
    "revenue": 1315786000,
    "costOfRevenue": 252429000,
    "grossProfit": 1063357000,
    "grossProfitRatio": 0.8081534535,
    "researchAndDevelopmentExpenses": 0,
    "generalAndAdministrativeExpenses": 7784000,
    "sellingAndMarketingExpenses": 27102000,
    "sellingGeneralAndAdministrativeExpenses": 34886000,
    "otherExpenses": 376275000,
    "operatingExpenses": 411161000,
    "costAndExpenses": 663590000,
    "interestIncome": 0,
    "interestExpense": 187878000,
    "depreciationAndAmortization": 316304000,
    "ebitda": 1134285000,
    "ebitdaratio": 0.8620588758,
    "operatingIncome": 652196000,
    "operatingIncomeRatio": 0.4956702686,
    "totalOtherIncomeExpensesNet": -22093000,
    "incomeBeforeTax": 630103000,
    "incomeBeforeTaxRatio": 0.4788795442,
    "incomeTaxExpense": 8256000,
    "netIncome": 539872000,
    "netIncomeRatio": 0.4103038032,
    "eps": 1.65,
    "epsdiluted": 1.65,
    "weightedAverageShsOut": 327286003,
    "weightedAverageShsOutDil": 327286003,
    "link": "https://www.sec.gov/Archives/edgar/data/1063761/000155837022016109/0001558370-22-016109-index.htm",
    "finalLink": "https://www.sec.gov/Archives/edgar/data/1022344/000155837022016109/spg-20220930x10q.htm"
  },
  {
    "date": "2022-06-30",
    "symbol": "SPG",
    "reportedCurrency": "USD",
    "cik": "0001063761",
    "fillingDate": "2022-08-04",
    "acceptedDate": "2022-08-04 06:04:03",
    "calendarYear": "2022",
    "period": "Q2",
    "revenue": 1279842000,
    "costOfRevenue": 244447000,
    "grossProfit": 1035395000,
    "grossProfitRatio": 0.809002205,
    "researchAndDevelopmentExpenses": 0,
    "generalAndAdministrativeExpenses": 9360000,
    "sellingAndMarketingExpenses": 20064000,
    "sellingGeneralAndAdministrativeExpenses": 29424000,
    "otherExpenses": 379210000,
    "operatingExpenses": 408634000,
    "costAndExpenses": 653081000,
    "interestIncome": 0,
    "interestExpense": 187316000,
    "depreciationAndAmortization": 315339000,
    "ebitda": 1096481000,
    "ebitdaratio": 0.856731534,
    "operatingIncome": 626761000,
    "operatingIncomeRatio": 0.4897174808,
    "totalOtherIncomeExpensesNet": -32935000,
    "incomeBeforeTax": 593826000,
    "incomeBeforeTaxRatio": 0.4639838355,
    "incomeTaxExpense": 24346000,
    "netIncome": 497577000,
    "netIncomeRatio": 0.3887800213,
    "eps": 1.51,
    "epsdiluted": 1.51,
    "weightedAverageShsOut": 328444627,
    "weightedAverageShsOutDil": 328444627,
    "link": "https://www.sec.gov/Archives/edgar/data/1063761/000155837022012019/0001558370-22-012019-index.htm",
    "finalLink": "https://www.sec.gov/Archives/edgar/data/1022344/000155837022012019/spg-20220630x10q.htm"
  },
  {
    "date": "2022-03-31",
    "symbol": "SPG",
    "reportedCurrency": "USD",
    "cik": "0001063761",
    "fillingDate": "2022-05-09",
    "acceptedDate": "2022-05-09 16:16:59",
    "calendarYear": "2022",
    "period": "Q1",
    "revenue": 1295922000,
    "costOfRevenue": 237659000,
    "grossProfit": 1058263000,
    "grossProfitRatio": 0.8166101046,
    "researchAndDevelopmentExpenses": 0,
    "generalAndAdministrativeExpenses": 7833000,
    "sellingAndMarketingExpenses": 25263000,
    "sellingGeneralAndAdministrativeExpenses": 33096000,
    "otherExpenses": 404776000,
    "operatingExpenses": 437872000,
    "costAndExpenses": 675531000,
    "interestIncome": 0,
    "interestExpense": 185159000,
    "depreciationAndAmortization": 324124000,
    "ebitda": 996158000,
    "ebitdaratio": 0.7686866956,
    "operatingIncome": 620391000,
    "operatingIncomeRatio": 0.4787255714,
    "totalOtherIncomeExpensesNet": -133516000,
    "incomeBeforeTax": 486875000,
    "incomeBeforeTaxRatio": 0.3756977658,
    "incomeTaxExpense": -1435000,
    "netIncome": 427464000,
    "netIncomeRatio": 0.3298531856,
    "eps": 1.3,
    "epsdiluted": 1.3,
    "weightedAverageShsOut": 328606352,
    "weightedAverageShsOutDil": 328606352,
    "link": "https://www.sec.gov/Archives/edgar/data/1063761/000155837022007828/0001558370-22-007828-index.htm",
    "finalLink": "https://www.sec.gov/Archives/edgar/data/1022344/000155837022007828/spg-20220331x10q.htm"
  },
  {
    "date": "2021-12-31",
    "symbol": "SPG",
    "reportedCurrency": "USD",
    "cik": "0001063761",
    "fillingDate": "2022-02-24",
    "acceptedDate": "2022-02-24 07:50:39",
    "calendarYear": "2021",
    "period": "Q4",
    "revenue": 1326137000,
    "costOfRevenue": 269890000,
    "grossProfit": 1056247000,
    "grossProfitRatio": 0.7964840737,
    "researchAndDevelopmentExpenses": 0,
    "generalAndAdministrativeExpenses": 9600000,
    "sellingAndMarketingExpenses": 26618000,
    "sellingGeneralAndAdministrativeExpenses": 36218000,
    "otherExpenses": 428497000,
    "operatingExpenses": 464715000,
    "costAndExpenses": 734605000,
    "interestIncome": 0,
    "interestExpense": 193505000,
    "depreciationAndAmortization": 340779000,
    "ebitda": 1156846000,
    "ebitdaratio": 0.8723427519,
    "operatingIncome": 591532000,
    "operatingIncomeRatio": 0.4460564783,
    "totalOtherIncomeExpensesNet": 31030000,
    "incomeBeforeTax": 622562000,
    "incomeBeforeTaxRatio": 0.4694552674,
    "incomeTaxExpense": 48832000,
    "netIncome": 504075000,
    "netIncomeRatio": 0.3801077868,
    "eps": 1.53,
    "epsdiluted": 1.53,
    "weightedAverageShsOut": 328619000,
    "weightedAverageShsOutDil": 328619000,
    "link": "https://www.sec.gov/Archives/edgar/data/1063761/000155837022001845/0001558370-22-001845-index.htm",
    "finalLink": "https://www.sec.gov/Archives/edgar/data/1022344/000155837022001845/spg-20211231x10k.htm"
  },
  {
    "date": "2021-09-30",
    "symbol": "SPG",
    "reportedCurrency": "USD",
    "cik": "0001063761",
    "fillingDate": "2021-11-03",
    "acceptedDate": "2021-11-03 06:14:22",
    "calendarYear": "2021",
    "period": "Q3",
    "revenue": 1296554000,
    "costOfRevenue": 247385000,
    "grossProfit": 1049169000,
    "grossProfitRatio": 0.8091980743,
    "researchAndDevelopmentExpenses": 0,
    "generalAndAdministrativeExpenses": 6909000,
    "sellingAndMarketingExpenses": 38635000,
    "sellingGeneralAndAdministrativeExpenses": 45544000,
    "otherExpenses": 391301000,
    "operatingExpenses": 436845000,
    "costAndExpenses": 684230000,
    "interestIncome": 0,
    "interestExpense": 199772000,
    "depreciationAndAmortization": 320333000,
    "ebitda": 1366015000,
    "ebitdaratio": 1.0535735496,
    "operatingIncome": 612324000,
    "operatingIncomeRatio": 0.4722703412,
    "totalOtherIncomeExpensesNet": 233586000,
    "incomeBeforeTax": 845910000,
    "incomeBeforeTaxRatio": 0.6524294399,
    "incomeTaxExpense": 67262000,
    "netIncome": 680770000,
    "netIncomeRatio": 0.5250610464,
    "eps": 2.07,
    "epsdiluted": 2.07,
    "weightedAverageShsOut": 328619163,
    "weightedAverageShsOutDil": 328619163,
    "link": "https://www.sec.gov/Archives/edgar/data/1063761/000155837021014198/0001558370-21-014198-index.htm",
    "finalLink": "https://www.sec.gov/Archives/edgar/data/1022344/000155837021014198/spg-20210930x10q.htm"
  },
  {
    "date": "2021-06-30",
    "symbol": "SPG",
    "reportedCurrency": "USD",
    "cik": "0001063761",
    "fillingDate": "2021-08-04",
    "acceptedDate": "2021-08-04 06:12:57",
    "calendarYear": "2021",
    "period": "Q2",
    "revenue": 1254146000,
    "costOfRevenue": 229804000,
    "grossProfit": 1024342000,
    "grossProfitRatio": 0.8167645553,
    "researchAndDevelopmentExpenses": 0,
    "generalAndAdministrativeExpenses": 7254000,
    "sellingAndMarketingExpenses": 19565000,
    "sellingGeneralAndAdministrativeExpenses": 26819000,
    "otherExpenses": 392800000,
    "operatingExpenses": 419619000,
    "costAndExpenses": 649423000,
    "interestIncome": 0,
    "interestExpense": 200419000,
    "depreciationAndAmortization": 332963000,
    "ebitda": 1286254000,
    "ebitdaratio": 1.025601485,
    "operatingIncome": 604723000,
    "operatingIncomeRatio": 0.4821791083,
    "totalOtherIncomeExpensesNet": 148149000,
    "incomeBeforeTax": 752872000,
    "incomeBeforeTaxRatio": 0.6003065034,
    "incomeTaxExpense": 47003000,
    "netIncome": 618091000,
    "netIncomeRatio": 0.4928381544,
    "eps": 1.88,
    "epsdiluted": 1.88,
    "weightedAverageShsOut": 328594136,
    "weightedAverageShsOutDil": 328594136,
    "link": "https://www.sec.gov/Archives/edgar/data/1063761/000155837021010076/0001558370-21-010076-index.htm",
    "finalLink": "https://www.sec.gov/Archives/edgar/data/1022344/000155837021010076/spg-20210630x10q.htm"
  },
  {
    "date": "2021-03-31",
    "symbol": "SPG",
    "reportedCurrency": "USD",
    "cik": "0001063761",
    "fillingDate": "2021-05-10",
    "acceptedDate": "2021-05-10 16:16:28",
    "calendarYear": "2021",
    "period": "Q1",
    "revenue": 1239951000,
    "costOfRevenue": 223986000,
    "grossProfit": 1015965000,
    "grossProfitRatio": 0.8193589908,
    "researchAndDevelopmentExpenses": 0,
    "generalAndAdministrativeExpenses": 6576000,
    "sellingAndMarketingExpenses": 29486000,
    "sellingGeneralAndAdministrativeExpenses": 36062000,
    "otherExpenses": 375291000,
    "operatingExpenses": 411353000,
    "costAndExpenses": 635339000,
    "interestIncome": 0,
    "interestExpense": 202016000,
    "depreciationAndAmortization": 331820000,
    "ebitda": 1038398000,
    "ebitdaratio": 0.8374508348,
    "operatingIncome": 604612000,
    "operatingIncomeRatio": 0.487609591,
    "totalOtherIncomeExpensesNet": -100050000,
    "incomeBeforeTax": 504562000,
    "incomeBeforeTaxRatio": 0.4069209186,
    "incomeTaxExpense": -5898000,
    "netIncome": 446694000,
    "netIncomeRatio": 0.3602513325,
    "eps": 1.36,
    "epsdiluted": 1.36,
    "weightedAverageShsOut": 328514497,
    "weightedAverageShsOutDil": 328514497,
    "link": "https://www.sec.gov/Archives/edgar/data/1063761/000155837021006672/0001558370-21-006672-index.htm",
    "finalLink": "https://www.sec.gov/Archives/edgar/data/1022344/000155837021006672/spg-20210331x10q.htm"
  },
  {
    "date": "2020-12-31",
    "symbol": "SPG",
    "reportedCurrency": "USD",
    "cik": "0001063761",
    "fillingDate": "2021-02-25",
    "acceptedDate": "2021-02-25 06:28:02",
    "calendarYear": "2020",
    "period": "Q4",
    "revenue": 1131429000,
    "costOfRevenue": 215118000,
    "grossProfit": 916311000,
    "grossProfitRatio": 0.8098705266,
    "researchAndDevelopmentExpenses": 0,
    "generalAndAdministrativeExpenses": 5366000,
    "sellingAndMarketingExpenses": 37646000,
    "sellingGeneralAndAdministrativeExpenses": 43012000,
    "otherExpenses": 411251000,
    "operatingExpenses": 454263000,
    "costAndExpenses": 669381000,
    "interestIncome": 0,
    "interestExpense": 197855000,
    "depreciationAndAmortization": 337474000,
    "ebitda": 846483000,
    "ebitdaratio": 0.7481538833,
    "operatingIncome": 462048000,
    "operatingIncomeRatio": 0.4083756029,
    "totalOtherIncomeExpensesNet": -150894000,
    "incomeBeforeTax": 311154000,
    "incomeBeforeTaxRatio": 0.2750097443,
    "incomeTaxExpense": -1572000,
    "netIncome": 272317000,
    "netIncomeRatio": 0.240684126,
    "eps": 0.86,
    "epsdiluted": 0.86,
    "weightedAverageShsOut": 328501416,
    "weightedAverageShsOutDil": 328501416,
    "link": "https://www.sec.gov/Archives/edgar/data/1063761/000155837021001700/0001558370-21-001700-index.htm",
    "finalLink": "https://www.sec.gov/Archives/edgar/data/1022344/000155837021001700/spg-20201231x10k.htm"
  },
  {
    "date": "2020-09-30",
    "symbol": "SPG",
    "reportedCurrency": "USD",
    "cik": "0001063761",
    "fillingDate": "2020-11-09",
    "acceptedDate": "2020-11-09 16:16:57",
    "calendarYear": "2020",
    "period": "Q3",
    "revenue": 1060674000,
    "costOfRevenue": 222518000,
    "grossProfit": 838156000,
    "grossProfitRatio": 0.7902107528,
    "researchAndDevelopmentExpenses": 0,
    "generalAndAdministrativeExpenses": 3016000,
    "sellingAndMarketingExpenses": 14751000,
    "sellingGeneralAndAdministrativeExpenses": 17767000,
    "otherExpenses": 416365000,
    "operatingExpenses": 434132000,
    "costAndExpenses": 656650000,
    "interestIncome": 0,
    "interestExpense": 201858000,
    "depreciationAndAmortization": 339841000,
    "ebitda": 713124000,
    "ebitdaratio": 0.6723309895,
    "operatingIncome": 404024000,
    "operatingIncomeRatio": 0.3809125141,
    "totalOtherIncomeExpensesNet": -232599000,
    "incomeBeforeTax": 171425000,
    "incomeBeforeTaxRatio": 0.1616189329,
    "incomeTaxExpense": 2779000,
    "netIncome": 146760000,
    "netIncomeRatio": 0.138364851,
    "eps": 0.48,
    "epsdiluted": 0.48,
    "weightedAverageShsOut": 305913431,
    "weightedAverageShsOutDil": 305913431,
    "link": "https://www.sec.gov/Archives/edgar/data/1063761/000155837020013364/0001558370-20-013364-index.htm",
    "finalLink": "https://www.sec.gov/Archives/edgar/data/1022344/000155837020013364/spg-20200930x10q.htm"
  },
  {
    "date": "2020-06-30",
    "symbol": "SPG",
    "reportedCurrency": "USD",
    "cik": "0001063761",
    "fillingDate": "2020-08-10",
    "acceptedDate": "2020-08-10 16:17:01",
    "calendarYear": "2020",
    "period": "Q2",
    "revenue": 1062041000,
    "costOfRevenue": 201921000,
    "grossProfit": 860120000,
    "grossProfitRatio": 0.8098745717,
    "researchAndDevelopmentExpenses": 0,
    "generalAndAdministrativeExpenses": 7296000,
    "sellingAndMarketingExpenses": 12689000,
    "sellingGeneralAndAdministrativeExpenses": 19985000,
    "otherExpenses": 389267000,
    "operatingExpenses": 409252000,
    "costAndExpenses": 611173000,
    "interestIncome": 0,
    "interestExpense": 197061000,
    "depreciationAndAmortization": 337411000,
    "ebitda": 824958000,
    "ebitdaratio": 0.776766622,
    "operatingIncome": 450868000,
    "operatingIncomeRatio": 0.4245297498,
    "totalOtherIncomeExpensesNet": -160382000,
    "incomeBeforeTax": 290486000,
    "incomeBeforeTaxRatio": 0.2735167475,
    "incomeTaxExpense": -62000,
    "netIncome": 255047000,
    "netIncomeRatio": 0.2401479792,
    "eps": 0.83,
    "epsdiluted": 0.83,
    "weightedAverageShsOut": 305882326,
    "weightedAverageShsOutDil": 305882326,
    "link": "https://www.sec.gov/Archives/edgar/data/1063761/000155837020010195/0001558370-20-010195-index.htm",
    "finalLink": "https://www.sec.gov/Archives/edgar/data/1022344/000155837020010195/spg-20200630x10q.htm"
  },
  {
    "date": "2020-03-31",
    "symbol": "SPG",
    "reportedCurrency": "USD",
    "cik": "0001063761",
    "fillingDate": "2020-05-11",
    "acceptedDate": "2020-05-11 16:18:11",
    "calendarYear": "2020",
    "period": "Q1",
    "revenue": 1353360000,
    "costOfRevenue": 247598000,
    "grossProfit": 1105762000,
    "grossProfitRatio": 0.8170494177,
    "researchAndDevelopmentExpenses": 0,
    "generalAndAdministrativeExpenses": 6894000,
    "sellingAndMarketingExpenses": 33527000,
    "sellingGeneralAndAdministrativeExpenses": 40421000,
    "otherExpenses": 410472000,
    "operatingExpenses": 450893000,
    "costAndExpenses": 698491000,
    "interestIncome": 0,
    "interestExpense": 187627000,
    "depreciationAndAmortization": 340265000,
    "ebitda": 1027513000,
    "ebitdaratio": 0.7592310989,
    "operatingIncome": 654869000,
    "operatingIncomeRatio": 0.4838838151,
    "totalOtherIncomeExpensesNet": -155248000,
    "incomeBeforeTax": 499621000,
    "incomeBeforeTaxRatio": 0.3691708045,
    "incomeTaxExpense": -5783000,
    "netIncome": 438439000,
    "netIncomeRatio": 0.3239633209,
    "eps": 1.43,
    "epsdiluted": 1.43,
    "weightedAverageShsOut": 306504084,
    "weightedAverageShsOutDil": 306504084,
    "link": "https://www.sec.gov/Archives/edgar/data/1063761/000155837020006251/0001558370-20-006251-index.htm",
    "finalLink": "https://www.sec.gov/Archives/edgar/data/1022344/000155837020006251/spg-20200331x10q.htm"
  },
  {
    "date": "2019-12-31",
    "symbol": "SPG",
    "reportedCurrency": "USD",
    "cik": "0001063761",
    "fillingDate": "2020-02-21",
    "acceptedDate": "2020-02-21 10:36:58",
    "calendarYear": "2019",
    "period": "Q4",
    "revenue": 1488615000,
    "costOfRevenue": 259084000,
    "grossProfit": 1229531000,
    "grossProfitRatio": 0.825956342,
    "researchAndDevelopmentExpenses": 0,
    "generalAndAdministrativeExpenses": 7332000,
    "sellingAndMarketingExpenses": 41216000,
    "sellingGeneralAndAdministrativeExpenses": 48548000,
    "otherExpenses": 404107000,
    "operatingExpenses": 452655000,
    "costAndExpenses": 711739000,
    "interestIncome": 0,
    "interestExpense": 189812000,
    "depreciationAndAmortization": 339065000,
    "ebitda": 1126038000,
    "ebitdaratio": 0.756433329,
    "operatingIncome": 776876000,
    "operatingIncomeRatio": 0.5218783903,
    "totalOtherIncomeExpensesNet": -179715000,
    "incomeBeforeTax": 597161000,
    "incomeBeforeTaxRatio": 0.4011520776,
    "incomeTaxExpense": 6745000,
    "netIncome": 511028000,
    "netIncomeRatio": 0.3432909114,
    "eps": 1.66,
    "epsdiluted": 1.66,
    "weightedAverageShsOut": 307345783,
    "weightedAverageShsOutDil": 307345783,
    "link": "https://www.sec.gov/Archives/edgar/data/1063761/000155837020001135/0001558370-20-001135-index.htm",
    "finalLink": "https://www.sec.gov/Archives/edgar/data/1022344/000155837020001135/spg-20191231x10k.htm"
  },
  {
    "date": "2019-09-30",
    "symbol": "SPG",
    "reportedCurrency": "USD",
    "cik": "0001063761",
    "fillingDate": "2019-11-06",
    "acceptedDate": "2019-11-06 08:24:08",
    "calendarYear": "2019",
    "period": "Q3",
    "revenue": 1416554000,
    "costOfRevenue": 263745000,
    "grossProfit": 1152809000,
    "grossProfitRatio": 0.8138122514,
    "researchAndDevelopmentExpenses": 0,
    "generalAndAdministrativeExpenses": 8032000,
    "sellingAndMarketingExpenses": 36583000,
    "sellingGeneralAndAdministrativeExpenses": 44615000,
    "otherExpenses": 402892000,
    "operatingExpenses": 447507000,
    "costAndExpenses": 711252000,
    "interestIncome": 0,
    "interestExpense": 202382000,
    "depreciationAndAmortization": 343359000,
    "ebitda": 1180662000,
    "ebitdaratio": 0.8334747563,
    "operatingIncome": 705302000,
    "operatingIncomeRatio": 0.497899833,
    "totalOtherIncomeExpensesNet": -70381000,
    "incomeBeforeTax": 634921000,
    "incomeBeforeTaxRatio": 0.4482151757,
    "incomeTaxExpense": 6197000,
    "netIncome": 545088000,
    "netIncomeRatio": 0.3847986028,
    "eps": 1.77,
    "epsdiluted": 1.77,
    "weightedAverageShsOut": 307275000,
    "weightedAverageShsOutDil": 307275230,
    "link": "https://www.sec.gov/Archives/edgar/data/1063761/000155837019010077/0001558370-19-010077-index.htm",
    "finalLink": "https://www.sec.gov/Archives/edgar/data/1022344/000155837019010077/spg-20190930x10q.htm"
  },
  {
    "date": "2019-06-30",
    "symbol": "SPG",
    "reportedCurrency": "USD",
    "cik": "0001063761",
    "fillingDate": "2019-08-07",
    "acceptedDate": "2019-08-07 06:30:44",
    "calendarYear": "2019",
    "period": "Q2",
    "revenue": 1397186000,
    "costOfRevenue": 243883000,
    "grossProfit": 1153303000,
    "grossProfitRatio": 0.8254470056,
    "researchAndDevelopmentExpenses": 0,
    "generalAndAdministrativeExpenses": 10359000,
    "sellingAndMarketingExpenses": 35420000,
    "sellingGeneralAndAdministrativeExpenses": 45779000,
    "otherExpenses": 426893000,
    "operatingExpenses": 472672000,
    "costAndExpenses": 716555000,
    "interestIncome": 0,
    "interestExpense": 198425000,
    "depreciationAndAmortization": 371830000,
    "ebitda": 1149367000,
    "ebitdaratio": 0.8226299147,
    "operatingIncome": 680631000,
    "operatingIncomeRatio": 0.4871441598,
    "totalOtherIncomeExpensesNet": -101519000,
    "incomeBeforeTax": 579112000,
    "incomeBeforeTaxRatio": 0.4144845425,
    "incomeTaxExpense": 7010000,
    "netIncome": 496158000,
    "netIncomeRatio": 0.3551123472,
    "eps": 1.6,
    "epsdiluted": 1.6,
    "weightedAverageShsOut": 308708798,
    "weightedAverageShsOutDil": 308708798,
    "link": "https://www.sec.gov/Archives/edgar/data/1063761/000155837019007355/0001558370-19-007355-index.htm",
    "finalLink": "https://www.sec.gov/Archives/edgar/data/1022344/000155837019007355/spg-20190630x10q.htm"
  },
  {
    "date": "2019-03-31",
    "symbol": "SPG",
    "reportedCurrency": "USD",
    "cik": "0001063761",
    "fillingDate": "2019-05-08",
    "acceptedDate": "2019-05-08 06:16:37",
    "calendarYear": "2019",
    "period": "Q1",
    "revenue": 1452834000,
    "costOfRevenue": 254930000,
    "grossProfit": 1197904000,
    "grossProfitRatio": 0.8245291616,
    "researchAndDevelopmentExpenses": 0,
    "generalAndAdministrativeExpenses": 9136000,
    "sellingAndMarketingExpenses": 37125000,
    "sellingGeneralAndAdministrativeExpenses": 46261000,
    "otherExpenses": 406622000,
    "operatingExpenses": 452883000,
    "costAndExpenses": 707813000,
    "interestIncome": 0,
    "interestExpense": 198733000,
    "depreciationAndAmortization": 339918000,
    "ebitda": 1180700000,
    "ebitdaratio": 0.8126874784,
    "operatingIncome": 745021000,
    "operatingIncomeRatio": 0.5128053171,
    "totalOtherIncomeExpensesNet": -102972000,
    "incomeBeforeTax": 642049000,
    "incomeBeforeTaxRatio": 0.4419286718,
    "incomeTaxExpense": 10102000,
    "netIncome": 549309000,
    "netIncomeRatio": 0.3780948133,
    "eps": 1.78,
    "epsdiluted": 1.78,
    "weightedAverageShsOut": 308978000,
    "weightedAverageShsOutDil": 308978000,
    "link": "https://www.sec.gov/Archives/edgar/data/1063761/000155837019004352/0001558370-19-004352-index.htm",
    "finalLink": "https://www.sec.gov/Archives/edgar/data/1022344/000155837019004352/spg-20190331x10q.htm"
  },
  {
    "date": "2018-12-31",
    "symbol": "SPG",
    "reportedCurrency": "USD",
    "cik": "0001063761",
    "fillingDate": "2019-02-22",
    "acceptedDate": "2019-02-22 06:47:24",
    "calendarYear": "2018",
    "period": "Q4",
    "revenue": 1460742000,
    "costOfRevenue": 254087000,
    "grossProfit": 1206655000,
    "grossProfitRatio": 0.8260562098,
    "researchAndDevelopmentExpenses": 0,
    "generalAndAdministrativeExpenses": 10830000,
    "sellingAndMarketingExpenses": 43262000,
    "sellingGeneralAndAdministrativeExpenses": 54092000,
    "otherExpenses": 398474000,
    "operatingExpenses": 452566000,
    "costAndExpenses": 706653000,
    "interestIncome": 0,
    "interestExpense": 204338000,
    "depreciationAndAmortization": 340105000,
    "ebitda": 1388059000,
    "ebitdaratio": 0.950242411,
    "operatingIncome": 754089000,
    "operatingIncomeRatio": 0.5162369535,
    "totalOtherIncomeExpensesNet": 89527000,
    "incomeBeforeTax": 843616000,
    "incomeBeforeTaxRatio": 0.5775256685,
    "incomeTaxExpense": 10423000,
    "netIncome": 713630000,
    "netIncomeRatio": 0.4885393861,
    "eps": 2.3,
    "epsdiluted": 2.3,
    "weightedAverageShsOut": 309294000,
    "weightedAverageShsOutDil": 309294000,
    "link": "https://www.sec.gov/Archives/edgar/data/1063761/000155837019000875/0001558370-19-000875-index.htm",
    "finalLink": "https://www.sec.gov/Archives/edgar/data/1022344/000155837019000875/spg-20181231x10k.htm"
  },
  {
    "date": "2018-09-30",
    "symbol": "SPG",
    "reportedCurrency": "USD",
    "cik": "0001063761",
    "fillingDate": "2018-11-02",
    "acceptedDate": "2018-11-02 06:22:42",
    "calendarYear": "2018",
    "period": "Q3",
    "revenue": 1404021000,
    "costOfRevenue": 261968000,
    "grossProfit": 1142053000,
    "grossProfitRatio": 0.8134158962,
    "researchAndDevelopmentExpenses": 0,
    "generalAndAdministrativeExpenses": 12172000,
    "sellingAndMarketingExpenses": 36688000,
    "sellingGeneralAndAdministrativeExpenses": 48860000,
    "otherExpenses": 370350000,
    "operatingExpenses": 419210000,
    "costAndExpenses": 681178000,
    "interestIncome": 0,
    "interestExpense": 199469000,
    "depreciationAndAmortization": 335604000,
    "ebitda": 1187403000,
    "ebitdaratio": 0.8457159829,
    "operatingIncome": 722843000,
    "operatingIncomeRatio": 0.514837741,
    "totalOtherIncomeExpensesNet": -70513000,
    "incomeBeforeTax": 652330000,
    "incomeBeforeTaxRatio": 0.4646155577,
    "incomeTaxExpense": 10118000,
    "netIncome": 557101000,
    "netIncomeRatio": 0.3967896492,
    "eps": 1.8,
    "epsdiluted": 1.8,
    "weightedAverageShsOut": 309294000,
    "weightedAverageShsOutDil": 309294000,
    "link": "https://www.sec.gov/Archives/edgar/data/1063761/000155837018008301/0001558370-18-008301-index.htm",
    "finalLink": "https://www.sec.gov/Archives/edgar/data/1022344/000155837018008301/spg-20180930x10q.htm"
  },
  {
    "date": "2018-06-30",
    "symbol": "SPG",
    "reportedCurrency": "USD",
    "cik": "0001063761",
    "fillingDate": "2018-08-02",
    "acceptedDate": "2018-08-02 06:11:29",
    "calendarYear": "2018",
    "period": "Q2",
    "revenue": 1385059000,
    "costOfRevenue": 236591000,
    "grossProfit": 1148468000,
    "grossProfitRatio": 0.8291834499,
    "researchAndDevelopmentExpenses": 0,
    "generalAndAdministrativeExpenses": 10913000,
    "sellingAndMarketingExpenses": 36491000,
    "sellingGeneralAndAdministrativeExpenses": 47404000,
    "otherExpenses": 373081000,
    "operatingExpenses": 420485000,
    "costAndExpenses": 657076000,
    "interestIncome": 0,
    "interestExpense": 206624000,
    "depreciationAndAmortization": 339395000,
    "ebitda": 1187570000,
    "ebitdaratio": 0.8574147383,
    "operatingIncome": 727983000,
    "operatingIncomeRatio": 0.5255971045,
    "totalOtherIncomeExpensesNet": -86432000,
    "incomeBeforeTax": 641551000,
    "incomeBeforeTaxRatio": 0.4631939867,
    "incomeTaxExpense": 10137000,
    "netIncome": 547838000,
    "netIncomeRatio": 0.3955340531,
    "eps": 1.77,
    "epsdiluted": 1.77,
    "weightedAverageShsOut": 309355000,
    "weightedAverageShsOutDil": 309355000,
    "link": "https://www.sec.gov/Archives/edgar/data/1063761/000155837018006144/0001558370-18-006144-index.htm",
    "finalLink": "https://www.sec.gov/Archives/edgar/data/1022344/000155837018006144/spg-20180630x10q.htm"
  },
  {
    "date": "2018-03-31",
    "symbol": "SPG",
    "reportedCurrency": "USD",
    "cik": "0001063761",
    "fillingDate": "2018-05-03",
    "acceptedDate": "2018-05-03 06:17:10",
    "calendarYear": "2018",
    "period": "Q1",
    "revenue": 1394182000,
    "costOfRevenue": 255319000,
    "grossProfit": 1138863000,
    "grossProfitRatio": 0.8168682425,
    "researchAndDevelopmentExpenses": 0,
    "generalAndAdministrativeExpenses": 12628000,
    "sellingAndMarketingExpenses": 34800000,
    "sellingGeneralAndAdministrativeExpenses": 47428000,
    "otherExpenses": 389502000,
    "operatingExpenses": 436930000,
    "costAndExpenses": 692249000,
    "interestIncome": 0,
    "interestExpense": 205492000,
    "depreciationAndAmortization": 334672000,
    "ebitda": 1261908000,
    "ebitdaratio": 0.9051242951,
    "operatingIncome": 701933000,
    "operatingIncomeRatio": 0.5034730042,
    "totalOtherIncomeExpensesNet": 19811000,
    "incomeBeforeTax": 721744000,
    "incomeBeforeTaxRatio": 0.5176827703,
    "incomeTaxExpense": 6220000,
    "netIncome": 621488000,
    "netIncomeRatio": 0.4457725032,
    "eps": 2,
    "epsdiluted": 2,
    "weightedAverageShsOut": 310583697,
    "weightedAverageShsOutDil": 310584000,
    "link": "https://www.sec.gov/Archives/edgar/data/1063761/000155837018003817/0001558370-18-003817-index.htm",
    "finalLink": "https://www.sec.gov/Archives/edgar/data/1022344/000155837018003817/spg-20180331x10q.htm"
  },
  {
    "date": "2017-12-31",
    "symbol": "SPG",
    "reportedCurrency": "USD",
    "cik": "0001063761",
    "fillingDate": "2018-02-23",
    "acceptedDate": "2018-02-23 06:36:17",
    "calendarYear": "2017",
    "period": "Q4",
    "revenue": 1427692000,
    "costOfRevenue": 245173000,
    "grossProfit": 1182519000,
    "grossProfitRatio": 0.828273185,
    "researchAndDevelopmentExpenses": 0,
    "generalAndAdministrativeExpenses": 11883000,
    "sellingAndMarketingExpenses": 42415000,
    "sellingGeneralAndAdministrativeExpenses": 54298000,
    "otherExpenses": 378769000,
    "operatingExpenses": 433067000,
    "costAndExpenses": 678240000,
    "interestIncome": 0,
    "interestExpense": 204985000,
    "depreciationAndAmortization": 345016000,
    "ebitda": 1216184000,
    "ebitdaratio": 0.8518532008,
    "operatingIncome": 749452000,
    "operatingIncomeRatio": 0.5249395528,
    "totalOtherIncomeExpensesNet": -83269000,
    "incomeBeforeTax": 666183000,
    "incomeBeforeTaxRatio": 0.4666153484,
    "incomeTaxExpense": 6362000,
    "netIncome": 571950000,
    "netIncomeRatio": 0.4006116165,
    "eps": 1.84,
    "epsdiluted": 1.84,
    "weightedAverageShsOut": 310856000,
    "weightedAverageShsOutDil": 310856000,
    "link": "https://www.sec.gov/Archives/edgar/data/1063761/000155837018000981/0001558370-18-000981-index.htm",
    "finalLink": "https://www.sec.gov/Archives/edgar/data/1022344/000155837018000981/spg-20171231x10k.htm"
  },
  {
    "date": "2017-09-30",
    "symbol": "SPG",
    "reportedCurrency": "USD",
    "cik": "0001063761",
    "fillingDate": "2017-10-30",
    "acceptedDate": "2017-10-30 07:02:45",
    "calendarYear": "2017",
    "period": "Q3",
    "revenue": 1403638000,
    "costOfRevenue": 256112000,
    "grossProfit": 1147526000,
    "grossProfitRatio": 0.8175370003,
    "researchAndDevelopmentExpenses": 0,
    "generalAndAdministrativeExpenses": 13014000,
    "sellingAndMarketingExpenses": 36006000,
    "sellingGeneralAndAdministrativeExpenses": 49020000,
    "otherExpenses": 408438000,
    "operatingExpenses": 457458000,
    "costAndExpenses": 713570000,
    "interestIncome": 0,
    "interestExpense": 199032000,
    "depreciationAndAmortization": 336727000,
    "ebitda": 1142905000,
    "ebitdaratio": 0.8142448409,
    "operatingIncome": 690068000,
    "operatingIncomeRatio": 0.4916281833,
    "totalOtherIncomeExpensesNet": -82922000,
    "incomeBeforeTax": 607146000,
    "incomeBeforeTaxRatio": 0.4325516978,
    "incomeTaxExpense": 14511000,
    "netIncome": 514617000,
    "netIncomeRatio": 0.366630855,
    "eps": 1.65,
    "epsdiluted": 1.65,
    "weightedAverageShsOut": 310853299,
    "weightedAverageShsOutDil": 310853299,
    "link": "https://www.sec.gov/Archives/edgar/data/1063761/000155837017007678/0001558370-17-007678-index.htm",
    "finalLink": "https://www.sec.gov/Archives/edgar/data/1022344/000155837017007678/spg-20170930x10q.htm"
  },
  {
    "date": "2017-06-30",
    "symbol": "SPG",
    "reportedCurrency": "USD",
    "cik": "0001063761",
    "fillingDate": "2017-08-04",
    "acceptedDate": "2017-08-04 06:18:53",
    "calendarYear": "2017",
    "period": "Q2",
    "revenue": 1361548000,
    "costOfRevenue": 242486000,
    "grossProfit": 1119062000,
    "grossProfitRatio": 0.8219041855,
    "researchAndDevelopmentExpenses": 0,
    "generalAndAdministrativeExpenses": 13074000,
    "sellingAndMarketingExpenses": 36496000,
    "sellingGeneralAndAdministrativeExpenses": 49570000,
    "otherExpenses": 383343000,
    "operatingExpenses": 432913000,
    "costAndExpenses": 675399000,
    "interestIncome": 0,
    "interestExpense": 207174000,
    "depreciationAndAmortization": 339859000,
    "ebitda": 994396000,
    "ebitdaratio": 0.7303422281,
    "operatingIncome": 686149000,
    "operatingIncomeRatio": 0.5039477125,
    "totalOtherIncomeExpensesNet": -238786000,
    "incomeBeforeTax": 447363000,
    "incomeBeforeTaxRatio": 0.3285693931,
    "incomeTaxExpense": 5990000,
    "netIncome": 382824000,
    "netIncomeRatio": 0.2811681997,
    "eps": 1.23,
    "epsdiluted": 1.23,
    "weightedAverageShsOut": 311579000,
    "weightedAverageShsOutDil": 311579000,
    "link": "https://www.sec.gov/Archives/edgar/data/1063761/000155837017005905/0001558370-17-005905-index.htm",
    "finalLink": "https://www.sec.gov/Archives/edgar/data/1022344/000155837017005905/spg-20170630x10q.htm"
  },
  {
    "date": "2017-03-31",
    "symbol": "SPG",
    "reportedCurrency": "USD",
    "cik": "0001063761",
    "fillingDate": "2017-05-03",
    "acceptedDate": "2017-05-03 06:17:03",
    "calendarYear": "2017",
    "period": "Q1",
    "revenue": 1345763000,
    "costOfRevenue": 236308000,
    "grossProfit": 1109455000,
    "grossProfitRatio": 0.8244059318,
    "researchAndDevelopmentExpenses": 0,
    "generalAndAdministrativeExpenses": 14001000,
    "sellingAndMarketingExpenses": 35948000,
    "sellingGeneralAndAdministrativeExpenses": 49949000,
    "otherExpenses": 382835000,
    "operatingExpenses": 432784000,
    "costAndExpenses": 669092000,
    "interestIncome": 0,
    "interestExpense": 198202000,
    "depreciationAndAmortization": 335749000,
    "ebitda": 1081505000,
    "ebitdaratio": 0.8036370446,
    "operatingIncome": 676671000,
    "operatingIncomeRatio": 0.5028158747,
    "totalOtherIncomeExpensesNet": -129117000,
    "incomeBeforeTax": 547554000,
    "incomeBeforeTaxRatio": 0.4068725325,
    "incomeTaxExpense": -3521000,
    "netIncome": 478570000,
    "netIncomeRatio": 0.3556123924,
    "eps": 1.53,
    "epsdiluted": 1.53,
    "weightedAverageShsOut": 312810000,
    "weightedAverageShsOutDil": 312810000,
    "link": "https://www.sec.gov/Archives/edgar/data/1063761/000155837017003316/0001558370-17-003316-index.htm",
    "finalLink": "https://www.sec.gov/Archives/edgar/data/1022344/000155837017003316/spg-20170331x10q.htm"
  },
  {
    "date": "2016-12-31",
    "symbol": "SPG",
    "reportedCurrency": "USD",
    "cik": "0001063761",
    "fillingDate": "2017-02-24",
    "acceptedDate": "2017-02-24 06:21:48",
    "calendarYear": "2016",
    "period": "Q4",
    "revenue": 1425966000,
    "costOfRevenue": 242491000,
    "grossProfit": 1183475000,
    "grossProfitRatio": 0.8299461558,
    "researchAndDevelopmentExpenses": 0,
    "generalAndAdministrativeExpenses": 19939000,
    "sellingAndMarketingExpenses": 38896000,
    "sellingGeneralAndAdministrativeExpenses": 58835000,
    "otherExpenses": 424140000,
    "operatingExpenses": 482975000,
    "costAndExpenses": 725466000,
    "interestIncome": 0,
    "interestExpense": 209506000,
    "depreciationAndAmortization": 355900000,
    "ebitda": 1022061000,
    "ebitdaratio": 0.7167499085,
    "operatingIncome": 700500000,
    "operatingIncomeRatio": 0.4912459343,
    "totalOtherIncomeExpensesNet": -243845000,
    "incomeBeforeTax": 456655000,
    "incomeBeforeTaxRatio": 0.3202425584,
    "incomeTaxExpense": 1052000,
    "netIncome": 395265000,
    "netIncomeRatio": 0.277191041,
    "eps": 1.26,
    "epsdiluted": 1.26,
    "weightedAverageShsOut": 313685000,
    "weightedAverageShsOutDil": 313685000,
    "link": "https://www.sec.gov/Archives/edgar/data/1063761/000155837017000934/0001558370-17-000934-index.htm",
    "finalLink": "https://www.sec.gov/Archives/edgar/data/1022344/000155837017000934/spg-20161231x10k.htm"
  },
  {
    "date": "2016-09-30",
    "symbol": "SPG",
    "reportedCurrency": "USD",
    "cik": "0001063761",
    "fillingDate": "2016-11-03",
    "acceptedDate": "2016-11-03 06:25:58",
    "calendarYear": "2016",
    "period": "Q3",
    "revenue": 1357168000,
    "costOfRevenue": 255004000,
    "grossProfit": 1102164000,
    "grossProfitRatio": 0.8121057968,
    "researchAndDevelopmentExpenses": 0,
    "generalAndAdministrativeExpenses": 15154000,
    "sellingAndMarketingExpenses": 35695000,
    "sellingGeneralAndAdministrativeExpenses": 50849000,
    "otherExpenses": 375124000,
    "operatingExpenses": 425973000,
    "costAndExpenses": 680977000,
    "interestIncome": 0,
    "interestExpense": 214861000,
    "depreciationAndAmortization": 329400000,
    "ebitda": 1138526000,
    "ebitdaratio": 0.838898353,
    "operatingIncome": 676191000,
    "operatingIncomeRatio": 0.4982367695,
    "totalOtherIncomeExpensesNet": -81926000,
    "incomeBeforeTax": 594265000,
    "incomeBeforeTaxRatio": 0.4378713615,
    "incomeTaxExpense": 6325000,
    "netIncome": 505578000,
    "netIncomeRatio": 0.3725242564,
    "eps": 1.61,
    "epsdiluted": 1.61,
    "weightedAverageShsOut": 314234000,
    "weightedAverageShsOutDil": 314234000,
    "link": "https://www.sec.gov/Archives/edgar/data/1063761/000155837016009130/0001558370-16-009130-index.htm",
    "finalLink": "https://www.sec.gov/Archives/edgar/data/1022344/000155837016009130/spg-20160930x10q.htm"
  },
  {
    "date": "2016-06-30",
    "symbol": "SPG",
    "reportedCurrency": "USD",
    "cik": "0001063761",
    "fillingDate": "2016-08-04",
    "acceptedDate": "2016-08-04 06:05:01",
    "calendarYear": "2016",
    "period": "Q2",
    "revenue": 1315380000,
    "costOfRevenue": 235103000,
    "grossProfit": 1080277000,
    "grossProfitRatio": 0.821266098,
    "researchAndDevelopmentExpenses": 0,
    "generalAndAdministrativeExpenses": 15125000,
    "sellingAndMarketingExpenses": 33172000,
    "sellingGeneralAndAdministrativeExpenses": 48297000,
    "otherExpenses": 372744000,
    "operatingExpenses": 421041000,
    "costAndExpenses": 656144000,
    "interestIncome": 0,
    "interestExpense": 213995000,
    "depreciationAndAmortization": 324847000,
    "ebitda": 1073282000,
    "ebitdaratio": 0.8159482431,
    "operatingIncome": 659236000,
    "operatingIncomeRatio": 0.5011753258,
    "totalOtherIncomeExpensesNet": -124796000,
    "incomeBeforeTax": 534440000,
    "incomeBeforeTaxRatio": 0.4063008408,
    "incomeTaxExpense": 7115000,
    "netIncome": 456223000,
    "netIncomeRatio": 0.3468374158,
    "eps": 1.45,
    "epsdiluted": 1.45,
    "weightedAverageShsOut": 313399000,
    "weightedAverageShsOutDil": 313399000,
    "link": "https://www.sec.gov/Archives/edgar/data/1063761/000104746916014660/0001047469-16-014660-index.htm",
    "finalLink": "https://www.sec.gov/Archives/edgar/data/1022344/000104746916014660/a2229269z10-q.htm"
  },
  {
    "date": "2016-03-31",
    "symbol": "SPG",
    "reportedCurrency": "USD",
    "cik": "0001063761",
    "fillingDate": "2016-05-05",
    "acceptedDate": "2016-05-05 06:07:35",
    "calendarYear": "2016",
    "period": "Q1",
    "revenue": 1336715000,
    "costOfRevenue": 238548000,
    "grossProfit": 1098167000,
    "grossProfitRatio": 0.8215416151,
    "researchAndDevelopmentExpenses": 0,
    "generalAndAdministrativeExpenses": 14864000,
    "sellingAndMarketingExpenses": 35038000,
    "sellingGeneralAndAdministrativeExpenses": 49902000,
    "otherExpenses": 363364000,
    "operatingExpenses": 413266000,
    "costAndExpenses": 651814000,
    "interestIncome": 0,
    "interestExpense": 219190000,
    "depreciationAndAmortization": 317799000,
    "ebitda": 1116014000,
    "ebitdaratio": 0.8348930026,
    "operatingIncome": 684901000,
    "operatingIncomeRatio": 0.5123762358,
    "totalOtherIncomeExpensesNet": -105876000,
    "incomeBeforeTax": 579025000,
    "incomeBeforeTaxRatio": 0.4331701223,
    "incomeTaxExpense": 15186000,
    "netIncome": 481829000,
    "netIncomeRatio": 0.3604575396,
    "eps": 1.55,
    "epsdiluted": 1.55,
    "weightedAverageShsOut": 309416000,
    "weightedAverageShsOutDil": 309416000,
    "link": "https://www.sec.gov/Archives/edgar/data/1063761/000104746916012892/0001047469-16-012892-index.htm",
    "finalLink": "https://www.sec.gov/Archives/edgar/data/1022344/000104746916012892/a2228363z10-q.htm"
  },
  {
    "date": "2015-12-31",
    "symbol": "SPG",
    "reportedCurrency": "USD",
    "cik": "0001063761",
    "fillingDate": "2016-02-26",
    "acceptedDate": "2016-02-26 06:04:06",
    "calendarYear": "2015",
    "period": "Q4",
    "revenue": 1380621000,
    "costOfRevenue": 243656000,
    "grossProfit": 1136965000,
    "grossProfitRatio": 0.8235170985,
    "researchAndDevelopmentExpenses": 0,
    "generalAndAdministrativeExpenses": 15147000,
    "sellingAndMarketingExpenses": 36127000,
    "sellingGeneralAndAdministrativeExpenses": 51274000,
    "otherExpenses": 375961000,
    "operatingExpenses": 427235000,
    "costAndExpenses": 670891000,
    "interestIncome": 0,
    "interestExpense": 230896000,
    "depreciationAndAmortization": 318525000,
    "ebitda": 1222996000,
    "ebitdaratio": 0.8858303618,
    "operatingIncome": 709730000,
    "operatingIncomeRatio": 0.5140657719,
    "totalOtherIncomeExpensesNet": -36155000,
    "incomeBeforeTax": 673575000,
    "incomeBeforeTaxRatio": 0.4878782809,
    "incomeTaxExpense": 6730000,
    "netIncome": 570091000,
    "netIncomeRatio": 0.4129236047,
    "eps": 1.27,
    "epsdiluted": 1.27,
    "weightedAverageShsOut": 309419000,
    "weightedAverageShsOutDil": 309419000,
    "link": "https://www.sec.gov/Archives/edgar/data/1063761/000104746916010465/0001047469-16-010465-index.htm",
    "finalLink": "https://www.sec.gov/Archives/edgar/data/1063761/000104746916010465/a2227275z10-k.htm"
  },
  {
    "date": "2015-09-30",
    "symbol": "SPG",
    "reportedCurrency": "USD",
    "cik": "0001063761",
    "fillingDate": "2015-11-04",
    "acceptedDate": "2015-11-04 14:13:19",
    "calendarYear": "2015",
    "period": "Q3",
    "revenue": 1320137000,
    "costOfRevenue": 251154000,
    "grossProfit": 1068983000,
    "grossProfitRatio": 0.8097515637,
    "researchAndDevelopmentExpenses": 0,
    "generalAndAdministrativeExpenses": 14838000,
    "sellingAndMarketingExpenses": 38756000,
    "sellingGeneralAndAdministrativeExpenses": 53594000,
    "otherExpenses": 357802000,
    "operatingExpenses": 411396000,
    "costAndExpenses": 662550000,
    "interestIncome": 0,
    "interestExpense": 229654000,
    "depreciationAndAmortization": 305440000,
    "ebitda": 1031248000,
    "ebitdaratio": 0.7811674091,
    "operatingIncome": 657587000,
    "operatingIncomeRatio": 0.4981202709,
    "totalOtherIncomeExpensesNet": -161433000,
    "incomeBeforeTax": 496154000,
    "incomeBeforeTaxRatio": 0.3758352353,
    "incomeTaxExpense": 3658000,
    "netIncome": 420843000,
    "netIncomeRatio": 0.3187873683,
    "eps": 1.36,
    "epsdiluted": 1.36,
    "weightedAverageShsOut": 309417000,
    "weightedAverageShsOutDil": 309417000,
    "link": "https://www.sec.gov/Archives/edgar/data/1063761/000104746915008315/0001047469-15-008315-index.htm",
    "finalLink": "https://www.sec.gov/Archives/edgar/data/1063761/000104746915008315/a2226328z10-q.htm"
  },
  {
    "date": "2015-06-30",
    "symbol": "SPG",
    "reportedCurrency": "USD",
    "cik": "0001063761",
    "fillingDate": "2015-08-05",
    "acceptedDate": "2015-08-05 06:01:32",
    "calendarYear": "2015",
    "period": "Q2",
    "revenue": 1349110000,
    "costOfRevenue": 229004000,
    "grossProfit": 1120106000,
    "grossProfitRatio": 0.8302555018,
    "researchAndDevelopmentExpenses": 0,
    "generalAndAdministrativeExpenses": 15345000,
    "sellingAndMarketingExpenses": 41215000,
    "sellingGeneralAndAdministrativeExpenses": 56560000,
    "otherExpenses": 361161000,
    "operatingExpenses": 417721000,
    "costAndExpenses": 646725000,
    "interestIncome": 0,
    "interestExpense": 230974000,
    "depreciationAndAmortization": 312582000,
    "ebitda": 1101502000,
    "ebitdaratio": 0.81646567,
    "operatingIncome": 702385000,
    "operatingIncomeRatio": 0.5206284143,
    "totalOtherIncomeExpensesNet": -144439000,
    "incomeBeforeTax": 557946000,
    "incomeBeforeTaxRatio": 0.4135659805,
    "incomeTaxExpense": 3420000,
    "netIncome": 473778000,
    "netIncomeRatio": 0.3511781841,
    "eps": 1.52,
    "epsdiluted": 1.52,
    "weightedAverageShsOut": 310499000,
    "weightedAverageShsOutDil": 310499000,
    "link": "https://www.sec.gov/Archives/edgar/data/1063761/000104746915006560/0001047469-15-006560-index.htm",
    "finalLink": "https://www.sec.gov/Archives/edgar/data/1063761/000104746915006560/a2225497z10-q.htm"
  },
  {
    "date": "2015-03-31",
    "symbol": "SPG",
    "reportedCurrency": "USD",
    "cik": "0001063761",
    "fillingDate": "2015-05-07",
    "acceptedDate": "2015-05-07 06:01:28",
    "calendarYear": "2015",
    "period": "Q1",
    "revenue": 1216235000,
    "costOfRevenue": 236379000,
    "grossProfit": 979856000,
    "grossProfitRatio": 0.805646935,
    "researchAndDevelopmentExpenses": 0,
    "generalAndAdministrativeExpenses": 14999000,
    "sellingAndMarketingExpenses": 18756000,
    "sellingGeneralAndAdministrativeExpenses": 33755000,
    "otherExpenses": 346930000,
    "operatingExpenses": 380685000,
    "costAndExpenses": 617064000,
    "interestIncome": 0,
    "interestExpense": 232173000,
    "depreciationAndAmortization": 302667000,
    "ebitda": 1173637000,
    "ebitdaratio": 0.9649755187,
    "operatingIncome": 599171000,
    "operatingIncomeRatio": 0.4926441025,
    "totalOtherIncomeExpensesNet": 39626000,
    "incomeBeforeTax": 638797000,
    "incomeBeforeTaxRatio": 0.5252249771,
    "incomeTaxExpense": 6362000,
    "netIncome": 539968000,
    "netIncomeRatio": 0.4439668321,
    "eps": 1.16,
    "epsdiluted": 1.16,
    "weightedAverageShsOut": 311101000,
    "weightedAverageShsOutDil": 311101000,
    "link": "https://www.sec.gov/Archives/edgar/data/1063761/000104746915004471/0001047469-15-004471-index.htm",
    "finalLink": "https://www.sec.gov/Archives/edgar/data/1063761/000104746915004471/a2224383z10-q.htm"
  },
  {
    "date": "2014-12-31",
    "symbol": "SPG",
    "reportedCurrency": "USD",
    "cik": "0001063761",
    "fillingDate": "2015-02-27",
    "acceptedDate": "2015-02-27 06:05:45",
    "calendarYear": "2014",
    "period": "Q4",
    "revenue": 1297120000,
    "costOfRevenue": 224589000,
    "grossProfit": 1072531000,
    "grossProfitRatio": 0.8268556494,
    "researchAndDevelopmentExpenses": 0,
    "generalAndAdministrativeExpenses": 15116000,
    "sellingAndMarketingExpenses": 37528000,
    "sellingGeneralAndAdministrativeExpenses": 52644000,
    "otherExpenses": 364599000,
    "operatingExpenses": 417243000,
    "costAndExpenses": 641832000,
    "interestIncome": 0,
    "interestExpense": 233656000,
    "depreciationAndAmortization": 312150000,
    "ebitda": 1029805000,
    "ebitdaratio": 0.7939165228,
    "operatingIncome": 655288000,
    "operatingIncomeRatio": 0.5051868755,
    "totalOtherIncomeExpensesNet": -171289000,
    "incomeBeforeTax": 483999000,
    "incomeBeforeTaxRatio": 0.3731335574,
    "incomeTaxExpense": 8007000,
    "netIncome": 405882000,
    "netIncomeRatio": 0.3129101394,
    "eps": 1.3,
    "epsdiluted": 1.3,
    "weightedAverageShsOut": 310784000,
    "weightedAverageShsOutDil": 310784000,
    "link": "https://www.sec.gov/Archives/edgar/data/1063761/000104746915001339/0001047469-15-001339-index.htm",
    "finalLink": "https://www.sec.gov/Archives/edgar/data/1063761/000104746915001339/a2222982z10-k.htm"
  },
  {
    "date": "2014-09-30",
    "symbol": "SPG",
    "reportedCurrency": "USD",
    "cik": "0001063761",
    "fillingDate": "2014-11-05",
    "acceptedDate": "2014-11-05 06:01:29",
    "calendarYear": "2014",
    "period": "Q3",
    "revenue": 1234694000,
    "costOfRevenue": 225517000,
    "grossProfit": 1009177000,
    "grossProfitRatio": 0.8173498859,
    "researchAndDevelopmentExpenses": 0,
    "generalAndAdministrativeExpenses": 14388000,
    "sellingAndMarketingExpenses": 38359000,
    "sellingGeneralAndAdministrativeExpenses": 52747000,
    "otherExpenses": 348873000,
    "operatingExpenses": 401620000,
    "costAndExpenses": 627137000,
    "interestIncome": 0,
    "interestExpense": 249780000,
    "depreciationAndAmortization": 302920000,
    "ebitda": 856252000,
    "ebitdaratio": 0.6934932866,
    "operatingIncome": 607557000,
    "operatingIncomeRatio": 0.4920709099,
    "totalOtherIncomeExpensesNet": -304005000,
    "incomeBeforeTax": 303552000,
    "incomeBeforeTaxRatio": 0.2458520087,
    "incomeTaxExpense": 6589000,
    "netIncome": 252802000,
    "netIncomeRatio": 0.204748707,
    "eps": 0.81,
    "epsdiluted": 0.81,
    "weightedAverageShsOut": 310772000,
    "weightedAverageShsOutDil": 310772000,
    "link": "https://www.sec.gov/Archives/edgar/data/1063761/000104746914008827/0001047469-14-008827-index.htm",
    "finalLink": "https://www.sec.gov/Archives/edgar/data/1063761/000104746914008827/a2221917z10-q.htm"
  },
  {
    "date": "2014-06-30",
    "symbol": "SPG",
    "reportedCurrency": "USD",
    "cik": "0001063761",
    "fillingDate": "2014-08-07",
    "acceptedDate": "2014-08-07 06:02:16",
    "calendarYear": "2014",
    "period": "Q2",
    "revenue": 1181982000,
    "costOfRevenue": 213682000,
    "grossProfit": 968300000,
    "grossProfitRatio": 0.8192172131,
    "researchAndDevelopmentExpenses": 0,
    "generalAndAdministrativeExpenses": 15599000,
    "sellingAndMarketingExpenses": 38149000,
    "sellingGeneralAndAdministrativeExpenses": 53748000,
    "otherExpenses": 353021000,
    "operatingExpenses": 406769000,
    "costAndExpenses": 620451000,
    "interestIncome": 0,
    "interestExpense": 254930000,
    "depreciationAndAmortization": 340152000,
    "ebitda": 1091317000,
    "ebitdaratio": 0.9232940942,
    "operatingIncome": 561531000,
    "operatingIncomeRatio": 0.4750757626,
    "totalOtherIncomeExpensesNet": -65296000,
    "incomeBeforeTax": 496235000,
    "incomeBeforeTaxRatio": 0.4198329585,
    "incomeTaxExpense": 6626000,
    "netIncome": 407421000,
    "netIncomeRatio": 0.3446930664,
    "eps": 1.31,
    "epsdiluted": 1.31,
    "weightedAverageShsOut": 310743000,
    "weightedAverageShsOutDil": 310743000,
    "link": "https://www.sec.gov/Archives/edgar/data/1063761/000104746914006709/0001047469-14-006709-index.htm",
    "finalLink": "https://www.sec.gov/Archives/edgar/data/1063761/000104746914006709/a2220961z10-q.htm"
  },
  {
    "date": "2014-03-31",
    "symbol": "SPG",
    "reportedCurrency": "USD",
    "cik": "0001063761",
    "fillingDate": "2014-05-07",
    "acceptedDate": "2014-05-07 06:02:52",
    "calendarYear": "2014",
    "period": "Q1",
    "revenue": 1157022000,
    "costOfRevenue": 219018000,
    "grossProfit": 938004000,
    "grossProfitRatio": 0.8107054144,
    "researchAndDevelopmentExpenses": 0,
    "generalAndAdministrativeExpenses": 14855000,
    "sellingAndMarketingExpenses": 22619000,
    "sellingGeneralAndAdministrativeExpenses": 37474000,
    "otherExpenses": 339565000,
    "operatingExpenses": 377039000,
    "costAndExpenses": 596057000,
    "interestIncome": 0,
    "interestExpense": 254234000,
    "depreciationAndAmortization": 330562000,
    "ebitda": 951260000,
    "ebitdaratio": 0.8221624135,
    "operatingIncome": 560965000,
    "operatingIncomeRatio": 0.4848352062,
    "totalOtherIncomeExpensesNet": -194501000,
    "incomeBeforeTax": 366464000,
    "incomeBeforeTaxRatio": 0.3167303647,
    "incomeTaxExpense": 6863000,
    "netIncome": 342482000,
    "netIncomeRatio": 0.2960030146,
    "eps": 1.1,
    "epsdiluted": 1.1,
    "weightedAverageShsOut": 310622681,
    "weightedAverageShsOutDil": 310623000,
    "link": "https://www.sec.gov/Archives/edgar/data/1063761/000104746914004661/0001047469-14-004661-index.htm",
    "finalLink": "https://www.sec.gov/Archives/edgar/data/1063761/000104746914004661/a2219880z10-q.htm"
  },
  {
    "date": "2013-12-31",
    "symbol": "SPG",
    "reportedCurrency": "USD",
    "cik": "0001063761",
    "fillingDate": "2014-02-27",
    "acceptedDate": "2014-02-27 06:03:32",
    "calendarYear": "2013",
    "period": "Q4",
    "revenue": 1416261000,
    "costOfRevenue": 269903000,
    "grossProfit": 1146358000,
    "grossProfitRatio": 0.8094256638,
    "researchAndDevelopmentExpenses": 0,
    "generalAndAdministrativeExpenses": 15327000,
    "sellingAndMarketingExpenses": 44867000,
    "sellingGeneralAndAdministrativeExpenses": 60194000,
    "otherExpenses": 393618000,
    "operatingExpenses": 453812000,
    "costAndExpenses": 723715000,
    "interestIncome": 0,
    "interestExpense": 287657000,
    "depreciationAndAmortization": 341235000,
    "ebitda": 1087986000,
    "ebitdaratio": 0.7682100969,
    "operatingIncome": 692546000,
    "operatingIncomeRatio": 0.4889960255,
    "totalOtherIncomeExpensesNet": -233452000,
    "incomeBeforeTax": 459094000,
    "incomeBeforeTaxRatio": 0.3241591769,
    "incomeTaxExpense": 9791000,
    "netIncome": 382389000,
    "netIncomeRatio": 0.2699989621,
    "eps": 1.23,
    "epsdiluted": 1.23,
    "weightedAverageShsOut": 310434000,
    "weightedAverageShsOutDil": 310434000,
    "link": "https://www.sec.gov/Archives/edgar/data/1063761/000104746914001416/0001047469-14-001416-index.htm",
    "finalLink": "https://www.sec.gov/Archives/edgar/data/1063761/000104746914001416/a2218246z10-k.htm"
  },
  {
    "date": "2013-09-30",
    "symbol": "SPG",
    "reportedCurrency": "USD",
    "cik": "0001063761",
    "fillingDate": "2013-11-06",
    "acceptedDate": "2013-11-06 06:01:43",
    "calendarYear": "2013",
    "period": "Q3",
    "revenue": 1146877000,
    "costOfRevenue": 214740000,
    "grossProfit": 932137000,
    "grossProfitRatio": 0.8127610895,
    "researchAndDevelopmentExpenses": 0,
    "generalAndAdministrativeExpenses": 14546000,
    "sellingAndMarketingExpenses": 28455000,
    "sellingGeneralAndAdministrativeExpenses": 43001000,
    "otherExpenses": 340658000,
    "operatingExpenses": 383659000,
    "costAndExpenses": 598399000,
    "interestIncome": 0,
    "interestExpense": 270700000,
    "depreciationAndAmortization": 338361000,
    "ebitda": 945473000,
    "ebitdaratio": 0.8243891891,
    "operatingIncome": 548478000,
    "operatingIncomeRatio": 0.4782361142,
    "totalOtherIncomeExpensesNet": -212066000,
    "incomeBeforeTax": 336412000,
    "incomeBeforeTaxRatio": 0.2933287528,
    "incomeTaxExpense": 7700000,
    "netIncome": 312509000,
    "netIncomeRatio": 0.2724869363,
    "eps": 1,
    "epsdiluted": 1,
    "weightedAverageShsOut": 310333000,
    "weightedAverageShsOutDil": 310333000,
    "link": "https://www.sec.gov/Archives/edgar/data/1063761/000104746913010290/0001047469-13-010290-index.htm",
    "finalLink": "https://www.sec.gov/Archives/edgar/data/1063761/000104746913010290/a2217122z10-q.htm"
  },
  {
    "date": "2013-06-30",
    "symbol": "SPG",
    "reportedCurrency": "USD",
    "cik": "0001063761",
    "fillingDate": "2013-08-07",
    "acceptedDate": "2013-08-07 06:05:30",
    "calendarYear": "2013",
    "period": "Q2",
    "revenue": 1084993000,
    "costOfRevenue": 204642000,
    "grossProfit": 880351000,
    "grossProfitRatio": 0.8113886449,
    "researchAndDevelopmentExpenses": 0,
    "generalAndAdministrativeExpenses": 15421000,
    "sellingAndMarketingExpenses": 27552000,
    "sellingGeneralAndAdministrativeExpenses": 42973000,
    "otherExpenses": 327439000,
    "operatingExpenses": 370412000,
    "costAndExpenses": 575054000,
    "interestIncome": 0,
    "interestExpense": 266229000,
    "depreciationAndAmortization": 331380000,
    "ebitda": 965697000,
    "ebitdaratio": 0.8900490602,
    "operatingIncome": 509939000,
    "operatingIncomeRatio": 0.469992894,
    "totalOtherIncomeExpensesNet": -141851000,
    "incomeBeforeTax": 368088000,
    "incomeBeforeTaxRatio": 0.3392538016,
    "incomeTaxExpense": 8959000,
    "netIncome": 340770000,
    "netIncomeRatio": 0.314075759,
    "eps": 1.1,
    "epsdiluted": 1.1,
    "weightedAverageShsOut": 310261000,
    "weightedAverageShsOutDil": 310261000,
    "link": "https://www.sec.gov/Archives/edgar/data/1063761/000104746913008154/0001047469-13-008154-index.htm",
    "finalLink": "https://www.sec.gov/Archives/edgar/data/1063761/000104746913008154/a2216092z10-q.htm"
  },
  {
    "date": "2013-03-31",
    "symbol": "SPG",
    "reportedCurrency": "USD",
    "cik": "0001063761",
    "fillingDate": "2013-05-08",
    "acceptedDate": "2013-05-08 06:05:42",
    "calendarYear": "2013",
    "period": "Q1",
    "revenue": 1215058000,
    "costOfRevenue": 249340000,
    "grossProfit": 965718000,
    "grossProfitRatio": 0.794791689,
    "researchAndDevelopmentExpenses": 0,
    "generalAndAdministrativeExpenses": 14509000,
    "sellingAndMarketingExpenses": 21259000,
    "sellingGeneralAndAdministrativeExpenses": 35768000,
    "otherExpenses": 372261000,
    "operatingExpenses": 408029000,
    "costAndExpenses": 657369000,
    "interestIncome": 0,
    "interestExpense": 285026000,
    "depreciationAndAmortization": 321974000,
    "ebitda": 954661000,
    "ebitdaratio": 0.7856917118,
    "operatingIncome": 557689000,
    "operatingIncomeRatio": 0.458981382,
    "totalOtherIncomeExpensesNet": -210028000,
    "incomeBeforeTax": 347661000,
    "incomeBeforeTaxRatio": 0.286127082,
    "incomeTaxExpense": 13193000,
    "netIncome": 283972000,
    "netIncomeRatio": 0.2337106541,
    "eps": 0.91,
    "epsdiluted": 0.91,
    "weightedAverageShsOut": 309987000,
    "weightedAverageShsOutDil": 309987000,
    "link": "https://www.sec.gov/Archives/edgar/data/1063761/000104746913005687/0001047469-13-005687-index.htm",
    "finalLink": "https://www.sec.gov/Archives/edgar/data/1063761/000104746913005687/a2214752z10-q.htm"
  },
  {
    "date": "2012-12-31",
    "symbol": "SPG",
    "reportedCurrency": "USD",
    "cik": "0001063761",
    "fillingDate": "2013-02-28",
    "acceptedDate": "2013-02-28 06:24:20",
    "calendarYear": "2012",
    "period": "Q4",
    "revenue": 1344432000,
    "costOfRevenue": 652054000,
    "grossProfit": 692378000,
    "grossProfitRatio": 0.5149966677,
    "researchAndDevelopmentExpenses": 0,
    "generalAndAdministrativeExpenses": -159524000,
    "sellingAndMarketingExpenses": 41028000,
    "sellingGeneralAndAdministrativeExpenses": -118496000,
    "otherExpenses": 188189000,
    "operatingExpenses": 69693000,
    "costAndExpenses": 721747000,
    "interestIncome": 0,
    "interestExpense": 291493000,
    "depreciationAndAmortization": 360994000,
    "ebitda": 1037077000,
    "ebitdaratio": 0.7713867269,
    "operatingIncome": 622685000,
    "operatingIncomeRatio": 0.4631584193,
    "totalOtherIncomeExpensesNet": -238095000,
    "incomeBeforeTax": 384590000,
    "incomeBeforeTaxRatio": 0.2860613255,
    "incomeTaxExpense": 14094000,
    "netIncome": 316217000,
    "netIncomeRatio": 0.2352049044,
    "eps": 1.01,
    "epsdiluted": 1.01,
    "weightedAverageShsOut": 309417000,
    "weightedAverageShsOutDil": 309418000,
    "link": "https://www.sec.gov/Archives/edgar/data/1063761/000104746913001862/0001047469-13-001862-index.htm",
    "finalLink": "https://www.sec.gov/Archives/edgar/data/1063761/000104746913001862/a2212760z10-k.htm"
  },
  {
    "date": "2012-09-30",
    "symbol": "SPG",
    "reportedCurrency": "USD",
    "cik": "0001063761",
    "fillingDate": "2012-11-07",
    "acceptedDate": "2012-11-07 06:01:45",
    "calendarYear": "2012",
    "period": "Q3",
    "revenue": 1228617000,
    "costOfRevenue": 264628000,
    "grossProfit": 963989000,
    "grossProfitRatio": 0.7846131056,
    "researchAndDevelopmentExpenses": 0,
    "generalAndAdministrativeExpenses": 14165000,
    "sellingAndMarketingExpenses": 28114000,
    "sellingGeneralAndAdministrativeExpenses": 42279000,
    "otherExpenses": 356757000,
    "operatingExpenses": 399036000,
    "costAndExpenses": 663664000,
    "interestIncome": 0,
    "interestExpense": 288896000,
    "depreciationAndAmortization": 320121000,
    "ebitda": 919292000,
    "ebitdaratio": 0.748233176,
    "operatingIncome": 564953000,
    "operatingIncomeRatio": 0.4598284087,
    "totalOtherIncomeExpensesNet": -254678000,
    "incomeBeforeTax": 310275000,
    "incomeBeforeTaxRatio": 0.2525400511,
    "incomeTaxExpense": 3904000,
    "netIncome": 255755000,
    "netIncomeRatio": 0.208164953,
    "eps": 0.84,
    "epsdiluted": 0.84,
    "weightedAverageShsOut": 304107489,
    "weightedAverageShsOutDil": 304108559,
    "link": "https://www.sec.gov/Archives/edgar/data/1063761/000104746912010136/0001047469-12-010136-index.htm",
    "finalLink": "https://www.sec.gov/Archives/edgar/data/1063761/000104746912010136/a2211486z10-q.htm"
  },
  {
    "date": "2012-06-30",
    "symbol": "SPG",
    "reportedCurrency": "USD",
    "cik": "0001063761",
    "fillingDate": "2012-08-08",
    "acceptedDate": "2012-08-08 06:02:46",
    "calendarYear": "2012",
    "period": "Q2",
    "revenue": 1188066000,
    "costOfRevenue": 249460000,
    "grossProfit": 938606000,
    "grossProfitRatio": 0.7900285001,
    "researchAndDevelopmentExpenses": 0,
    "generalAndAdministrativeExpenses": 14733000,
    "sellingAndMarketingExpenses": 28549000,
    "sellingGeneralAndAdministrativeExpenses": 43282000,
    "otherExpenses": 370997000,
    "operatingExpenses": 414279000,
    "costAndExpenses": 663739000,
    "interestIncome": 0,
    "interestExpense": 288560000,
    "depreciationAndAmortization": 321687000,
    "ebitda": 875146000,
    "ebitdaratio": 0.7366139592,
    "operatingIncome": 524327000,
    "operatingIncomeRatio": 0.4413281754,
    "totalOtherIncomeExpensesNet": -259428000,
    "incomeBeforeTax": 264899000,
    "incomeBeforeTaxRatio": 0.2229665692,
    "incomeTaxExpense": 3963000,
    "netIncome": 216279000,
    "netIncomeRatio": 0.1820429168,
    "eps": 0.71,
    "epsdiluted": 0.71,
    "weightedAverageShsOut": 303443662,
    "weightedAverageShsOutDil": 303443662,
    "link": "https://www.sec.gov/Archives/edgar/data/1063761/000104746912007907/0001047469-12-007907-index.htm",
    "finalLink": "https://www.sec.gov/Archives/edgar/data/1063761/000104746912007907/a2210411z10-q.htm"
  },
  {
    "date": "2012-03-31",
    "symbol": "SPG",
    "reportedCurrency": "USD",
    "cik": "0001063761",
    "fillingDate": "2012-05-08",
    "acceptedDate": "2012-05-08 06:02:23",
    "calendarYear": "2012",
    "period": "Q1",
    "revenue": 1118969000,
    "costOfRevenue": 229083000,
    "grossProfit": 889886000,
    "grossProfitRatio": 0.7952731488,
    "researchAndDevelopmentExpenses": 0,
    "generalAndAdministrativeExpenses": 13889000,
    "sellingAndMarketingExpenses": 21098000,
    "sellingGeneralAndAdministrativeExpenses": 34987000,
    "otherExpenses": 338178000,
    "operatingExpenses": 373165000,
    "costAndExpenses": 602248000,
    "interestIncome": 0,
    "interestExpense": 258079000,
    "depreciationAndAmortization": 298502000,
    "ebitda": 1340413000,
    "ebitdaratio": 1.1979000312,
    "operatingIncome": 516721000,
    "operatingIncomeRatio": 0.4617831236,
    "totalOtherIncomeExpensesNet": 267111000,
    "incomeBeforeTax": 783832000,
    "incomeBeforeTaxRatio": 0.7004948305,
    "incomeTaxExpense": 2003000,
    "netIncome": 646244000,
    "netIncomeRatio": 0.5775352132,
    "eps": 2.18,
    "epsdiluted": 2.18,
    "weightedAverageShsOut": 295693410,
    "weightedAverageShsOutDil": 295694520,
    "link": "https://www.sec.gov/Archives/edgar/data/1063761/000104746912005497/0001047469-12-005497-index.htm",
    "finalLink": "https://www.sec.gov/Archives/edgar/data/1063761/000104746912005497/a2209128z10-q.htm"
  },
  {
    "date": "2011-12-31",
    "symbol": "SPG",
    "reportedCurrency": "USD",
    "cik": "0001063761",
    "fillingDate": "2012-02-28",
    "acceptedDate": "2012-02-28 06:13:04",
    "calendarYear": "2011",
    "period": "Q4",
    "revenue": 1171338000,
    "costOfRevenue": 105558000,
    "grossProfit": 1065780000,
    "grossProfitRatio": 0.9098825446,
    "researchAndDevelopmentExpenses": 0,
    "generalAndAdministrativeExpenses": 85827000,
    "sellingAndMarketingExpenses": 34383000,
    "sellingGeneralAndAdministrativeExpenses": 120210000,
    "otherExpenses": 412488000,
    "operatingExpenses": 532698000,
    "costAndExpenses": 638256000,
    "interestIncome": 0,
    "interestExpense": 246508000,
    "depreciationAndAmortization": 293385000,
    "ebitda": 982701000,
    "ebitdaratio": 0.8389559632,
    "operatingIncome": 533082000,
    "operatingIncomeRatio": 0.4551051874,
    "totalOtherIncomeExpensesNet": -90274000,
    "incomeBeforeTax": 442808000,
    "incomeBeforeTaxRatio": 0.3780360579,
    "incomeTaxExpense": 877000,
    "netIncome": 363764000,
    "netIncomeRatio": 0.310554255,
    "eps": 1.23,
    "epsdiluted": 1.23,
    "weightedAverageShsOut": 293825415,
    "weightedAverageShsOutDil": 295693410,
    "link": "https://www.sec.gov/Archives/edgar/data/1063761/000104746912001667/0001047469-12-001667-index.htm",
    "finalLink": "https://www.sec.gov/Archives/edgar/data/1063761/000104746912001667/a2207375z10-k.htm"
  },
  {
    "date": "2011-09-30",
    "symbol": "SPG",
    "reportedCurrency": "USD",
    "cik": "0001063761",
    "fillingDate": "2011-11-03",
    "acceptedDate": "2011-11-03 13:17:48",
    "calendarYear": "2011",
    "period": "Q3",
    "revenue": 1074360000,
    "costOfRevenue": 122446000,
    "grossProfit": 951914000,
    "grossProfitRatio": 0.8860288916,
    "researchAndDevelopmentExpenses": 0,
    "generalAndAdministrativeExpenses": 69964000,
    "sellingAndMarketingExpenses": 25773000,
    "sellingGeneralAndAdministrativeExpenses": 95737000,
    "otherExpenses": 372579000,
    "operatingExpenses": 468316000,
    "costAndExpenses": 590762000,
    "interestIncome": 0,
    "interestExpense": 244384000,
    "depreciationAndAmortization": 274638000,
    "ebitda": 853663000,
    "ebitdaratio": 0.7945781675,
    "operatingIncome": 483598000,
    "operatingIncomeRatio": 0.450126587,
    "totalOtherIncomeExpensesNet": -148957000,
    "incomeBeforeTax": 334641000,
    "incomeBeforeTaxRatio": 0.3114793924,
    "incomeTaxExpense": 860000,
    "netIncome": 274834000,
    "netIncomeRatio": 0.2558118322,
    "eps": 0.93,
    "epsdiluted": 0.93,
    "weightedAverageShsOut": 294623656,
    "weightedAverageShsOutDil": 294623656,
    "link": "https://www.sec.gov/Archives/edgar/data/1063761/000104746911008987/0001047469-11-008987-index.htm",
    "finalLink": "https://www.sec.gov/Archives/edgar/data/1063761/000104746911008987/a2206075z10-q.htm"
  },
  {
    "date": "2011-06-30",
    "symbol": "SPG",
    "reportedCurrency": "USD",
    "cik": "0001063761",
    "fillingDate": "2011-08-05",
    "acceptedDate": "2011-08-05 06:02:31",
    "calendarYear": "2011",
    "period": "Q2",
    "revenue": 1040861000,
    "costOfRevenue": 109025000,
    "grossProfit": 931836000,
    "grossProfitRatio": 0.895254986,
    "researchAndDevelopmentExpenses": 0,
    "generalAndAdministrativeExpenses": 65084000,
    "sellingAndMarketingExpenses": 24958000,
    "sellingGeneralAndAdministrativeExpenses": 90042000,
    "otherExpenses": 374222000,
    "operatingExpenses": 464264000,
    "costAndExpenses": 573289000,
    "interestIncome": 0,
    "interestExpense": 244517000,
    "depreciationAndAmortization": 270136000,
    "ebitda": 751529000,
    "ebitdaratio": 0.722026284,
    "operatingIncome": 467572000,
    "operatingIncomeRatio": 0.4492165621,
    "totalOtherIncomeExpensesNet": -230696000,
    "incomeBeforeTax": 236876000,
    "incomeBeforeTaxRatio": 0.2275769771,
    "incomeTaxExpense": 703000,
    "netIncome": 205955000,
    "netIncomeRatio": 0.1978698404,
    "eps": 0.7,
    "epsdiluted": 0.7,
    "weightedAverageShsOut": 293594135,
    "weightedAverageShsOutDil": 293594135,
    "link": "https://www.sec.gov/Archives/edgar/data/1063761/000104746911006968/0001047469-11-006968-index.htm",
    "finalLink": "https://www.sec.gov/Archives/edgar/data/1063761/000104746911006968/a2205003z10-q.htm"
  },
  {
    "date": "2011-03-31",
    "symbol": "SPG",
    "reportedCurrency": "USD",
    "cik": "0001063761",
    "fillingDate": "2011-05-06",
    "acceptedDate": "2011-05-06 07:28:50",
    "calendarYear": "2011",
    "period": "Q1",
    "revenue": 1019874000,
    "costOfRevenue": 99541000,
    "grossProfit": 920333000,
    "grossProfitRatio": 0.9023987277,
    "researchAndDevelopmentExpenses": 0,
    "generalAndAdministrativeExpenses": 67558000,
    "sellingAndMarketingExpenses": 21888000,
    "sellingGeneralAndAdministrativeExpenses": 89446000,
    "otherExpenses": 379997000,
    "operatingExpenses": 469443000,
    "costAndExpenses": 568984000,
    "interestIncome": 0,
    "interestExpense": 248119000,
    "depreciationAndAmortization": 274279000,
    "ebitda": 743790000,
    "ebitdaratio": 0.7292959719,
    "operatingIncome": 450890000,
    "operatingIncomeRatio": 0.4421036324,
    "totalOtherIncomeExpensesNet": -229498000,
    "incomeBeforeTax": 221392000,
    "incomeBeforeTaxRatio": 0.2170777959,
    "incomeTaxExpense": 1142000,
    "netIncome": 180246000,
    "netIncomeRatio": 0.1767335965,
    "eps": 0.61,
    "epsdiluted": 0.61,
    "weightedAverageShsOut": 293080000,
    "weightedAverageShsOutDil": 293080000,
    "link": "https://www.sec.gov/Archives/edgar/data/1063761/000104746911004670/0001047469-11-004670-index.htm",
    "finalLink": "https://www.sec.gov/Archives/edgar/data/1063761/000104746911004670/a2203817z10-q.htm"
  },
  {
    "date": "2010-12-31",
    "symbol": "SPG",
    "reportedCurrency": "USD",
    "cik": "0001063761",
    "fillingDate": "2011-02-25",
    "acceptedDate": "2011-02-25 06:03:14",
    "calendarYear": "2010",
    "period": "Q4",
    "revenue": 1119718000,
    "costOfRevenue": 98615000,
    "grossProfit": 1021103000,
    "grossProfitRatio": 0.9119287178,
    "researchAndDevelopmentExpenses": 0,
    "generalAndAdministrativeExpenses": 46395000,
    "sellingAndMarketingExpenses": -27913000,
    "sellingGeneralAndAdministrativeExpenses": 18482000,
    "otherExpenses": 498559000,
    "operatingExpenses": 517041000,
    "costAndExpenses": 615656000,
    "interestIncome": 0,
    "interestExpense": 252405000,
    "depreciationAndAmortization": 284634000,
    "ebitda": 505760000,
    "ebitdaratio": 0.4516851564,
    "operatingIncome": 504062000,
    "operatingIncomeRatio": 0.4501687032,
    "totalOtherIncomeExpensesNet": -504062000,
    "incomeBeforeTax": 0,
    "incomeBeforeTaxRatio": 0,
    "incomeTaxExpense": 0,
    "netIncome": 218758000,
    "netIncomeRatio": 0.1953688339,
    "eps": 1.49,
    "epsdiluted": 1.49,
    "weightedAverageShsOut": 292951456,
    "weightedAverageShsOutDil": 293080000,
    "link": "https://www.sec.gov/Archives/edgar/data/1063761/000104746911001321/0001047469-11-001321-index.htm",
    "finalLink": "https://www.sec.gov/Archives/edgar/data/1063761/000104746911001321/a2202046z10-k.htm"
  },
  {
    "date": "2010-09-30",
    "symbol": "SPG",
    "reportedCurrency": "USD",
    "cik": "0001063761",
    "fillingDate": "2010-11-05",
    "acceptedDate": "2010-11-05 06:35:50",
    "calendarYear": "2010",
    "period": "Q3",
    "revenue": 979275000,
    "costOfRevenue": 115647000,
    "grossProfit": 863628000,
    "grossProfitRatio": 0.8819054913,
    "researchAndDevelopmentExpenses": 0,
    "generalAndAdministrativeExpenses": 54010000,
    "sellingAndMarketingExpenses": 69020000,
    "sellingGeneralAndAdministrativeExpenses": 123030000,
    "otherExpenses": 342804000,
    "operatingExpenses": 465834000,
    "costAndExpenses": 581481000,
    "interestIncome": 0,
    "interestExpense": 249264000,
    "depreciationAndAmortization": 257314000,
    "ebitda": 786861000,
    "ebitdaratio": 0.803513824,
    "operatingIncome": 397794000,
    "operatingIncomeRatio": 0.4062127594,
    "totalOtherIncomeExpensesNet": -117511000,
    "incomeBeforeTax": 280283000,
    "incomeBeforeTaxRatio": 0.2862148018,
    "incomeTaxExpense": -249000,
    "netIncome": 231458000,
    "netIncomeRatio": 0.2363564882,
    "eps": 0.79,
    "epsdiluted": 0.79,
    "weightedAverageShsOut": 291929114,
    "weightedAverageShsOutDil": 291929114,
    "link": "https://www.sec.gov/Archives/edgar/data/1063761/000104746910009266/0001047469-10-009266-index.htm",
    "finalLink": "https://www.sec.gov/Archives/edgar/data/1063761/000104746910009266/a2200627z10-q.htm"
  },
  {
    "date": "2010-06-30",
    "symbol": "SPG",
    "reportedCurrency": "USD",
    "cik": "0001063761",
    "fillingDate": "2010-08-06",
    "acceptedDate": "2010-08-06 07:00:17",
    "calendarYear": "2010",
    "period": "Q2",
    "revenue": 933566000,
    "costOfRevenue": 101234000,
    "grossProfit": 832332000,
    "grossProfitRatio": 0.891562032,
    "researchAndDevelopmentExpenses": 0,
    "generalAndAdministrativeExpenses": 52976000,
    "sellingAndMarketingExpenses": 33551000,
    "sellingGeneralAndAdministrativeExpenses": 86527000,
    "otherExpenses": 330338000,
    "operatingExpenses": 416865000,
    "costAndExpenses": 518099000,
    "interestIncome": 0,
    "interestExpense": 261463000,
    "depreciationAndAmortization": 240223000,
    "ebitda": 666304000,
    "ebitdaratio": 0.7137192229,
    "operatingIncome": 415467000,
    "operatingIncomeRatio": 0.4450322741,
    "totalOtherIncomeExpensesNet": -250849000,
    "incomeBeforeTax": 164618000,
    "incomeBeforeTaxRatio": 0.1763324714,
    "incomeTaxExpense": -510000,
    "netIncome": 151839000,
    "netIncomeRatio": 0.162644098,
    "eps": 0.52,
    "epsdiluted": 0.52,
    "weightedAverageShsOut": 292324000,
    "weightedAverageShsOutDil": 293187000,
    "link": "https://www.sec.gov/Archives/edgar/data/1063761/000104746910007096/0001047469-10-007096-index.htm",
    "finalLink": "https://www.sec.gov/Archives/edgar/data/1063761/000104746910007096/a2199605z10-q.htm"
  },
  {
    "date": "2010-03-31",
    "symbol": "SPG",
    "reportedCurrency": "USD",
    "cik": "0001063761",
    "fillingDate": "2010-05-10",
    "acceptedDate": "2010-05-10 07:30:53",
    "calendarYear": "2010",
    "period": "Q1",
    "revenue": 925071000,
    "costOfRevenue": 98768000,
    "grossProfit": 826303000,
    "grossProfitRatio": 0.893231979,
    "researchAndDevelopmentExpenses": 0,
    "generalAndAdministrativeExpenses": 46172000,
    "sellingAndMarketingExpenses": 22536000,
    "sellingGeneralAndAdministrativeExpenses": 68708000,
    "otherExpenses": 330679000,
    "operatingExpenses": 399387000,
    "costAndExpenses": 498155000,
    "interestIncome": 0,
    "interestExpense": 263959000,
    "depreciationAndAmortization": 233856000,
    "ebitda": 512729000,
    "ebitdaratio": 0.5542590785,
    "operatingIncome": 426916000,
    "operatingIncomeRatio": 0.4614953879,
    "totalOtherIncomeExpensesNet": -412002000,
    "incomeBeforeTax": 14914000,
    "incomeBeforeTaxRatio": 0.0161220058,
    "incomeTaxExpense": 202000,
    "netIncome": 14983000,
    "netIncomeRatio": 0.0161965946,
    "eps": 0.03,
    "epsdiluted": 0.03,
    "weightedAverageShsOut": 286125000,
    "weightedAverageShsOutDil": 286439000,
    "link": "https://www.sec.gov/Archives/edgar/data/1063761/000104746910004999/0001047469-10-004999-index.htm",
    "finalLink": "https://www.sec.gov/Archives/edgar/data/1063761/000104746910004999/a2198289z10-q.htm"
  },
  {
    "date": "2009-12-31",
    "symbol": "SPG",
    "reportedCurrency": "USD",
    "cik": "0001063761",
    "fillingDate": "2010-02-25",
    "acceptedDate": "2010-02-25 11:12:02",
    "calendarYear": "2009",
    "period": "Q4",
    "revenue": 1028180000,
    "costOfRevenue": 98905000,
    "grossProfit": 929275000,
    "grossProfitRatio": 0.9038057539,
    "researchAndDevelopmentExpenses": 0,
    "generalAndAdministrativeExpenses": 64384000,
    "sellingAndMarketingExpenses": 37707000,
    "sellingGeneralAndAdministrativeExpenses": 102091000,
    "otherExpenses": 401583000,
    "operatingExpenses": 503674000,
    "costAndExpenses": 602579000,
    "interestIncome": 0,
    "interestExpense": 263705000,
    "depreciationAndAmortization": 244165000,
    "ebitda": 621487000,
    "ebitdaratio": 0.6044535004,
    "operatingIncome": 425601000,
    "operatingIncomeRatio": 0.4139362757,
    "totalOtherIncomeExpensesNet": -311984000,
    "incomeBeforeTax": 113617000,
    "incomeBeforeTaxRatio": 0.1105030248,
    "incomeTaxExpense": -2316000,
    "netIncome": 98255000,
    "netIncomeRatio": 0.0955620611,
    "eps": 0.34,
    "epsdiluted": 0.34,
    "weightedAverageShsOut": 284153440,
    "weightedAverageShsOutDil": 286125000,
    "link": "https://www.sec.gov/Archives/edgar/data/1063761/000104746910001324/0001047469-10-001324-index.htm",
    "finalLink": "https://www.sec.gov/Archives/edgar/data/1063761/000104746910001324/a2196642z10-k.htm"
  },
  {
    "date": "2009-09-30",
    "symbol": "SPG",
    "reportedCurrency": "USD",
    "cik": "0001063761",
    "fillingDate": "2009-11-05",
    "acceptedDate": "2009-11-05 15:08:43",
    "calendarYear": "2009",
    "period": "Q3",
    "revenue": 924932000,
    "costOfRevenue": 113815000,
    "grossProfit": 811117000,
    "grossProfitRatio": 0.8769477108,
    "researchAndDevelopmentExpenses": 0,
    "generalAndAdministrativeExpenses": 50559000,
    "sellingAndMarketingExpenses": 23226000,
    "sellingGeneralAndAdministrativeExpenses": 73785000,
    "otherExpenses": 345155000,
    "operatingExpenses": 418940000,
    "costAndExpenses": 532755000,
    "interestIncome": 0,
    "interestExpense": 257881000,
    "depreciationAndAmortization": 253493000,
    "ebitda": 645670000,
    "ebitdaratio": 0.6980729394,
    "operatingIncome": 392177000,
    "operatingIncomeRatio": 0.4240063053,
    "totalOtherIncomeExpensesNet": -253226000,
    "incomeBeforeTax": 138951000,
    "incomeBeforeTaxRatio": 0.1502283411,
    "incomeTaxExpense": -238000,
    "netIncome": 112086000,
    "netIncomeRatio": 0.1211829626,
    "eps": 0.38,
    "epsdiluted": 0.38,
    "weightedAverageShsOut": 261355000,
    "weightedAverageShsOutDil": 262907000,
    "link": "https://www.sec.gov/Archives/edgar/data/1063761/000104746909009591/0001047469-09-009591-index.htm",
    "finalLink": "https://www.sec.gov/Archives/edgar/data/1063761/000104746909009591/a2195218z10-q.htm"
  },
  {
    "date": "2009-06-30",
    "symbol": "SPG",
    "reportedCurrency": "USD",
    "cik": "0001063761",
    "fillingDate": "2009-08-05",
    "acceptedDate": "2009-08-05 12:23:20",
    "calendarYear": "2009",
    "period": "Q2",
    "revenue": 903612000,
    "costOfRevenue": 106836000,
    "grossProfit": 796776000,
    "grossProfitRatio": 0.8817678384,
    "researchAndDevelopmentExpenses": 0,
    "generalAndAdministrativeExpenses": 52166000,
    "sellingAndMarketingExpenses": 19823000,
    "sellingGeneralAndAdministrativeExpenses": 71989000,
    "otherExpenses": 500089000,
    "operatingExpenses": 572078000,
    "costAndExpenses": 678914000,
    "interestIncome": 0,
    "interestExpense": 244443000,
    "depreciationAndAmortization": 254227000,
    "ebitda": 619403000,
    "ebitdaratio": 0.6854745178,
    "operatingIncome": 224698000,
    "operatingIncomeRatio": 0.248666463,
    "totalOtherIncomeExpensesNet": -238949000,
    "incomeBeforeTax": -14251000,
    "incomeBeforeTaxRatio": -0.0157711496,
    "incomeTaxExpense": -143000,
    "netIncome": -14231000,
    "netIncomeRatio": -0.0157490162,
    "eps": -0.053,
    "epsdiluted": -0.053,
    "weightedAverageShsOut": 268289545,
    "weightedAverageShsOutDil": 268289545,
    "link": "https://www.sec.gov/Archives/edgar/data/1063761/000104746909007222/0001047469-09-007222-index.htm",
    "finalLink": "https://www.sec.gov/Archives/edgar/data/1063761/000104746909007222/a2193958z10-q.htm"
  },
  {
    "date": "2009-03-31",
    "symbol": "SPG",
    "reportedCurrency": "USD",
    "cik": "0001063761",
    "fillingDate": "2009-05-01",
    "acceptedDate": "2009-05-01 16:25:01",
    "calendarYear": "2009",
    "period": "Q1",
    "revenue": 918492000,
    "costOfRevenue": 106147000,
    "grossProfit": 812345000,
    "grossProfitRatio": 0.8844333974,
    "researchAndDevelopmentExpenses": 0,
    "generalAndAdministrativeExpenses": 52799000,
    "sellingAndMarketingExpenses": 18506000,
    "sellingGeneralAndAdministrativeExpenses": 71305000,
    "otherExpenses": 376824000,
    "operatingExpenses": 448129000,
    "costAndExpenses": 554276000,
    "interestIncome": 0,
    "interestExpense": 226036000,
    "depreciationAndAmortization": 257605000,
    "ebitda": 621821000,
    "ebitdaratio": 0.677002086,
    "operatingIncome": 364216000,
    "operatingIncomeRatio": 0.3965369323,
    "totalOtherIncomeExpensesNet": -220491000,
    "incomeBeforeTax": 143725000,
    "incomeBeforeTaxRatio": 0.1564793161,
    "incomeTaxExpense": -2523000,
    "netIncome": 113297000,
    "netIncomeRatio": 0.1233511016,
    "eps": 0.45,
    "epsdiluted": 0.45,
    "weightedAverageShsOut": 235908551,
    "weightedAverageShsOutDil": 236128461,
    "link": "https://www.sec.gov/Archives/edgar/data/1063761/000104746909004889/0001047469-09-004889-index.htm",
    "finalLink": "https://www.sec.gov/Archives/edgar/data/1063761/000104746909004889/a2192654z10-q.htm"
  },
  {
    "date": "2008-12-31",
    "symbol": "SPG",
    "reportedCurrency": "USD",
    "cik": "0001063761",
    "fillingDate": "2009-02-26",
    "acceptedDate": "2009-02-26 17:05:34",
    "calendarYear": "2008",
    "period": "Q4",
    "revenue": 1029316000,
    "costOfRevenue": 103687000,
    "grossProfit": 925629000,
    "grossProfitRatio": 0.8992661146,
    "researchAndDevelopmentExpenses": 0,
    "generalAndAdministrativeExpenses": 74275000,
    "sellingAndMarketingExpenses": 32729000,
    "sellingGeneralAndAdministrativeExpenses": 107004000,
    "otherExpenses": 372807000,
    "operatingExpenses": 479811000,
    "costAndExpenses": 583498000,
    "interestIncome": 0,
    "interestExpense": 244933000,
    "depreciationAndAmortization": 269975000,
    "ebitda": 669275000,
    "ebitdaratio": 0.6502133456,
    "operatingIncome": 445818000,
    "operatingIncomeRatio": 0.4331206355,
    "totalOtherIncomeExpensesNet": -291451000,
    "incomeBeforeTax": 154367000,
    "incomeBeforeTaxRatio": 0.1499704658,
    "incomeTaxExpense": 2005000,
    "netIncome": 152342000,
    "netIncomeRatio": 0.1480031399,
    "eps": 0.65,
    "epsdiluted": 0.65,
    "weightedAverageShsOut": 227529717,
    "weightedAverageShsOutDil": 235908551,
    "link": "https://www.sec.gov/Archives/edgar/data/1063761/000104746909001894/0001047469-09-001894-index.htm",
    "finalLink": "https://www.sec.gov/Archives/edgar/data/1063761/000104746909001894/a2190804z10-k.htm"
  },
  {
    "date": "2008-09-30",
    "symbol": "SPG",
    "reportedCurrency": "USD",
    "cik": "0001063761",
    "fillingDate": "2008-11-07",
    "acceptedDate": "2008-11-07 16:15:43",
    "calendarYear": "2008",
    "period": "Q3",
    "revenue": 935594000,
    "costOfRevenue": 127515000,
    "grossProfit": 808079000,
    "grossProfitRatio": 0.8637069071,
    "researchAndDevelopmentExpenses": 0,
    "generalAndAdministrativeExpenses": 59749000,
    "sellingAndMarketingExpenses": 22942000,
    "sellingGeneralAndAdministrativeExpenses": 82691000,
    "otherExpenses": 342036000,
    "operatingExpenses": 424727000,
    "costAndExpenses": 552242000,
    "interestIncome": 0,
    "interestExpense": 239955000,
    "depreciationAndAmortization": 236337000,
    "ebitda": 637001000,
    "ebitdaratio": 0.6808519507,
    "operatingIncome": 383352000,
    "operatingIncomeRatio": 0.4097418325,
    "totalOtherIncomeExpensesNet": -222643000,
    "incomeBeforeTax": 160709000,
    "incomeBeforeTaxRatio": 0.1717721576,
    "incomeTaxExpense": 972000,
    "netIncome": 124093000,
    "netIncomeRatio": 0.1326355235,
    "eps": 0.5,
    "epsdiluted": 0.5,
    "weightedAverageShsOut": 224601000,
    "weightedAverageShsOutDil": 225194000,
    "link": "https://www.sec.gov/Archives/edgar/data/1063761/000104746908011822/0001047469-08-011822-index.htm",
    "finalLink": "https://www.sec.gov/Archives/edgar/data/1063761/000104746908011822/a2188939z10-q.htm"
  },
  {
    "date": "2008-06-30",
    "symbol": "SPG",
    "reportedCurrency": "USD",
    "cik": "0001063761",
    "fillingDate": "2008-08-06",
    "acceptedDate": "2008-08-06 15:30:27",
    "calendarYear": "2008",
    "period": "Q2",
    "revenue": 922947000,
    "costOfRevenue": 111911000,
    "grossProfit": 811036000,
    "grossProfitRatio": 0.8787460168,
    "researchAndDevelopmentExpenses": 0,
    "generalAndAdministrativeExpenses": 65784000,
    "sellingAndMarketingExpenses": 21739000,
    "sellingGeneralAndAdministrativeExpenses": 87523000,
    "otherExpenses": 344475000,
    "operatingExpenses": 431998000,
    "costAndExpenses": 543909000,
    "interestIncome": 0,
    "interestExpense": 232335000,
    "depreciationAndAmortization": 225505000,
    "ebitda": 583932000,
    "ebitdaratio": 0.63268205,
    "operatingIncome": 379038000,
    "operatingIncomeRatio": 0.4106823035,
    "totalOtherIncomeExpensesNet": -264058000,
    "incomeBeforeTax": 114980000,
    "incomeBeforeTaxRatio": 0.1245792012,
    "incomeTaxExpense": 627000,
    "netIncome": 87917000,
    "netIncomeRatio": 0.0952568241,
    "eps": 0.34,
    "epsdiluted": 0.34,
    "weightedAverageShsOut": 224982539,
    "weightedAverageShsOutDil": 225571345,
    "link": "https://www.sec.gov/Archives/edgar/data/1063761/000104746908008808/0001047469-08-008808-index.htm",
    "finalLink": "https://www.sec.gov/Archives/edgar/data/1063761/000104746908008808/a2187193z10-q.htm"
  },
  {
    "date": "2008-03-31",
    "symbol": "SPG",
    "reportedCurrency": "USD",
    "cik": "0001063761",
    "fillingDate": "2008-05-09",
    "acceptedDate": "2008-05-09 14:00:58",
    "calendarYear": "2008",
    "period": "Q1",
    "revenue": 895298000,
    "costOfRevenue": 112761000,
    "grossProfit": 782537000,
    "grossProfitRatio": 0.8740519916,
    "researchAndDevelopmentExpenses": 0,
    "generalAndAdministrativeExpenses": 73923000,
    "sellingAndMarketingExpenses": 19373000,
    "sellingGeneralAndAdministrativeExpenses": 93296000,
    "otherExpenses": 337466000,
    "operatingExpenses": 430762000,
    "costAndExpenses": 543523000,
    "interestIncome": 0,
    "interestExpense": 229917000,
    "depreciationAndAmortization": 225010000,
    "ebitda": 586959000,
    "ebitdaratio": 0.655601822,
    "operatingIncome": 351775000,
    "operatingIncomeRatio": 0.3929138678,
    "totalOtherIncomeExpensesNet": -222776000,
    "incomeBeforeTax": 128999000,
    "incomeBeforeTaxRatio": 0.1440849862,
    "incomeTaxExpense": -23000,
    "netIncome": 99284000,
    "netIncomeRatio": 0.1108949199,
    "eps": 0.39,
    "epsdiluted": 0.39,
    "weightedAverageShsOut": 223455345,
    "weightedAverageShsOutDil": 224071920,
    "link": "https://www.sec.gov/Archives/edgar/data/1063761/000104746908006292/0001047469-08-006292-index.htm",
    "finalLink": "https://www.sec.gov/Archives/edgar/data/1063761/000104746908006292/a2185616z10-q.htm"
  },
  {
    "date": "2007-12-31",
    "symbol": "SPG",
    "reportedCurrency": "USD",
    "cik": "0001063761",
    "fillingDate": "2008-02-26",
    "acceptedDate": "2008-02-26 16:08:47",
    "calendarYear": "2007",
    "period": "Q4",
    "revenue": 1035581000,
    "costOfRevenue": 0,
    "grossProfit": 1035581000,
    "grossProfitRatio": 1,
    "researchAndDevelopmentExpenses": 0,
    "generalAndAdministrativeExpenses": 141292000,
    "sellingAndMarketingExpenses": 32854000,
    "sellingGeneralAndAdministrativeExpenses": 174146000,
    "otherExpenses": 387586000,
    "operatingExpenses": 561732000,
    "costAndExpenses": 561732000,
    "interestIncome": 0,
    "interestExpense": 0,
    "depreciationAndAmortization": 228263000,
    "ebitda": 764002000,
    "ebitdaratio": 0.7377520445,
    "operatingIncome": 473849000,
    "operatingIncomeRatio": 0.4575682636,
    "totalOtherIncomeExpensesNet": -333677000,
    "incomeBeforeTax": 140172000,
    "incomeBeforeTaxRatio": 0.1353559017,
    "incomeTaxExpense": -12727000,
    "netIncome": 125005000,
    "netIncomeRatio": 0.1207100169,
    "eps": 0.55,
    "epsdiluted": 0.55,
    "weightedAverageShsOut": 223014359,
    "weightedAverageShsOutDil": 225469231,
    "link": "https://www.sec.gov/Archives/edgar/data/1063761/000104746908001745/0001047469-08-001745-index.htm",
    "finalLink": "https://www.sec.gov/Archives/edgar/data/1063761/000104746908001745/a2182898z10-k.htm"
  },
  {
    "date": "2007-09-30",
    "symbol": "SPG",
    "reportedCurrency": "USD",
    "cik": "0001063761",
    "fillingDate": "2007-11-02",
    "acceptedDate": "2007-11-02 14:35:57",
    "calendarYear": "2007",
    "period": "Q3",
    "revenue": 907145000,
    "costOfRevenue": 121698000,
    "grossProfit": 785447000,
    "grossProfitRatio": 0.8658450413,
    "researchAndDevelopmentExpenses": 0,
    "generalAndAdministrativeExpenses": 64185000,
    "sellingAndMarketingExpenses": 22192000,
    "sellingGeneralAndAdministrativeExpenses": 86377000,
    "otherExpenses": 320371000,
    "operatingExpenses": 406748000,
    "costAndExpenses": 528446000,
    "interestIncome": 0,
    "interestExpense": 238155000,
    "depreciationAndAmortization": 217499000,
    "ebitda": 649810000,
    "ebitdaratio": 0.7163242921,
    "operatingIncome": 378699000,
    "operatingIncomeRatio": 0.4174624784,
    "totalOtherIncomeExpensesNet": -191706000,
    "incomeBeforeTax": 186993000,
    "incomeBeforeTaxRatio": 0.2061335288,
    "incomeTaxExpense": 648000,
    "netIncome": 179227000,
    "netIncomeRatio": 0.1975726042,
    "eps": 0.74,
    "epsdiluted": 0.74,
    "weightedAverageShsOut": 223103314,
    "weightedAverageShsOutDil": 223848882,
    "link": "https://www.sec.gov/Archives/edgar/data/1063761/000104746907008330/0001047469-07-008330-index.htm",
    "finalLink": "https://www.sec.gov/Archives/edgar/data/1063761/000104746907008330/a2180623z10-q.htm"
  },
  {
    "date": "2007-06-30",
    "symbol": "SPG",
    "reportedCurrency": "USD",
    "cik": "0001063761",
    "fillingDate": "2007-08-08",
    "acceptedDate": "2007-08-08 17:09:05",
    "calendarYear": "2007",
    "period": "Q2",
    "revenue": 855932000,
    "costOfRevenue": 112122000,
    "grossProfit": 743810000,
    "grossProfitRatio": 0.8690059491,
    "researchAndDevelopmentExpenses": 0,
    "generalAndAdministrativeExpenses": 64133000,
    "sellingAndMarketingExpenses": 20410000,
    "sellingGeneralAndAdministrativeExpenses": 84543000,
    "otherExpenses": 325716000,
    "operatingExpenses": 410259000,
    "costAndExpenses": 522381000,
    "interestIncome": 0,
    "interestExpense": 243654000,
    "depreciationAndAmortization": 221942000,
    "ebitda": 547940000,
    "ebitdaratio": 0.6401676769,
    "operatingIncome": 333551000,
    "operatingIncomeRatio": 0.3896933401,
    "totalOtherIncomeExpensesNet": -259876000,
    "incomeBeforeTax": 73675000,
    "incomeBeforeTaxRatio": 0.086075763,
    "incomeTaxExpense": -528000,
    "netIncome": 74220000,
    "netIncomeRatio": 0.0867124959,
    "eps": 0.27,
    "epsdiluted": 0.27,
    "weightedAverageShsOut": 223399287,
    "weightedAverageShsOutDil": 224236142,
    "link": "https://www.sec.gov/Archives/edgar/data/1063761/000110465907060296/0001104659-07-060296-index.htm",
    "finalLink": "https://www.sec.gov/Archives/edgar/data/1063761/000110465907060296/a07-21209_110q.htm"
  },
  {
    "date": "2007-03-31",
    "symbol": "SPG",
    "reportedCurrency": "USD",
    "cik": "0001063761",
    "fillingDate": "2007-05-08",
    "acceptedDate": "2007-05-08 16:32:03",
    "calendarYear": "2007",
    "period": "Q1",
    "revenue": 852141000,
    "costOfRevenue": 0,
    "grossProfit": 852141000,
    "grossProfitRatio": 1,
    "researchAndDevelopmentExpenses": 0,
    "generalAndAdministrativeExpenses": 3899000,
    "sellingAndMarketingExpenses": 18884000,
    "sellingGeneralAndAdministrativeExpenses": 22783000,
    "otherExpenses": 480392000,
    "operatingExpenses": 503175000,
    "costAndExpenses": 503175000,
    "interestIncome": 0,
    "interestExpense": 0,
    "depreciationAndAmortization": 207580000,
    "ebitda": 564237000,
    "ebitdaratio": 0.6621404204,
    "operatingIncome": 348966000,
    "operatingIncomeRatio": 0.4095167349,
    "totalOtherIncomeExpensesNet": -234732000,
    "incomeBeforeTax": 114234000,
    "incomeBeforeTaxRatio": 0.1340552796,
    "incomeTaxExpense": 1285000,
    "netIncome": 112787000,
    "netIncomeRatio": 0.1323572038,
    "eps": 0.44,
    "epsdiluted": 0.44,
    "weightedAverageShsOut": 223593182,
    "weightedAverageShsOutDil": 223593182,
    "link": "https://www.sec.gov/Archives/edgar/data/1063761/000110465907037022/0001104659-07-037022-index.htm",
    "finalLink": "https://www.sec.gov/Archives/edgar/data/1063761/000110465907037022/a07-13398_110q.htm"
  },
  {
    "date": "2006-12-31",
    "symbol": "SPG",
    "reportedCurrency": "USD",
    "cik": "0001063761",
    "fillingDate": "2007-02-28",
    "acceptedDate": "2007-02-28 17:30:25",
    "calendarYear": "2006",
    "period": "Q4",
    "revenue": 927031000,
    "costOfRevenue": 0,
    "grossProfit": 927031000,
    "grossProfitRatio": 1,
    "researchAndDevelopmentExpenses": 0,
    "generalAndAdministrativeExpenses": 132066000,
    "sellingAndMarketingExpenses": 32819000,
    "sellingGeneralAndAdministrativeExpenses": 164885000,
    "otherExpenses": 372494000,
    "operatingExpenses": 537379000,
    "costAndExpenses": 537379000,
    "interestIncome": 0,
    "interestExpense": 0,
    "depreciationAndAmortization": 212733000,
    "ebitda": 613654000,
    "ebitdaratio": 0.6619562884,
    "operatingIncome": 389652000,
    "operatingIncomeRatio": 0.4203225135,
    "totalOtherIncomeExpensesNet": -389652000,
    "incomeBeforeTax": 0,
    "incomeBeforeTaxRatio": 0,
    "incomeTaxExpense": 0,
    "netIncome": 226992000,
    "netIncomeRatio": 0.2448591255,
    "eps": 2.03,
    "epsdiluted": 2.03,
    "weightedAverageShsOut": 218993701,
    "weightedAverageShsOutDil": 223593182,
    "link": "https://www.sec.gov/Archives/edgar/data/1063761/000104746907001496/0001047469-07-001496-index.htm",
    "finalLink": "https://www.sec.gov/Archives/edgar/data/1063761/000104746907001496/a2176251z10-k.htm"
  },
  {
    "date": "2006-09-30",
    "symbol": "SPG",
    "reportedCurrency": "USD",
    "cik": "0001063761",
    "fillingDate": "2006-11-07",
    "acceptedDate": "2006-11-07 14:18:47",
    "calendarYear": "2006",
    "period": "Q3",
    "revenue": 818736000,
    "costOfRevenue": 0,
    "grossProfit": 818736000,
    "grossProfitRatio": 1,
    "researchAndDevelopmentExpenses": 0,
    "generalAndAdministrativeExpenses": 4422000,
    "sellingAndMarketingExpenses": 17718000,
    "sellingGeneralAndAdministrativeExpenses": 22140000,
    "otherExpenses": 475272000,
    "operatingExpenses": 497412000,
    "costAndExpenses": 497412000,
    "interestIncome": 0,
    "interestExpense": 0,
    "depreciationAndAmortization": 198792000,
    "ebitda": 532714000,
    "ebitdaratio": 0.6506541791,
    "operatingIncome": 321324000,
    "operatingIncomeRatio": 0.3924635047,
    "totalOtherIncomeExpensesNet": -173994000,
    "incomeBeforeTax": 147330000,
    "incomeBeforeTaxRatio": 0.1799481151,
    "incomeTaxExpense": 2536000,
    "netIncome": 112995000,
    "netIncomeRatio": 0.1380115202,
    "eps": 0.43,
    "epsdiluted": 0.43,
    "weightedAverageShsOut": 219981395,
    "weightedAverageShsOutDil": 219981395,
    "link": "https://www.sec.gov/Archives/edgar/data/1063761/000110465906072118/0001104659-06-072118-index.htm",
    "finalLink": "https://www.sec.gov/Archives/edgar/data/1063761/000110465906072118/a06-23128_110q.htm"
  },
  {
    "date": "2006-06-30",
    "symbol": "SPG",
    "reportedCurrency": "USD",
    "cik": "0001063761",
    "fillingDate": "2006-08-07",
    "acceptedDate": "2006-08-07 15:04:24",
    "calendarYear": "2006",
    "period": "Q2",
    "revenue": 798738000,
    "costOfRevenue": 0,
    "grossProfit": 798738000,
    "grossProfitRatio": 1,
    "researchAndDevelopmentExpenses": 0,
    "generalAndAdministrativeExpenses": 5005000,
    "sellingAndMarketingExpenses": 20541000,
    "sellingGeneralAndAdministrativeExpenses": 25546000,
    "otherExpenses": 463143000,
    "operatingExpenses": 488689000,
    "costAndExpenses": 488689000,
    "interestIncome": 0,
    "interestExpense": 0,
    "depreciationAndAmortization": 201446000,
    "ebitda": 521412000,
    "ebitdaratio": 0.6527947838,
    "operatingIncome": 310049000,
    "operatingIncomeRatio": 0.3881735938,
    "totalOtherIncomeExpensesNet": -200743000,
    "incomeBeforeTax": 109306000,
    "incomeBeforeTaxRatio": 0.1368483783,
    "incomeTaxExpense": -3220000,
    "netIncome": 101263000,
    "netIncomeRatio": 0.1267787435,
    "eps": 0.37,
    "epsdiluted": 0.37,
    "weightedAverageShsOut": 223967568,
    "weightedAverageShsOutDil": 223967568,
    "link": "https://www.sec.gov/Archives/edgar/data/1063761/000110465906051979/0001104659-06-051979-index.htm",
    "finalLink": "https://www.sec.gov/Archives/edgar/data/1063761/000110465906051979/a06-17320_110q.htm"
  },
  {
    "date": "2006-03-31",
    "symbol": "SPG",
    "reportedCurrency": "USD",
    "cik": "0001063761",
    "fillingDate": "2006-05-10",
    "acceptedDate": "2006-05-10 11:53:19",
    "calendarYear": "2006",
    "period": "Q1",
    "revenue": 787649000,
    "costOfRevenue": 0,
    "grossProfit": 787649000,
    "grossProfitRatio": 1,
    "researchAndDevelopmentExpenses": 0,
    "generalAndAdministrativeExpenses": 4493000,
    "sellingAndMarketingExpenses": 17402000,
    "sellingGeneralAndAdministrativeExpenses": 21895000,
    "otherExpenses": 466550000,
    "operatingExpenses": 488445000,
    "costAndExpenses": 488445000,
    "interestIncome": 0,
    "interestExpense": 0,
    "depreciationAndAmortization": 199747000,
    "ebitda": 508651000,
    "ebitdaratio": 0.6457838453,
    "operatingIncome": 299204000,
    "operatingIncomeRatio": 0.3798697135,
    "totalOtherIncomeExpensesNet": -204072000,
    "incomeBeforeTax": 95132000,
    "incomeBeforeTaxRatio": 0.1207796874,
    "incomeTaxExpense": -1639000,
    "netIncome": 122590000,
    "netIncomeRatio": 0.1556403931,
    "eps": 0.47,
    "epsdiluted": 0.47,
    "weightedAverageShsOut": 221312766,
    "weightedAverageShsOutDil": 221312766,
    "link": "https://www.sec.gov/Archives/edgar/data/1063761/000110465906033050/0001104659-06-033050-index.htm",
    "finalLink": "https://www.sec.gov/Archives/edgar/data/1063761/000110465906033050/a06-11160_110q.htm"
  },
  {
    "date": "2005-12-31",
    "symbol": "SPG",
    "reportedCurrency": "USD",
    "cik": "0001063761",
    "fillingDate": "2006-03-08",
    "acceptedDate": "2006-03-08 17:23:42",
    "calendarYear": "2005",
    "period": "Q4",
    "revenue": 876479000,
    "costOfRevenue": 0,
    "grossProfit": 876479000,
    "grossProfitRatio": 1,
    "researchAndDevelopmentExpenses": 0,
    "generalAndAdministrativeExpenses": 121832000,
    "sellingAndMarketingExpenses": 34516000,
    "sellingGeneralAndAdministrativeExpenses": 156348000,
    "otherExpenses": 374566000,
    "operatingExpenses": 530914000,
    "costAndExpenses": 530914000,
    "interestIncome": 0,
    "interestExpense": 0,
    "depreciationAndAmortization": 213398000,
    "ebitda": 573486000,
    "ebitdaratio": 0.6543066063,
    "operatingIncome": 345565000,
    "operatingIncomeRatio": 0.3942650081,
    "totalOtherIncomeExpensesNet": -269460000,
    "incomeBeforeTax": 76105000,
    "incomeBeforeTaxRatio": 0.0868303747,
    "incomeTaxExpense": -27445000,
    "netIncome": 134184000,
    "netIncomeRatio": 0.1530943696,
    "eps": 0.47,
    "epsdiluted": 0.47,
    "weightedAverageShsOut": 221312766,
    "weightedAverageShsOutDil": 221312766,
    "link": "https://www.sec.gov/Archives/edgar/data/1063761/000104746906003063/0001047469-06-003063-index.htm",
    "finalLink": "https://www.sec.gov/Archives/edgar/data/1063761/000104746906003063/a2167962z10-k.htm"
  },
  {
    "date": "2005-09-30",
    "symbol": "SPG",
    "reportedCurrency": "USD",
    "cik": "0001063761",
    "fillingDate": "2005-11-02",
    "acceptedDate": "2005-11-02 16:49:34",
    "calendarYear": "2005",
    "period": "Q3",
    "revenue": 783009000,
    "costOfRevenue": 0,
    "grossProfit": 783009000,
    "grossProfitRatio": 1,
    "researchAndDevelopmentExpenses": 0,
    "generalAndAdministrativeExpenses": 4993000,
    "sellingAndMarketingExpenses": 20974000,
    "sellingGeneralAndAdministrativeExpenses": 25967000,
    "otherExpenses": 458204000,
    "operatingExpenses": 484171000,
    "costAndExpenses": 484171000,
    "interestIncome": 0,
    "interestExpense": 0,
    "depreciationAndAmortization": 196798000,
    "ebitda": 501860000,
    "ebitdaratio": 0.6409377159,
    "operatingIncome": 298838000,
    "operatingIncomeRatio": 0.3816533399,
    "totalOtherIncomeExpensesNet": -185717000,
    "incomeBeforeTax": 113121000,
    "incomeBeforeTaxRatio": 0.1444696038,
    "incomeTaxExpense": 3796000,
    "netIncome": 92883000,
    "netIncomeRatio": 0.1186231576,
    "eps": 0.34,
    "epsdiluted": 0.34,
    "weightedAverageShsOut": 218700000,
    "weightedAverageShsOutDil": 218700000,
    "link": "https://www.sec.gov/Archives/edgar/data/1063761/000110465905051939/0001104659-05-051939-index.htm",
    "finalLink": "https://www.sec.gov/Archives/edgar/data/1063761/000110465905051939/a05-19419_110q.htm"
  },
  {
    "date": "2005-06-30",
    "symbol": "SPG",
    "reportedCurrency": "USD",
    "cik": "0001063761",
    "fillingDate": "2005-08-04",
    "acceptedDate": "2005-08-04 16:49:07",
    "calendarYear": "2005",
    "period": "Q2",
    "revenue": 752084000,
    "costOfRevenue": 0,
    "grossProfit": 752084000,
    "grossProfitRatio": 1,
    "researchAndDevelopmentExpenses": 0,
    "generalAndAdministrativeExpenses": -14187000,
    "sellingAndMarketingExpenses": 18641000,
    "sellingGeneralAndAdministrativeExpenses": 4454000,
    "otherExpenses": 458807000,
    "operatingExpenses": 463261000,
    "costAndExpenses": 463261000,
    "interestIncome": 0,
    "interestExpense": 0,
    "depreciationAndAmortization": 199339000,
    "ebitda": 493317000,
    "ebitdaratio": 0.6559333798,
    "operatingIncome": 288823000,
    "operatingIncomeRatio": 0.3840302413,
    "totalOtherIncomeExpensesNet": -197782000,
    "incomeBeforeTax": 91041000,
    "incomeBeforeTaxRatio": 0.1210516378,
    "incomeTaxExpense": -2734000,
    "netIncome": 173218000,
    "netIncomeRatio": 0.2303173582,
    "eps": 0.7,
    "epsdiluted": 0.7,
    "weightedAverageShsOut": 221158571,
    "weightedAverageShsOutDil": 221158571,
    "link": "https://www.sec.gov/Archives/edgar/data/1063761/000110465905036527/0001104659-05-036527-index.htm",
    "finalLink": "https://www.sec.gov/Archives/edgar/data/1063761/000110465905036527/a05-14025_110q.htm"
  },
  {
    "date": "2005-03-31",
    "symbol": "SPG",
    "reportedCurrency": "USD",
    "cik": "0001063761",
    "fillingDate": "2005-05-06",
    "acceptedDate": "2005-05-05 17:36:17",
    "calendarYear": "2005",
    "period": "Q1",
    "revenue": 741970000,
    "costOfRevenue": 0,
    "grossProfit": 741970000,
    "grossProfitRatio": 1,
    "researchAndDevelopmentExpenses": 0,
    "generalAndAdministrativeExpenses": -14334000,
    "sellingAndMarketingExpenses": 18121000,
    "sellingGeneralAndAdministrativeExpenses": 3787000,
    "otherExpenses": 468588000,
    "operatingExpenses": 472375000,
    "costAndExpenses": 472375000,
    "interestIncome": 0,
    "interestExpense": 0,
    "depreciationAndAmortization": 206072000,
    "ebitda": 479893000,
    "ebitdaratio": 0.6467822149,
    "operatingIncome": 269595000,
    "operatingIncomeRatio": 0.3633502702,
    "totalOtherIncomeExpensesNet": -195204000,
    "incomeBeforeTax": 74391000,
    "incomeBeforeTaxRatio": 0.1002614661,
    "incomeTaxExpense": -4686000,
    "netIncome": 75464000,
    "netIncomeRatio": 0.1017076162,
    "eps": 0.26,
    "epsdiluted": 0.26,
    "weightedAverageShsOut": 219488462,
    "weightedAverageShsOutDil": 219488462,
    "link": "https://www.sec.gov/Archives/edgar/data/1063761/000104746905013572/0001047469-05-013572-index.htm",
    "finalLink": "https://www.sec.gov/Archives/edgar/data/1063761/000104746905013572/a2157563z10-q.htm"
  },
  {
    "date": "2004-12-31",
    "symbol": "SPG",
    "reportedCurrency": "USD",
    "cik": "0001063761",
    "fillingDate": "2005-03-16",
    "acceptedDate": "2005-03-16 16:58:23",
    "calendarYear": "2004",
    "period": "Q4",
    "revenue": 834650000,
    "costOfRevenue": 0,
    "grossProfit": 834650000,
    "grossProfitRatio": 1,
    "researchAndDevelopmentExpenses": 0,
    "generalAndAdministrativeExpenses": 6144000,
    "sellingAndMarketingExpenses": 32000000,
    "sellingGeneralAndAdministrativeExpenses": 38144000,
    "otherExpenses": 460780000,
    "operatingExpenses": 498924000,
    "costAndExpenses": 498924000,
    "interestIncome": 0,
    "interestExpense": 0,
    "depreciationAndAmortization": 171539000,
    "ebitda": 529671000,
    "ebitdaratio": 0.634602528,
    "operatingIncome": 335726000,
    "operatingIncomeRatio": 0.4022356676,
    "totalOtherIncomeExpensesNet": -243519000,
    "incomeBeforeTax": 92207000,
    "incomeBeforeTaxRatio": 0.1104738513,
    "incomeTaxExpense": -22608000,
    "netIncome": 126286000,
    "netIncomeRatio": 0.1513041395,
    "eps": 0.58,
    "epsdiluted": 0.58,
    "weightedAverageShsOut": 212765715,
    "weightedAverageShsOutDil": 219488462,
    "link": "https://www.sec.gov/Archives/edgar/data/1063761/000104746905006797/0001047469-05-006797-index.htm",
    "finalLink": "https://www.sec.gov/Archives/edgar/data/1063761/000104746905006797/a2153313z10-k.htm"
  },
  {
    "date": "2004-09-30",
    "symbol": "SPG",
    "reportedCurrency": "USD",
    "cik": "0001063761",
    "fillingDate": "2004-11-08",
    "acceptedDate": "2004-11-08 17:03:47",
    "calendarYear": "2004",
    "period": "Q3",
    "revenue": 613326000,
    "costOfRevenue": 0,
    "grossProfit": 613326000,
    "grossProfitRatio": 1,
    "researchAndDevelopmentExpenses": 0,
    "generalAndAdministrativeExpenses": 3615000,
    "sellingAndMarketingExpenses": 11683000,
    "sellingGeneralAndAdministrativeExpenses": 15298000,
    "otherExpenses": 352398000,
    "operatingExpenses": 367696000,
    "costAndExpenses": 367696000,
    "interestIncome": 0,
    "interestExpense": 0,
    "depreciationAndAmortization": 149301000,
    "ebitda": 394931000,
    "ebitdaratio": 0.6439169381,
    "operatingIncome": 245630000,
    "operatingIncomeRatio": 0.4004884841,
    "totalOtherIncomeExpensesNet": -137695000,
    "incomeBeforeTax": 107935000,
    "incomeBeforeTaxRatio": 0.1759830824,
    "incomeTaxExpense": 2196000,
    "netIncome": 81975000,
    "netIncomeRatio": 0.1336564894,
    "eps": 0.36,
    "epsdiluted": 0.36,
    "weightedAverageShsOut": 205947222,
    "weightedAverageShsOutDil": 205947222,
    "link": "https://www.sec.gov/Archives/edgar/data/1063761/000104746904033451/0001047469-04-033451-index.htm",
    "finalLink": "https://www.sec.gov/Archives/edgar/data/1063761/000104746904033451/a2145748z10-q.htm"
  },
  {
    "date": "2004-06-30",
    "symbol": "SPG",
    "reportedCurrency": "USD",
    "cik": "0001063761",
    "fillingDate": "2004-08-03",
    "acceptedDate": "2004-08-03 17:19:43",
    "calendarYear": "2004",
    "period": "Q2",
    "revenue": 591563000,
    "costOfRevenue": 0,
    "grossProfit": 591563000,
    "grossProfitRatio": 1,
    "researchAndDevelopmentExpenses": 0,
    "generalAndAdministrativeExpenses": 3460000,
    "sellingAndMarketingExpenses": 12720000,
    "sellingGeneralAndAdministrativeExpenses": 16180000,
    "otherExpenses": 338407000,
    "operatingExpenses": 354587000,
    "costAndExpenses": 354587000,
    "interestIncome": 0,
    "interestExpense": 0,
    "depreciationAndAmortization": 149059000,
    "ebitda": 386035000,
    "ebitdaratio": 0.6525678584,
    "operatingIncome": 236976000,
    "operatingIncomeRatio": 0.4005930053,
    "totalOtherIncomeExpensesNet": -128583000,
    "incomeBeforeTax": 108393000,
    "incomeBeforeTaxRatio": 0.1832315409,
    "incomeTaxExpense": 6632000,
    "netIncome": 78545000,
    "netIncomeRatio": 0.1327753764,
    "eps": 0.34,
    "epsdiluted": 0.34,
    "weightedAverageShsOut": 207973529,
    "weightedAverageShsOutDil": 207973529,
    "link": "https://www.sec.gov/Archives/edgar/data/1063761/000104746904025191/0001047469-04-025191-index.htm",
    "finalLink": "https://www.sec.gov/Archives/edgar/data/1063761/000104746904025191/a2140954z10-q.htm"
  },
  {
    "date": "2004-03-31",
    "symbol": "SPG",
    "reportedCurrency": "USD",
    "cik": "0001063761",
    "fillingDate": "2004-05-10",
    "acceptedDate": "2004-05-10 16:56:48",
    "calendarYear": "2004",
    "period": "Q1",
    "revenue": 582128000,
    "costOfRevenue": 0,
    "grossProfit": 582128000,
    "grossProfitRatio": 1,
    "researchAndDevelopmentExpenses": 0,
    "generalAndAdministrativeExpenses": 3561000,
    "sellingAndMarketingExpenses": 12610000,
    "sellingGeneralAndAdministrativeExpenses": 16171000,
    "otherExpenses": 337102000,
    "operatingExpenses": 353273000,
    "costAndExpenses": 353273000,
    "interestIncome": 0,
    "interestExpense": 0,
    "depreciationAndAmortization": 141191000,
    "ebitda": 370046000,
    "ebitdaratio": 0.6356780639,
    "operatingIncome": 228855000,
    "operatingIncomeRatio": 0.3931351868,
    "totalOtherIncomeExpensesNet": -150675000,
    "incomeBeforeTax": 78180000,
    "incomeBeforeTaxRatio": 0.1343003601,
    "incomeTaxExpense": 2010000,
    "netIncome": 56187000,
    "netIncomeRatio": 0.0965200093,
    "eps": 0.24,
    "epsdiluted": 0.24,
    "weightedAverageShsOut": 201462500,
    "weightedAverageShsOutDil": 201462500,
    "link": "https://www.sec.gov/Archives/edgar/data/1063761/000104746904016678/0001047469-04-016678-index.htm",
    "finalLink": "https://www.sec.gov/Archives/edgar/data/1063761/000104746904016678/a2135849z10-q.htm"
  },
  {
    "date": "2003-12-31",
    "symbol": "SPG",
    "reportedCurrency": "USD",
    "cik": "0001063761",
    "fillingDate": "2004-03-15",
    "acceptedDate": "2004-03-15 17:17:07",
    "calendarYear": "2003",
    "period": "Q4",
    "revenue": 644221000,
    "costOfRevenue": 0,
    "grossProfit": 644221000,
    "grossProfitRatio": 1,
    "researchAndDevelopmentExpenses": 0,
    "generalAndAdministrativeExpenses": 3975000,
    "sellingAndMarketingExpenses": 23494000,
    "sellingGeneralAndAdministrativeExpenses": 27469000,
    "otherExpenses": 313391000,
    "operatingExpenses": 340860000,
    "costAndExpenses": 340860000,
    "interestIncome": 0,
    "interestExpense": 0,
    "depreciationAndAmortization": 130367000,
    "ebitda": 444309000,
    "ebitdaratio": 0.6896841301,
    "operatingIncome": 303361000,
    "operatingIncomeRatio": 0.4708958572,
    "totalOtherIncomeExpensesNet": -213078000,
    "incomeBeforeTax": 90283000,
    "incomeBeforeTaxRatio": 0.1401429013,
    "incomeTaxExpense": -14047000,
    "netIncome": 173514000,
    "netIncomeRatio": 0.2693392485,
    "eps": 0.52,
    "epsdiluted": 0.52,
    "weightedAverageShsOut": 197580338,
    "weightedAverageShsOutDil": 201462500,
    "link": "https://www.sec.gov/Archives/edgar/data/1063761/000104746904008046/0001047469-04-008046-index.htm",
    "finalLink": "https://www.sec.gov/Archives/edgar/data/1063761/000104746904008046/a2129556z10-k.htm"
  },
  {
    "date": "2003-09-30",
    "symbol": "SPG",
    "reportedCurrency": "USD",
    "cik": "0001063761",
    "fillingDate": "2003-11-13",
    "acceptedDate": "2003-11-13 17:01:01",
    "calendarYear": "2003",
    "period": "Q3",
    "revenue": 559554000,
    "costOfRevenue": 0,
    "grossProfit": 559554000,
    "grossProfitRatio": 1,
    "researchAndDevelopmentExpenses": 0,
    "generalAndAdministrativeExpenses": 4030000,
    "sellingAndMarketingExpenses": 14193000,
    "sellingGeneralAndAdministrativeExpenses": 18223000,
    "otherExpenses": 321625000,
    "operatingExpenses": 339848000,
    "costAndExpenses": 339848000,
    "interestIncome": 0,
    "interestExpense": 0,
    "depreciationAndAmortization": 136483000,
    "ebitda": 356189000,
    "ebitdaratio": 0.6365587593,
    "operatingIncome": 219706000,
    "operatingIncomeRatio": 0.3926448564,
    "totalOtherIncomeExpensesNet": -129195000,
    "incomeBeforeTax": 90511000,
    "incomeBeforeTaxRatio": 0.1617556125,
    "incomeTaxExpense": 2422000,
    "netIncome": 58404000,
    "netIncomeRatio": 0.1043759852,
    "eps": 0.23,
    "epsdiluted": 0.22,
    "weightedAverageShsOut": 185743478,
    "weightedAverageShsOutDil": 194186364,
    "link": "https://www.sec.gov/Archives/edgar/data/1063761/000104746903037264/0001047469-03-037264-index.htm",
    "finalLink": "https://www.sec.gov/Archives/edgar/data/1063761/000104746903037264/a2121858z10-q.htm"
  },
  {
    "date": "2003-06-30",
    "symbol": "SPG",
    "reportedCurrency": "USD",
    "cik": "0001063761",
    "fillingDate": "2003-08-06",
    "acceptedDate": "2003-08-05 20:29:00",
    "calendarYear": "2003",
    "period": "Q2",
    "revenue": 556227000,
    "costOfRevenue": 0,
    "grossProfit": 556227000,
    "grossProfitRatio": 1,
    "researchAndDevelopmentExpenses": 0,
    "generalAndAdministrativeExpenses": 4030000,
    "sellingAndMarketingExpenses": 12245000,
    "sellingGeneralAndAdministrativeExpenses": 16275000,
    "otherExpenses": 312302000,
    "operatingExpenses": 328577000,
    "costAndExpenses": 328577000,
    "interestIncome": 0,
    "interestExpense": 0,
    "depreciationAndAmortization": 124863000,
    "ebitda": 352513000,
    "ebitdaratio": 0.6337574408,
    "operatingIncome": 227650000,
    "operatingIncomeRatio": 0.4092753498,
    "totalOtherIncomeExpensesNet": -126253000,
    "incomeBeforeTax": 101397000,
    "incomeBeforeTaxRatio": 0.1822942791,
    "incomeTaxExpense": 2064000,
    "netIncome": 65975000,
    "netIncomeRatio": 0.118611646,
    "eps": 0.27,
    "epsdiluted": 0.26,
    "weightedAverageShsOut": 186266667,
    "weightedAverageShsOutDil": 193430769,
    "link": "https://www.sec.gov/Archives/edgar/data/1063761/000104746903026369/0001047469-03-026369-index.htm",
    "finalLink": "https://www.sec.gov/Archives/edgar/data/1063761/000104746903026369/a2115729z10-q.htm"
  },
  {
    "date": "2003-03-31",
    "symbol": "SPG",
    "reportedCurrency": "USD",
    "cik": "0001063761",
    "fillingDate": "2003-05-09",
    "acceptedDate": "2003-05-09 16:46:14",
    "calendarYear": "2003",
    "period": "Q1",
    "revenue": 534863000,
    "costOfRevenue": 0,
    "grossProfit": 534863000,
    "grossProfitRatio": 1,
    "researchAndDevelopmentExpenses": 0,
    "generalAndAdministrativeExpenses": 3044000,
    "sellingAndMarketingExpenses": 11458000,
    "sellingGeneralAndAdministrativeExpenses": 14502000,
    "otherExpenses": 301790000,
    "operatingExpenses": 316292000,
    "costAndExpenses": 316292000,
    "interestIncome": 0,
    "interestExpense": 0,
    "depreciationAndAmortization": 126847000,
    "ebitda": 345418000,
    "ebitdaratio": 0.6458064962,
    "operatingIncome": 218571000,
    "operatingIncomeRatio": 0.4086485698,
    "totalOtherIncomeExpensesNet": -131627000,
    "incomeBeforeTax": 86944000,
    "incomeBeforeTaxRatio": 0.1625537755,
    "incomeTaxExpense": 1963000,
    "netIncome": 70822000,
    "netIncomeRatio": 0.1324114773,
    "eps": 0.29,
    "epsdiluted": 0.29,
    "weightedAverageShsOut": 190137931,
    "weightedAverageShsOutDil": 190137931,
    "link": "https://www.sec.gov/Archives/edgar/data/1063761/000104746903017759/0001047469-03-017759-index.htm",
    "finalLink": "https://www.sec.gov/Archives/edgar/data/1063761/000104746903017759/a2110386z10-q.htm"
  },
  {
    "date": "2002-12-31",
    "symbol": "SPG",
    "reportedCurrency": "USD",
    "cik": "0001063761",
    "fillingDate": "2003-03-07",
    "acceptedDate": "2003-03-07 10:59:11",
    "calendarYear": "2002",
    "period": "Q4",
    "revenue": 624182000,
    "costOfRevenue": 0,
    "grossProfit": 624182000,
    "grossProfitRatio": 1,
    "researchAndDevelopmentExpenses": 0,
    "generalAndAdministrativeExpenses": 0,
    "sellingAndMarketingExpenses": 23205000,
    "sellingGeneralAndAdministrativeExpenses": 23205000,
    "otherExpenses": 315167000,
    "operatingExpenses": 338372000,
    "costAndExpenses": 338372000,
    "interestIncome": 0,
    "interestExpense": 0,
    "depreciationAndAmortization": 127053000,
    "ebitda": 413085000,
    "ebitdaratio": 0.6618021667,
    "operatingIncome": 285810000,
    "operatingIncomeRatio": 0.4578952934,
    "totalOtherIncomeExpensesNet": -285810000,
    "incomeBeforeTax": 0,
    "incomeBeforeTaxRatio": 0,
    "incomeTaxExpense": 0,
    "netIncome": 113582000,
    "netIncomeRatio": 0.1819693615,
    "eps": 1.19,
    "epsdiluted": 1.19,
    "weightedAverageShsOut": 186336879,
    "weightedAverageShsOutDil": 190137931,
    "link": "https://www.sec.gov/Archives/edgar/data/1063761/000104746903008017/0001047469-03-008017-index.htm",
    "finalLink": "https://www.sec.gov/Archives/edgar/data/1063761/000104746903008017/a2104362z10-k.htm"
  },
  {
    "date": "2002-09-30",
    "symbol": "SPG",
    "reportedCurrency": "USD",
    "cik": "0001063761",
    "fillingDate": "2002-11-08",
    "acceptedDate": "2002-11-08 15:33:35",
    "calendarYear": "2002",
    "period": "Q3",
    "revenue": 564081000,
    "costOfRevenue": 0,
    "grossProfit": 564081000,
    "grossProfitRatio": 1,
    "researchAndDevelopmentExpenses": 0,
    "generalAndAdministrativeExpenses": 0,
    "sellingAndMarketingExpenses": 14219000,
    "sellingGeneralAndAdministrativeExpenses": 14219000,
    "otherExpenses": 319997000,
    "operatingExpenses": 334216000,
    "costAndExpenses": 334216000,
    "interestIncome": 0,
    "interestExpense": 0,
    "depreciationAndAmortization": 129363000,
    "ebitda": 994967000,
    "ebitdaratio": 1.7638725644,
    "operatingIncome": 229865000,
    "operatingIncomeRatio": 0.4075035323,
    "totalOtherIncomeExpensesNet": -229865000,
    "incomeBeforeTax": 0,
    "incomeBeforeTaxRatio": 0,
    "incomeTaxExpense": 0,
    "netIncome": 96935000,
    "netIncomeRatio": 0.1718458874,
    "eps": 0.32,
    "epsdiluted": 0.32,
    "weightedAverageShsOut": 185532000,
    "weightedAverageShsOutDil": 186262000,
    "link": "https://www.sec.gov/Archives/edgar/data/1063761/000091205702041550/0000912057-02-041550-index.htm",
    "finalLink": "https://www.sec.gov/Archives/edgar/data/1063761/000091205702041550/a2092690z10-q.htm"
  },
  {
    "date": "2002-06-30",
    "symbol": "SPG",
    "reportedCurrency": "USD",
    "cik": "0001063761",
    "fillingDate": "2002-08-14",
    "acceptedDate": "2002-08-14 09:33:32",
    "calendarYear": "2002",
    "period": "Q2",
    "revenue": 516534000,
    "costOfRevenue": 0,
    "grossProfit": 516534000,
    "grossProfitRatio": 1,
    "researchAndDevelopmentExpenses": 0,
    "generalAndAdministrativeExpenses": 0,
    "sellingAndMarketingExpenses": 11861000,
    "sellingGeneralAndAdministrativeExpenses": 11861000,
    "otherExpenses": 283245000,
    "operatingExpenses": 295106000,
    "costAndExpenses": 295106000,
    "interestIncome": 0,
    "interestExpense": 0,
    "depreciationAndAmortization": 120959000,
    "ebitda": 342387000,
    "ebitdaratio": 0.6628547201,
    "operatingIncome": 221428000,
    "operatingIncomeRatio": 0.4286803966,
    "totalOtherIncomeExpensesNet": -221428000,
    "incomeBeforeTax": 0,
    "incomeBeforeTaxRatio": 0,
    "incomeTaxExpense": 0,
    "netIncome": 188478000,
    "netIncomeRatio": 0.3648898233,
    "eps": 0.99,
    "epsdiluted": 0.96,
    "weightedAverageShsOut": 174435000,
    "weightedAverageShsOutDil": 189457000,
    "link": "https://www.sec.gov/Archives/edgar/data/1063761/000091205702031776/0000912057-02-031776-index.htm",
    "finalLink": "https://www.sec.gov/Archives/edgar/data/1063761/000091205702031776/a2086190z10-q.htm"
  },
  {
    "date": "2002-03-31",
    "symbol": "SPG",
    "reportedCurrency": "USD",
    "cik": "0001063761",
    "fillingDate": "2002-05-15",
    "acceptedDate": "2002-05-15 15:23:55",
    "calendarYear": "2002",
    "period": "Q1",
    "revenue": 494332000,
    "costOfRevenue": 0,
    "grossProfit": 494332000,
    "grossProfitRatio": 1,
    "researchAndDevelopmentExpenses": 0,
    "generalAndAdministrativeExpenses": 0,
    "sellingAndMarketingExpenses": 11778000,
    "sellingGeneralAndAdministrativeExpenses": 11778000,
    "otherExpenses": 280919000,
    "operatingExpenses": 292697000,
    "costAndExpenses": 292697000,
    "interestIncome": 0,
    "interestExpense": 0,
    "depreciationAndAmortization": 113999000,
    "ebitda": 315634000,
    "ebitdaratio": 0.6385061052,
    "operatingIncome": 201635000,
    "operatingIncomeRatio": 0.4078938851,
    "totalOtherIncomeExpensesNet": -201635000,
    "incomeBeforeTax": 0,
    "incomeBeforeTaxRatio": 0,
    "incomeTaxExpense": 0,
    "netIncome": 46641000,
    "netIncomeRatio": 0.0943515694,
    "eps": 0.17,
    "epsdiluted": 0.17,
    "weightedAverageShsOut": 173946000,
    "weightedAverageShsOutDil": 174529000,
    "link": "https://www.sec.gov/Archives/edgar/data/1063761/000091205702020730/0000912057-02-020730-index.htm",
    "finalLink": "https://www.sec.gov/Archives/edgar/data/1063761/000091205702020730/a2078999z10-q.htm"
  },
  {
    "date": "2001-12-31",
    "symbol": "SPG",
    "reportedCurrency": "USD",
    "cik": "0001063761",
    "fillingDate": "2002-03-29",
    "acceptedDate": "2002-03-29 00:00:00",
    "calendarYear": "2001",
    "period": "Q4",
    "revenue": 572140000,
    "costOfRevenue": 0,
    "grossProfit": 572140000,
    "grossProfitRatio": 1,
    "researchAndDevelopmentExpenses": 0,
    "generalAndAdministrativeExpenses": 0,
    "sellingAndMarketingExpenses": 24468000,
    "sellingGeneralAndAdministrativeExpenses": 24468000,
    "otherExpenses": 346627000,
    "operatingExpenses": 371095000,
    "costAndExpenses": 371095000,
    "interestIncome": 0,
    "interestExpense": 0,
    "depreciationAndAmortization": 134988000,
    "ebitda": 336033000,
    "ebitdaratio": 0.5873265285,
    "operatingIncome": 201045000,
    "operatingIncomeRatio": 0.3513912679,
    "totalOtherIncomeExpensesNet": -201045000,
    "incomeBeforeTax": 0,
    "incomeBeforeTaxRatio": 0,
    "incomeTaxExpense": 0,
    "netIncome": 60803000,
    "netIncomeRatio": 0.1062729402,
    "eps": 0.7,
    "epsdiluted": 0.7,
    "weightedAverageShsOut": 170151698,
    "weightedAverageShsOutDil": 173946000,
    "link": "https://www.sec.gov/Archives/edgar/data/1063761/000091205702012722/0000912057-02-012722-index.htm",
    "finalLink": "https://www.sec.gov/Archives/edgar/data/1063761/000091205702012722/a2073964z10-k405.htm"
  },
  {
    "date": "2001-09-30",
    "symbol": "SPG",
    "reportedCurrency": "USD",
    "cik": "0001063761",
    "fillingDate": "2001-11-14",
    "acceptedDate": "2001-11-14 00:00:00",
    "calendarYear": "2001",
    "period": "Q3",
    "revenue": 499240000,
    "costOfRevenue": 0,
    "grossProfit": 499240000,
    "grossProfitRatio": 1,
    "researchAndDevelopmentExpenses": 0,
    "generalAndAdministrativeExpenses": 0,
    "sellingAndMarketingExpenses": 14049000,
    "sellingGeneralAndAdministrativeExpenses": 14049000,
    "otherExpenses": 270565000,
    "operatingExpenses": 284614000,
    "costAndExpenses": 284614000,
    "interestIncome": 0,
    "interestExpense": 0,
    "depreciationAndAmortization": 111567000,
    "ebitda": 326193000,
    "ebitdaratio": 0.6533791363,
    "operatingIncome": 214626000,
    "operatingIncomeRatio": 0.4299054563,
    "totalOtherIncomeExpensesNet": -214626000,
    "incomeBeforeTax": 0,
    "incomeBeforeTaxRatio": 0,
    "incomeTaxExpense": 0,
    "netIncome": 52915000,
    "netIncomeRatio": 0.1059911065,
    "eps": 0.21,
    "epsdiluted": 0.21,
    "weightedAverageShsOut": 172746000,
    "weightedAverageShsOutDil": 173031000,
    "link": "https://www.sec.gov/Archives/edgar/data/1063761/000110465901503308/0001104659-01-503308-index.htm",
    "finalLink": "https://www.sec.gov/Archives/edgar/data/1063761/000110465901503308/j2019_10q.htm"
  },
  {
    "date": "2001-06-30",
    "symbol": "SPG",
    "reportedCurrency": "USD",
    "cik": "0001063761",
    "fillingDate": "2001-08-14",
    "acceptedDate": "2001-08-14 00:00:00",
    "calendarYear": "2001",
    "period": "Q2",
    "revenue": 487640000,
    "costOfRevenue": 0,
    "grossProfit": 487640000,
    "grossProfitRatio": 1,
    "researchAndDevelopmentExpenses": 0,
    "generalAndAdministrativeExpenses": 0,
    "sellingAndMarketingExpenses": 12618000,
    "sellingGeneralAndAdministrativeExpenses": 12618000,
    "otherExpenses": 265852000,
    "operatingExpenses": 278470000,
    "costAndExpenses": 278470000,
    "interestIncome": 0,
    "interestExpense": 0,
    "depreciationAndAmortization": 109189000,
    "ebitda": 318359000,
    "ebitdaratio": 0.6528566155,
    "operatingIncome": 209170000,
    "operatingIncomeRatio": 0.4289434829,
    "totalOtherIncomeExpensesNet": -209170000,
    "incomeBeforeTax": 0,
    "incomeBeforeTaxRatio": 0,
    "incomeTaxExpense": 0,
    "netIncome": 45964000,
    "netIncomeRatio": 0.0942580592,
    "eps": 0.21,
    "epsdiluted": 0.21,
    "weightedAverageShsOut": 172485000,
    "weightedAverageShsOutDil": 172805000,
    "link": "https://www.sec.gov/Archives/edgar/data/1063761/000110465901501840/0001104659-01-501840-index.htm",
    "finalLink": "https://www.sec.gov/Archives/edgar/data/1063761/000110465901501840/j1190_10q.htm"
  },
  {
    "date": "2001-03-31",
    "symbol": "SPG",
    "reportedCurrency": "USD",
    "cik": "0001063761",
    "fillingDate": "2001-05-15",
    "acceptedDate": "2001-05-15 00:00:00",
    "calendarYear": "2001",
    "period": "Q1",
    "revenue": 505118000,
    "costOfRevenue": 0,
    "grossProfit": 505118000,
    "grossProfitRatio": 1,
    "researchAndDevelopmentExpenses": 0,
    "generalAndAdministrativeExpenses": 0,
    "sellingAndMarketingExpenses": 13806000,
    "sellingGeneralAndAdministrativeExpenses": 13806000,
    "otherExpenses": 282735000,
    "operatingExpenses": 296541000,
    "costAndExpenses": 296541000,
    "interestIncome": 0,
    "interestExpense": 0,
    "depreciationAndAmortization": 109148000,
    "ebitda": 881763000,
    "ebitdaratio": 1.7456574503,
    "operatingIncome": 208577000,
    "operatingIncomeRatio": 0.4129272764,
    "totalOtherIncomeExpensesNet": -208577000,
    "incomeBeforeTax": 0,
    "incomeBeforeTaxRatio": 0,
    "incomeTaxExpense": 0,
    "netIncome": 62112000,
    "netIncomeRatio": 0.1229653269,
    "eps": 0.2,
    "epsdiluted": 0.19,
    "weightedAverageShsOut": 171332320,
    "weightedAverageShsOutDil": 171332320,
    "link": "https://www.sec.gov/Archives/edgar/data/1063761/000110465901500841/0001104659-01-500841-index.htm",
    "finalLink": "https://www.sec.gov/Archives/edgar/data/1063761/000110465901500841/j0735_10q.htm"
  },
  {
    "date": "2000-12-31",
    "symbol": "SPG",
    "reportedCurrency": "USD",
    "cik": "0001063761",
    "fillingDate": "2001-03-29",
    "acceptedDate": "2001-03-29 00:00:00",
    "calendarYear": "2000",
    "period": "Q4",
    "revenue": 2013428000,
    "costOfRevenue": 0,
    "grossProfit": 2013428000,
    "grossProfitRatio": 1,
    "researchAndDevelopmentExpenses": 0,
    "generalAndAdministrativeExpenses": 0,
    "sellingAndMarketingExpenses": 0,
    "sellingGeneralAndAdministrativeExpenses": 58819000,
    "otherExpenses": 1049288000,
    "operatingExpenses": 1108107000,
    "costAndExpenses": 1108107000,
    "interestIncome": 0,
    "interestExpense": 0,
    "depreciationAndAmortization": 430398000,
    "ebitda": 1335719000,
    "ebitdaratio": 0.6634053962,
    "operatingIncome": 905321000,
    "operatingIncomeRatio": 0.4496416063,
    "totalOtherIncomeExpensesNet": -905321000,
    "incomeBeforeTax": 0,
    "incomeBeforeTaxRatio": 0,
    "incomeTaxExpense": 0,
    "netIncome": 226132000,
    "netIncomeRatio": 0.1123119377,
    "eps": 2.63,
    "epsdiluted": 2.63,
    "weightedAverageShsOut": 170274303,
    "weightedAverageShsOutDil": 172001000,
    "link": "https://www.sec.gov/Archives/edgar/data/1063761/000091205701008704/0000912057-01-008704-index.htm",
    "finalLink": "https://www.sec.gov/Archives/edgar/data/1063761/000091205701008704/a2042763z10-k405.htm"
  },
  {
    "date": "2000-09-30",
    "symbol": "SPG",
    "reportedCurrency": "USD",
    "cik": "0001063761",
    "fillingDate": "2000-11-14",
    "acceptedDate": "2000-11-14 00:00:00",
    "calendarYear": "2000",
    "period": "Q3",
    "revenue": 2852000,
    "costOfRevenue": 0,
    "grossProfit": 2852000,
    "grossProfitRatio": 1,
    "researchAndDevelopmentExpenses": 0,
    "generalAndAdministrativeExpenses": 0,
    "sellingAndMarketingExpenses": 0,
    "sellingGeneralAndAdministrativeExpenses": 2581000,
    "otherExpenses": 1911000,
    "operatingExpenses": 4492000,
    "costAndExpenses": 4492000,
    "interestIncome": 0,
    "interestExpense": 0,
    "depreciationAndAmortization": 25000,
    "ebitda": -1615000,
    "ebitdaratio": -0.5662692847,
    "operatingIncome": -1640000,
    "operatingIncomeRatio": -0.5750350631,
    "totalOtherIncomeExpensesNet": 1034000,
    "incomeBeforeTax": -606000,
    "incomeBeforeTaxRatio": -0.2124824684,
    "incomeTaxExpense": 0,
    "netIncome": -606000,
    "netIncomeRatio": -0.2124824684,
    "eps": -0.35,
    "epsdiluted": -0.35,
    "weightedAverageShsOut": 172759374,
    "weightedAverageShsOutDil": 172862078,
    "link": "https://www.sec.gov/Archives/edgar/data/1063761/000095013100006371/0000950131-00-006371-index.htm",
    "finalLink": "https://www.sec.gov/Archives/edgar/data/1063761/000095013100006371/0000950131-00-006371-0001.txt"
  },
  {
    "date": "2000-06-30",
    "symbol": "SPG",
    "reportedCurrency": "USD",
    "cik": "0001063761",
    "fillingDate": "2000-08-11",
    "acceptedDate": "2000-08-11 00:00:00",
    "calendarYear": "2000",
    "period": "Q2",
    "revenue": 2591000,
    "costOfRevenue": 0,
    "grossProfit": 2591000,
    "grossProfitRatio": 1,
    "researchAndDevelopmentExpenses": 0,
    "generalAndAdministrativeExpenses": 0,
    "sellingAndMarketingExpenses": 0,
    "sellingGeneralAndAdministrativeExpenses": 2075000,
    "otherExpenses": 2303000,
    "operatingExpenses": 4378000,
    "costAndExpenses": 4378000,
    "interestIncome": 0,
    "interestExpense": 0,
    "depreciationAndAmortization": -101795000,
    "ebitda": -1761000,
    "ebitdaratio": -0.6796603628,
    "operatingIncome": -1787000,
    "operatingIncomeRatio": -0.6896950984,
    "totalOtherIncomeExpensesNet": 286000,
    "incomeBeforeTax": -1501000,
    "incomeBeforeTaxRatio": -0.5793130066,
    "incomeTaxExpense": 0,
    "netIncome": -1501000,
    "netIncomeRatio": -0.5793130066,
    "eps": -0.86,
    "epsdiluted": -0.0088,
    "weightedAverageShsOut": 173672074,
    "weightedAverageShsOutDil": 173815090,
    "link": "https://www.sec.gov/Archives/edgar/data/1063761/000095013100004841/0000950131-00-004841-index.htm",
    "finalLink": "https://www.sec.gov/Archives/edgar/data/1063761/000095013100004841/0000950131-00-004841-0001.txt"
  },
  {
    "date": "2000-03-31",
    "symbol": "SPG",
    "reportedCurrency": "USD",
    "cik": "0001063761",
    "fillingDate": "2000-05-15",
    "acceptedDate": "2000-05-15 00:00:00",
    "calendarYear": "2000",
    "period": "Q1",
    "revenue": 502936000,
    "costOfRevenue": 0,
    "grossProfit": 502936000,
    "grossProfitRatio": 1,
    "researchAndDevelopmentExpenses": 0,
    "generalAndAdministrativeExpenses": 0,
    "sellingAndMarketingExpenses": 16010000,
    "sellingGeneralAndAdministrativeExpenses": 16010000,
    "otherExpenses": 278201000,
    "operatingExpenses": 294211000,
    "costAndExpenses": 294211000,
    "interestIncome": 0,
    "interestExpense": 0,
    "depreciationAndAmortization": 101844000,
    "ebitda": 859477000,
    "ebitdaratio": 1.7089192263,
    "operatingIncome": 208725000,
    "operatingIncomeRatio": 0.4150130434,
    "totalOtherIncomeExpensesNet": -158684000,
    "incomeBeforeTax": 50041000,
    "incomeBeforeTaxRatio": 0.0994977492,
    "incomeTaxExpense": 0,
    "netIncome": 58354000,
    "netIncomeRatio": 0.1160266913,
    "eps": 0.16,
    "epsdiluted": 0.16,
    "weightedAverageShsOut": 182763000,
    "weightedAverageShsOutDil": 182763000,
    "link": "https://www.sec.gov/Archives/edgar/data/1063761/000095013100003467/0000950131-00-003467-index.htm",
    "finalLink": "https://www.sec.gov/Archives/edgar/data/1063761/000095013100003467/0000950131-00-003467.txt"
  },
  {
    "date": "1999-12-31",
    "symbol": "SPG",
    "reportedCurrency": "USD",
    "cik": "0001063761",
    "fillingDate": "2000-03-29",
    "acceptedDate": "2000-03-29 00:00:00",
    "calendarYear": "1999",
    "period": "Q4",
    "revenue": 476303000,
    "costOfRevenue": 0,
    "grossProfit": 476303000,
    "grossProfitRatio": 1,
    "researchAndDevelopmentExpenses": 0,
    "generalAndAdministrativeExpenses": 0,
    "sellingAndMarketingExpenses": 20443000,
    "sellingGeneralAndAdministrativeExpenses": 20443000,
    "otherExpenses": 1725515000,
    "operatingExpenses": 1745958000,
    "costAndExpenses": 1745958000,
    "interestIncome": 0,
    "interestExpense": 0,
    "depreciationAndAmortization": 112604000,
    "ebitda": -1157051000,
    "ebitdaratio": -2.4292330722,
    "operatingIncome": -1269655000,
    "operatingIncomeRatio": -2.6656456079,
    "totalOtherIncomeExpensesNet": 1325807000,
    "incomeBeforeTax": 56152000,
    "incomeBeforeTaxRatio": 0.1178913423,
    "incomeTaxExpense": 26000,
    "netIncome": -3315000,
    "netIncomeRatio": -0.0069598554,
    "eps": -0.0195,
    "epsdiluted": -0.0195,
    "weightedAverageShsOut": 169952941,
    "weightedAverageShsOutDil": 169952941,
    "link": "https://www.sec.gov/Archives/edgar/data/1063761/000095013100002145/0000950131-00-002145-index.htm",
    "finalLink": "https://www.sec.gov/Archives/edgar/data/1063761/000095013100002145/"
  },
  {
    "date": "1999-09-30",
    "symbol": "SPG",
    "reportedCurrency": "USD",
    "cik": "0001063761",
    "fillingDate": "1999-11-15",
    "acceptedDate": "1999-11-15 00:00:00",
    "calendarYear": "1999",
    "period": "Q3",
    "revenue": 489700000,
    "costOfRevenue": 0,
    "grossProfit": 489700000,
    "grossProfitRatio": 1,
    "researchAndDevelopmentExpenses": 0,
    "generalAndAdministrativeExpenses": 0,
    "sellingAndMarketingExpenses": 15900000,
    "sellingGeneralAndAdministrativeExpenses": 15900000,
    "otherExpenses": -256400000,
    "operatingExpenses": -240500000,
    "costAndExpenses": -240500000,
    "interestIncome": 0,
    "interestExpense": 0,
    "depreciationAndAmortization": 96695000,
    "ebitda": 826895000,
    "ebitdaratio": 1.6885746375,
    "operatingIncome": 730200000,
    "operatingIncomeRatio": 1.4911170104,
    "totalOtherIncomeExpensesNet": -730200000,
    "incomeBeforeTax": 0,
    "incomeBeforeTaxRatio": 0,
    "incomeTaxExpense": 0,
    "netIncome": 74800000,
    "netIncomeRatio": 0.1527465795,
    "eps": 0.24,
    "epsdiluted": 0.24,
    "weightedAverageShsOut": 173479478,
    "weightedAverageShsOutDil": 173479478,
    "link": "https://www.sec.gov/Archives/edgar/data/1063761/000095013199006338/0000950131-99-006338-index.htm",
    "finalLink": "https://www.sec.gov/Archives/edgar/data/1063761/000095013199006338/0000950131-99-006338.txt"
  },
  {
    "date": "1999-06-30",
    "symbol": "SPG",
    "reportedCurrency": "USD",
    "cik": "0001063761",
    "fillingDate": "1999-08-13",
    "acceptedDate": "1999-08-13 00:00:00",
    "calendarYear": "1999",
    "period": "Q2",
    "revenue": 465887000,
    "costOfRevenue": 0,
    "grossProfit": 465887000,
    "grossProfitRatio": 1,
    "researchAndDevelopmentExpenses": 0,
    "generalAndAdministrativeExpenses": 0,
    "sellingAndMarketingExpenses": 14854000,
    "sellingGeneralAndAdministrativeExpenses": 14854000,
    "otherExpenses": -247189000,
    "operatingExpenses": -232335000,
    "costAndExpenses": -232335000,
    "interestIncome": 0,
    "interestExpense": 0,
    "depreciationAndAmortization": 92605000,
    "ebitda": 790827000,
    "ebitdaratio": 1.6974652652,
    "operatingIncome": 698222000,
    "operatingIncomeRatio": 1.4986938893,
    "totalOtherIncomeExpensesNet": -634322000,
    "incomeBeforeTax": 63900000,
    "incomeBeforeTaxRatio": 0.1371577228,
    "incomeTaxExpense": -3400000,
    "netIncome": 69479000,
    "netIncomeRatio": 0.1491327296,
    "eps": 0.23,
    "epsdiluted": 0.23,
    "weightedAverageShsOut": 173342399,
    "weightedAverageShsOutDil": 173609740,
    "link": "https://www.sec.gov/Archives/edgar/data/1063761/000095013199004880/0000950131-99-004880-index.htm",
    "finalLink": "https://www.sec.gov/Archives/edgar/data/1063761/000095013199004880/0000950131-99-004880.txt"
  },
  {
    "date": "1999-03-31",
    "symbol": "SPG",
    "reportedCurrency": "USD",
    "cik": "0001063761",
    "fillingDate": "1999-05-17",
    "acceptedDate": "1999-05-17 00:00:00",
    "calendarYear": "1999",
    "period": "Q1",
    "revenue": 459500000,
    "costOfRevenue": 0,
    "grossProfit": 459500000,
    "grossProfitRatio": 1,
    "researchAndDevelopmentExpenses": 0,
    "generalAndAdministrativeExpenses": 0,
    "sellingAndMarketingExpenses": 14700000,
    "sellingGeneralAndAdministrativeExpenses": 14700000,
    "otherExpenses": -249200000,
    "operatingExpenses": -234500000,
    "costAndExpenses": -234500000,
    "interestIncome": 0,
    "interestExpense": 0,
    "depreciationAndAmortization": 92100000,
    "ebitda": 786100000,
    "ebitdaratio": 1.7107725789,
    "operatingIncome": 694000000,
    "operatingIncomeRatio": 1.5103373232,
    "totalOtherIncomeExpensesNet": -694000000,
    "incomeBeforeTax": 0,
    "incomeBeforeTaxRatio": 0,
    "incomeTaxExpense": 0,
    "netIncome": 65600000,
    "netIncomeRatio": 0.1427638738,
    "eps": 0.21,
    "epsdiluted": 0.21,
    "weightedAverageShsOut": 173184480,
    "weightedAverageShsOutDil": 173184480,
    "link": "https://www.sec.gov/Archives/edgar/data/1063761/000102234499000007/0001022344-99-000007-index.htm",
    "finalLink": "https://www.sec.gov/Archives/edgar/data/1063761/0001022344-99-000007.txt"
  },
  {
    "date": "1998-12-31",
    "symbol": "SPG",
    "reportedCurrency": "USD",
    "cik": "0001063761",
    "fillingDate": "1999-03-31",
    "acceptedDate": "1999-03-31 00:00:00",
    "calendarYear": "1998",
    "period": "Q4",
    "revenue": 463759000,
    "costOfRevenue": 0,
    "grossProfit": 463759000,
    "grossProfitRatio": 1,
    "researchAndDevelopmentExpenses": 0,
    "generalAndAdministrativeExpenses": 0,
    "sellingAndMarketingExpenses": 22754000,
    "sellingGeneralAndAdministrativeExpenses": 22754000,
    "otherExpenses": 1226493000,
    "operatingExpenses": 1249247000,
    "costAndExpenses": 1249247000,
    "interestIncome": 0,
    "interestExpense": 0,
    "depreciationAndAmortization": 93012000,
    "ebitda": -692476000,
    "ebitdaratio": -1.4931807253,
    "operatingIncome": -785488000,
    "operatingIncomeRatio": -1.6937417926,
    "totalOtherIncomeExpensesNet": 785488000,
    "incomeBeforeTax": 0,
    "incomeBeforeTaxRatio": 0,
    "incomeTaxExpense": 0,
    "netIncome": 18753000,
    "netIncomeRatio": 0.0404369511,
    "eps": 0.22,
    "epsdiluted": 0.22,
    "weightedAverageShsOut": 166778000,
    "weightedAverageShsOutDil": 173184480,
    "link": "https://www.sec.gov/Archives/edgar/data/1063761/000095013199002004/0000950131-99-002004-index.htm",
    "finalLink": "https://www.sec.gov/Archives/edgar/data/1063761/000095013199002004/"
  },
  {
    "date": "1998-09-30",
    "symbol": "SPG",
    "reportedCurrency": "USD",
    "cik": "0001063761",
    "fillingDate": "1998-11-16",
    "acceptedDate": "1998-11-16 00:00:00",
    "calendarYear": "1998",
    "period": "Q3",
    "revenue": 326100000,
    "costOfRevenue": 0,
    "grossProfit": 326100000,
    "grossProfitRatio": 1,
    "researchAndDevelopmentExpenses": 0,
    "generalAndAdministrativeExpenses": 0,
    "sellingAndMarketingExpenses": 11300000,
    "sellingGeneralAndAdministrativeExpenses": 11300000,
    "otherExpenses": -174700000,
    "operatingExpenses": -163400000,
    "costAndExpenses": -163400000,
    "interestIncome": 0,
    "interestExpense": 0,
    "depreciationAndAmortization": 64900000,
    "ebitda": 554400000,
    "ebitdaratio": 1.7000919963,
    "operatingIncome": 489500000,
    "operatingIncomeRatio": 1.5010732904,
    "totalOtherIncomeExpensesNet": -489500000,
    "incomeBeforeTax": 0,
    "incomeBeforeTaxRatio": 0,
    "incomeTaxExpense": 0,
    "netIncome": 52800000,
    "netIncomeRatio": 0.1619135235,
    "eps": 0.25,
    "epsdiluted": 0.25,
    "weightedAverageShsOut": 180800000,
    "weightedAverageShsOutDil": 180800000,
    "link": "https://www.sec.gov/Archives/edgar/data/1063761/000095012398010016/0000950123-98-010016-index.htm",
    "finalLink": "https://www.sec.gov/Archives/edgar/data/1063761/0000950123-98-010016.txt"
  },
  {
    "date": "1998-06-30",
    "symbol": "SPG",
    "reportedCurrency": "USD",
    "cik": "0001063761",
    "fillingDate": "1998-09-22",
    "acceptedDate": "1998-09-22 00:00:00",
    "calendarYear": "1998",
    "period": "Q2",
    "revenue": 310600000,
    "costOfRevenue": 0,
    "grossProfit": 310600000,
    "grossProfitRatio": 1,
    "researchAndDevelopmentExpenses": 0,
    "generalAndAdministrativeExpenses": 0,
    "sellingAndMarketingExpenses": 8600000,
    "sellingGeneralAndAdministrativeExpenses": 8600000,
    "otherExpenses": -172300000,
    "operatingExpenses": -163700000,
    "costAndExpenses": -163700000,
    "interestIncome": 0,
    "interestExpense": 0,
    "depreciationAndAmortization": 60500000,
    "ebitda": 534800000,
    "ebitdaratio": 1.7218287186,
    "operatingIncome": 474300000,
    "operatingIncomeRatio": 1.5270444301,
    "totalOtherIncomeExpensesNet": -474300000,
    "incomeBeforeTax": 0,
    "incomeBeforeTaxRatio": 0,
    "incomeTaxExpense": 0,
    "netIncome": 50500000,
    "netIncomeRatio": 0.1625885383,
    "eps": 0.25,
    "epsdiluted": 0.25,
    "weightedAverageShsOut": 109090909,
    "weightedAverageShsOutDil": 109090909,
    "link": "https://www.sec.gov/Archives/edgar/data/1063761/000095015798000332/0000950157-98-000332-index.htm",
    "finalLink": "https://www.sec.gov/Archives/edgar/data/1063761/0000950157-98-000332.txt"
  },
  {
    "date": "1998-03-31",
    "symbol": "SPG",
    "reportedCurrency": "USD",
    "cik": "0001063761",
    "fillingDate": "1998-03-31",
    "acceptedDate": "1998-03-31 00:00:00",
    "calendarYear": "1998",
    "period": "Q1",
    "revenue": 305100000,
    "costOfRevenue": 0,
    "grossProfit": 305100000,
    "grossProfitRatio": 1,
    "researchAndDevelopmentExpenses": 0,
    "generalAndAdministrativeExpenses": 0,
    "sellingAndMarketingExpenses": 8100000,
    "sellingGeneralAndAdministrativeExpenses": 8100000,
    "otherExpenses": -180400000,
    "operatingExpenses": -172300000,
    "costAndExpenses": -172300000,
    "interestIncome": 0,
    "interestExpense": 0,
    "depreciationAndAmortization": 60400000,
    "ebitda": 537800000,
    "ebitdaratio": 1.7627007539,
    "operatingIncome": 477400000,
    "operatingIncomeRatio": 1.5647328745,
    "totalOtherIncomeExpensesNet": -477400000,
    "incomeBeforeTax": 0,
    "incomeBeforeTaxRatio": 0,
    "incomeTaxExpense": 0,
    "netIncome": 31300000,
    "netIncomeRatio": 0.102589315,
    "eps": 0.22,
    "epsdiluted": 0.22,
    "weightedAverageShsOut": 109090909,
    "weightedAverageShsOutDil": 109090909,
    "link": null,
    "finalLink": null
  },
  {
    "date": "1997-12-31",
    "symbol": "SPG",
    "reportedCurrency": "USD",
    "cik": "0001063761",
    "fillingDate": "1997-12-31",
    "acceptedDate": "1997-12-31 00:00:00",
    "calendarYear": "1997",
    "period": "Q4",
    "revenue": 316500000,
    "costOfRevenue": 0,
    "grossProfit": 316500000,
    "grossProfitRatio": 1,
    "researchAndDevelopmentExpenses": 0,
    "generalAndAdministrativeExpenses": 0,
    "sellingAndMarketingExpenses": 12600000,
    "sellingGeneralAndAdministrativeExpenses": 12600000,
    "otherExpenses": -181000000,
    "operatingExpenses": -168400000,
    "costAndExpenses": -168400000,
    "interestIncome": 0,
    "interestExpense": 0,
    "depreciationAndAmortization": 75000000,
    "ebitda": 559900000,
    "ebitdaratio": 1.7690363349,
    "operatingIncome": 484900000,
    "operatingIncomeRatio": 1.5320695103,
    "totalOtherIncomeExpensesNet": -484900000,
    "incomeBeforeTax": 0,
    "incomeBeforeTaxRatio": 0,
    "incomeTaxExpense": 0,
    "netIncome": 47500000,
    "netIncomeRatio": 0.1500789889,
    "eps": 0.6,
    "epsdiluted": 0.6,
    "weightedAverageShsOut": 158823529,
    "weightedAverageShsOutDil": 158823529,
    "link": null,
    "finalLink": null
  },
  {
    "date": "1997-09-30",
    "symbol": "SPG",
    "reportedCurrency": "USD",
    "cik": "0001063761",
    "fillingDate": "1997-09-30",
    "acceptedDate": "1997-09-30 00:00:00",
    "calendarYear": "1997",
    "period": "Q3",
    "revenue": 266900000,
    "costOfRevenue": 0,
    "grossProfit": 266900000,
    "grossProfitRatio": 1,
    "researchAndDevelopmentExpenses": 0,
    "generalAndAdministrativeExpenses": 0,
    "sellingAndMarketingExpenses": 8400000,
    "sellingGeneralAndAdministrativeExpenses": 8400000,
    "otherExpenses": -134800000,
    "operatingExpenses": -126400000,
    "costAndExpenses": -126400000,
    "interestIncome": 0,
    "interestExpense": 0,
    "depreciationAndAmortization": 42500000,
    "ebitda": 393300000,
    "ebitdaratio": 1.4735856126,
    "operatingIncome": 393300000,
    "operatingIncomeRatio": 1.4735856126,
    "totalOtherIncomeExpensesNet": -393300000,
    "incomeBeforeTax": 0,
    "incomeBeforeTaxRatio": 0,
    "incomeTaxExpense": 0,
    "netIncome": 88900000,
    "netIncomeRatio": 0.3330835519,
    "eps": 0.5,
    "epsdiluted": 0.5,
    "weightedAverageShsOut": 158823529,
    "weightedAverageShsOutDil": 158823529,
    "link": null,
    "finalLink": null
  },
  {
    "date": "1997-06-30",
    "symbol": "SPG",
    "reportedCurrency": "USD",
    "cik": "0001063761",
    "fillingDate": "1997-06-30",
    "acceptedDate": "1997-06-30 00:00:00",
    "calendarYear": "1997",
    "period": "Q2",
    "revenue": 246900000,
    "costOfRevenue": 0,
    "grossProfit": 246900000,
    "grossProfitRatio": 1,
    "researchAndDevelopmentExpenses": 0,
    "generalAndAdministrativeExpenses": 0,
    "sellingAndMarketingExpenses": 6700000,
    "sellingGeneralAndAdministrativeExpenses": 6700000,
    "otherExpenses": -137400000,
    "operatingExpenses": -130700000,
    "costAndExpenses": -130700000,
    "interestIncome": 0,
    "interestExpense": 0,
    "depreciationAndAmortization": 45700000,
    "ebitda": 377600000,
    "ebitdaratio": 1.529364115,
    "operatingIncome": 377600000,
    "operatingIncomeRatio": 1.529364115,
    "totalOtherIncomeExpensesNet": -377600000,
    "incomeBeforeTax": 0,
    "incomeBeforeTaxRatio": 0,
    "incomeTaxExpense": 0,
    "netIncome": 46900000,
    "netIncomeRatio": 0.1899554475,
    "eps": 0.26,
    "epsdiluted": 0.26,
    "weightedAverageShsOut": 155769231,
    "weightedAverageShsOutDil": 155769231,
    "link": null,
    "finalLink": null
  },
  {
    "date": "1997-03-31",
    "symbol": "SPG",
    "reportedCurrency": "USD",
    "cik": "0001063761",
    "fillingDate": "1997-03-31",
    "acceptedDate": "1997-03-31 00:00:00",
    "calendarYear": "1997",
    "period": "Q1",
    "revenue": 243100000,
    "costOfRevenue": 0,
    "grossProfit": 243100000,
    "grossProfitRatio": 1,
    "researchAndDevelopmentExpenses": 0,
    "generalAndAdministrativeExpenses": 0,
    "sellingAndMarketingExpenses": 5200000,
    "sellingGeneralAndAdministrativeExpenses": 5200000,
    "otherExpenses": -130700000,
    "operatingExpenses": -125500000,
    "costAndExpenses": -125500000,
    "interestIncome": 0,
    "interestExpense": 0,
    "depreciationAndAmortization": 45300000,
    "ebitda": 413900000,
    "ebitdaratio": 1.7025915261,
    "operatingIncome": 368600000,
    "operatingIncomeRatio": 1.5162484574,
    "totalOtherIncomeExpensesNet": -368600000,
    "incomeBeforeTax": 0,
    "incomeBeforeTaxRatio": 0,
    "incomeTaxExpense": 0,
    "netIncome": 14600000,
    "netIncomeRatio": 0.0600575895,
    "eps": 0.08,
    "epsdiluted": 0.08,
    "weightedAverageShsOut": 102500000,
    "weightedAverageShsOutDil": 102500000,
    "link": null,
    "finalLink": null
  },
  {
    "date": "1996-12-31",
    "symbol": "SPG",
    "reportedCurrency": "USD",
    "cik": "0001063761",
    "fillingDate": "1996-12-31",
    "acceptedDate": "1996-12-31 00:00:00",
    "calendarYear": "1996",
    "period": "Q4",
    "revenue": 264100000,
    "costOfRevenue": 0,
    "grossProfit": 264100000,
    "grossProfitRatio": 1,
    "researchAndDevelopmentExpenses": 0,
    "generalAndAdministrativeExpenses": 0,
    "sellingAndMarketingExpenses": 10400000,
    "sellingGeneralAndAdministrativeExpenses": 10400000,
    "otherExpenses": -111400000,
    "operatingExpenses": -101000000,
    "costAndExpenses": -101000000,
    "interestIncome": 0,
    "interestExpense": 0,
    "depreciationAndAmortization": 48600000,
    "ebitda": 413700000,
    "ebitdaratio": 1.5664521015,
    "operatingIncome": 365100000,
    "operatingIncomeRatio": 1.3824308974,
    "totalOtherIncomeExpensesNet": -365100000,
    "incomeBeforeTax": 0,
    "incomeBeforeTaxRatio": 0,
    "incomeTaxExpense": 0,
    "netIncome": 78000000,
    "netIncomeRatio": 0.2953426732,
    "eps": 1.65,
    "epsdiluted": 1.65,
    "weightedAverageShsOut": 94444444,
    "weightedAverageShsOutDil": 94444444,
    "link": null,
    "finalLink": null
  },
  {
    "date": "1996-09-30",
    "symbol": "SPG",
    "reportedCurrency": "USD",
    "cik": "0001063761",
    "fillingDate": "1996-09-30",
    "acceptedDate": "1996-09-30 00:00:00",
    "calendarYear": "1996",
    "period": "Q3",
    "revenue": 206000000,
    "costOfRevenue": 0,
    "grossProfit": 206000000,
    "grossProfitRatio": 1,
    "researchAndDevelopmentExpenses": 0,
    "generalAndAdministrativeExpenses": 0,
    "sellingAndMarketingExpenses": 5500000,
    "sellingGeneralAndAdministrativeExpenses": 5500000,
    "otherExpenses": -119700000,
    "operatingExpenses": -114200000,
    "costAndExpenses": -114200000,
    "interestIncome": 0,
    "interestExpense": 0,
    "depreciationAndAmortization": 39700000,
    "ebitda": 359900000,
    "ebitdaratio": 1.7470873786,
    "operatingIncome": 320200000,
    "operatingIncomeRatio": 1.554368932,
    "totalOtherIncomeExpensesNet": -320200000,
    "incomeBeforeTax": 0,
    "incomeBeforeTaxRatio": 0,
    "incomeTaxExpense": 0,
    "netIncome": 26300000,
    "netIncomeRatio": 0.1276699029,
    "eps": 0.18,
    "epsdiluted": 0.16,
    "weightedAverageShsOut": 56956522,
    "weightedAverageShsOutDil": 56956522,
    "link": null,
    "finalLink": null
  },
  {
    "date": "1996-06-30",
    "symbol": "SPG",
    "reportedCurrency": "USD",
    "cik": "0001063761",
    "fillingDate": "1996-06-30",
    "acceptedDate": "1996-06-30 00:00:00",
    "calendarYear": "1996",
    "period": "Q2",
    "revenue": 146000000,
    "costOfRevenue": 0,
    "grossProfit": 146000000,
    "grossProfitRatio": 1,
    "researchAndDevelopmentExpenses": 0,
    "generalAndAdministrativeExpenses": 0,
    "sellingAndMarketingExpenses": 4700000,
    "sellingGeneralAndAdministrativeExpenses": 4700000,
    "otherExpenses": -80700000,
    "operatingExpenses": -76000000,
    "costAndExpenses": -76000000,
    "interestIncome": 0,
    "interestExpense": 0,
    "depreciationAndAmortization": 28600000,
    "ebitda": 250600000,
    "ebitdaratio": 1.7164383562,
    "operatingIncome": 222000000,
    "operatingIncomeRatio": 1.5205479452,
    "totalOtherIncomeExpensesNet": -222000000,
    "incomeBeforeTax": 0,
    "incomeBeforeTaxRatio": 0,
    "incomeTaxExpense": 0,
    "netIncome": 24000000,
    "netIncomeRatio": 0.1643835616,
    "eps": 0.23,
    "epsdiluted": 0.23,
    "weightedAverageShsOut": 65652174,
    "weightedAverageShsOutDil": 65652174,
    "link": null,
    "finalLink": null
  },
  {
    "date": "1996-03-31",
    "symbol": "SPG",
    "reportedCurrency": "USD",
    "cik": "0001063761",
    "fillingDate": "1996-03-31",
    "acceptedDate": "1996-03-31 00:00:00",
    "calendarYear": "1996",
    "period": "Q1",
    "revenue": 141200000,
    "costOfRevenue": 0,
    "grossProfit": 141200000,
    "grossProfitRatio": 1,
    "researchAndDevelopmentExpenses": 0,
    "generalAndAdministrativeExpenses": 0,
    "sellingAndMarketingExpenses": 4200000,
    "sellingGeneralAndAdministrativeExpenses": 4200000,
    "otherExpenses": -78400000,
    "operatingExpenses": -74200000,
    "costAndExpenses": -74200000,
    "interestIncome": 0,
    "interestExpense": 0,
    "depreciationAndAmortization": 26700000,
    "ebitda": 242100000,
    "ebitdaratio": 1.7145892351,
    "operatingIncome": 215400000,
    "operatingIncomeRatio": 1.5254957507,
    "totalOtherIncomeExpensesNet": -215400000,
    "incomeBeforeTax": 0,
    "incomeBeforeTaxRatio": 0,
    "incomeTaxExpense": 0,
    "netIncome": 15100000,
    "netIncomeRatio": 0.1069405099,
    "eps": 0.23,
    "epsdiluted": 0.23,
    "weightedAverageShsOut": 56956522,
    "weightedAverageShsOutDil": 56956522,
    "link": null,
    "finalLink": null
  },
  {
    "date": "1995-12-31",
    "symbol": "SPG",
    "reportedCurrency": "USD",
    "cik": "0001063761",
    "fillingDate": "1995-12-31",
    "acceptedDate": "1995-12-31 00:00:00",
    "calendarYear": "1995",
    "period": "Q4",
    "revenue": 156300000,
    "costOfRevenue": 0,
    "grossProfit": 156300000,
    "grossProfitRatio": 1,
    "researchAndDevelopmentExpenses": 0,
    "generalAndAdministrativeExpenses": 0,
    "sellingAndMarketingExpenses": 5400000,
    "sellingGeneralAndAdministrativeExpenses": 5400000,
    "otherExpenses": -85400000,
    "operatingExpenses": -80000000,
    "costAndExpenses": -80000000,
    "interestIncome": 0,
    "interestExpense": 0,
    "depreciationAndAmortization": 29500000,
    "ebitda": 265800000,
    "ebitdaratio": 1.7005758157,
    "operatingIncome": 236300000,
    "operatingIncomeRatio": 1.5118362124,
    "totalOtherIncomeExpensesNet": -236300000,
    "incomeBeforeTax": 0,
    "incomeBeforeTaxRatio": 0,
    "incomeTaxExpense": 0,
    "netIncome": 90000000,
    "netIncomeRatio": 0.575815739,
    "eps": 2.52,
    "epsdiluted": 2.52,
    "weightedAverageShsOut": 71428571,
    "weightedAverageShsOutDil": 71428571,
    "link": null,
    "finalLink": null
  },
  {
    "date": "1995-09-30",
    "symbol": "SPG",
    "reportedCurrency": "USD",
    "cik": "0001063761",
    "fillingDate": "1995-09-30",
    "acceptedDate": "1995-09-30 00:00:00",
    "calendarYear": "1995",
    "period": "Q3",
    "revenue": 138000000,
    "costOfRevenue": 0,
    "grossProfit": 138000000,
    "grossProfitRatio": 1,
    "researchAndDevelopmentExpenses": 0,
    "generalAndAdministrativeExpenses": 0,
    "sellingAndMarketingExpenses": 2800000,
    "sellingGeneralAndAdministrativeExpenses": 2800000,
    "otherExpenses": -73900000,
    "operatingExpenses": -71100000,
    "costAndExpenses": -71100000,
    "interestIncome": 0,
    "interestExpense": 0,
    "depreciationAndAmortization": 24300000,
    "ebitda": 233400000,
    "ebitdaratio": 1.6913043478,
    "operatingIncome": 209100000,
    "operatingIncomeRatio": 1.5152173913,
    "totalOtherIncomeExpensesNet": -209100000,
    "incomeBeforeTax": 0,
    "incomeBeforeTaxRatio": 0,
    "incomeTaxExpense": 0,
    "netIncome": 20000000,
    "netIncomeRatio": 0.1449275362,
    "eps": 0.28,
    "epsdiluted": 0.28,
    "weightedAverageShsOut": 71428571,
    "weightedAverageShsOutDil": 71428571,
    "link": null,
    "finalLink": null
  }
]