[
  {
    "date": "2024-12-31",
    "symbol": "SPG",
    "reportedCurrency": "USD",
    "cik": "0001063761",
    "fillingDate": "2025-02-21",
    "acceptedDate": "2025-02-21 11:03:27",
    "calendarYear": "2024",
    "period": "FY",
    "revenue": 5963798000,
    "costOfRevenue": 1043414000,
    "grossProfit": 4920384000,
    "grossProfitRatio": 0.8250420286,
    "researchAndDevelopmentExpenses": 0,
    "generalAndAdministrativeExpenses": 44743000,
    "sellingAndMarketingExpenses": 144551000,
    "sellingGeneralAndAdministrativeExpenses": 189294000,
    "otherExpenses": 1638294000,
    "operatingExpenses": 1827588000,
    "costAndExpenses": 2871002000,
    "interestIncome": 0,
    "interestExpense": 905797000,
    "depreciationAndAmortization": 1359861000,
    "ebitda": 5017941000,
    "ebitdaratio": 0.8414002285,
    "operatingIncome": 3092796000,
    "operatingIncomeRatio": 0.5185950295,
    "totalOtherIncomeExpensesNet": -340513000,
    "incomeBeforeTax": 2752283000,
    "incomeBeforeTaxRatio": 0.4614983606,
    "incomeTaxExpense": 23262000,
    "netIncome": 2370896000,
    "netIncomeRatio": 0.3975480055,
    "eps": 7.26,
    "epsdiluted": 7.26,
    "weightedAverageShsOut": 326097000,
    "weightedAverageShsOutDil": 326097000,
    "link": "https://www.sec.gov/Archives/edgar/data/1063761/000155837025001271/0001558370-25-001271-index.htm",
    "finalLink": "https://www.sec.gov/Archives/edgar/data/1022344/000155837025001271/spg-20241231x10k.htm"
  },
  {
    "date": "2023-12-31",
    "symbol": "SPG",
    "reportedCurrency": "USD",
    "cik": "0001063761",
    "fillingDate": "2024-02-22",
    "acceptedDate": "2024-02-22 16:11:39",
    "calendarYear": "2023",
    "period": "FY",
    "revenue": 5658836000,
    "costOfRevenue": 1028386000,
    "grossProfit": 4630450000,
    "grossProfitRatio": 0.8182689868,
    "researchAndDevelopmentExpenses": 0,
    "generalAndAdministrativeExpenses": 38513000,
    "sellingAndMarketingExpenses": 127346000,
    "sellingGeneralAndAdministrativeExpenses": 165859000,
    "otherExpenses": 1657569000,
    "operatingExpenses": 1823428000,
    "costAndExpenses": 2851814000,
    "interestIncome": 0,
    "interestExpense": 854648000,
    "depreciationAndAmortization": 1333584000,
    "ebitda": 4887124000,
    "ebitdaratio": 0.8636270781,
    "operatingIncome": 2807022000,
    "operatingIncomeRatio": 0.4960422956,
    "totalOtherIncomeExpensesNet": -108130000,
    "incomeBeforeTax": 2698892000,
    "incomeBeforeTaxRatio": 0.4769341257,
    "incomeTaxExpense": 81874000,
    "netIncome": 2283126000,
    "netIncomeRatio": 0.4034621254,
    "eps": 6.97,
    "epsdiluted": 6.98,
    "weightedAverageShsOut": 326807326,
    "weightedAverageShsOutDil": 326807326,
    "link": "https://www.sec.gov/Archives/edgar/data/1063761/000155837024001532/0001558370-24-001532-index.htm",
    "finalLink": "https://www.sec.gov/Archives/edgar/data/1022344/000155837024001532/spg-20231231x10k.htm"
  },
  {
    "date": "2022-12-31",
    "symbol": "SPG",
    "reportedCurrency": "USD",
    "cik": "0001063761",
    "fillingDate": "2023-02-23",
    "acceptedDate": "2023-02-23 09:45:23",
    "calendarYear": "2022",
    "period": "FY",
    "revenue": 5291447000,
    "costOfRevenue": 1000954000,
    "grossProfit": 4290493000,
    "grossProfitRatio": 0.810835486,
    "researchAndDevelopmentExpenses": 0,
    "generalAndAdministrativeExpenses": 34971000,
    "sellingAndMarketingExpenses": 107793000,
    "sellingGeneralAndAdministrativeExpenses": 142764000,
    "otherExpenses": 1564176000,
    "operatingExpenses": 1706940000,
    "costAndExpenses": 2707894000,
    "interestIncome": 0,
    "interestExpense": 761253000,
    "depreciationAndAmortization": 1292113000,
    "ebitda": 4589263000,
    "ebitdaratio": 0.8672983023,
    "operatingIncome": 2583553000,
    "operatingIncomeRatio": 0.4882507564,
    "totalOtherIncomeExpensesNet": -47656000,
    "incomeBeforeTax": 2535897000,
    "incomeBeforeTaxRatio": 0.4792445242,
    "incomeTaxExpense": 83512000,
    "netIncome": 2139535000,
    "netIncomeRatio": 0.4043383596,
    "eps": 6.69,
    "epsdiluted": 6.69,
    "weightedAverageShsOut": 327816695,
    "weightedAverageShsOutDil": 327816695,
    "link": "https://www.sec.gov/Archives/edgar/data/1063761/000155837023001840/0001558370-23-001840-index.htm",
    "finalLink": "https://www.sec.gov/Archives/edgar/data/1022344/000155837023001840/spg-20221231x10k.htm"
  },
  {
    "date": "2021-12-31",
    "symbol": "SPG",
    "reportedCurrency": "USD",
    "cik": "0001063761",
    "fillingDate": "2022-02-24",
    "acceptedDate": "2022-02-24 07:50:39",
    "calendarYear": "2021",
    "period": "FY",
    "revenue": 5116789000,
    "costOfRevenue": 971064000,
    "grossProfit": 4145725000,
    "grossProfitRatio": 0.8102200423,
    "researchAndDevelopmentExpenses": 0,
    "generalAndAdministrativeExpenses": 30339000,
    "sellingAndMarketingExpenses": 114303000,
    "sellingGeneralAndAdministrativeExpenses": 144642000,
    "otherExpenses": 1587893000,
    "operatingExpenses": 1732535000,
    "costAndExpenses": 2703599000,
    "interestIncome": 0,
    "interestExpense": 795712000,
    "depreciationAndAmortization": 1325895000,
    "ebitda": 4847513000,
    "ebitdaratio": 0.947374027,
    "operatingIncome": 2413190000,
    "operatingIncomeRatio": 0.4716219488,
    "totalOtherIncomeExpensesNet": 312716000,
    "incomeBeforeTax": 2725906000,
    "incomeBeforeTaxRatio": 0.5327376212,
    "incomeTaxExpense": 157199000,
    "netIncome": 2249631000,
    "netIncomeRatio": 0.4396567848,
    "eps": 6.84,
    "epsdiluted": 6.84,
    "weightedAverageShsOut": 328587137,
    "weightedAverageShsOutDil": 328587137,
    "link": "https://www.sec.gov/Archives/edgar/data/1063761/000155837022001845/0001558370-22-001845-index.htm",
    "finalLink": "https://www.sec.gov/Archives/edgar/data/1022344/000155837022001845/spg-20211231x10k.htm"
  },
  {
    "date": "2020-12-31",
    "symbol": "SPG",
    "reportedCurrency": "USD",
    "cik": "0001063761",
    "fillingDate": "2021-02-25",
    "acceptedDate": "2021-02-25 06:28:02",
    "calendarYear": "2020",
    "period": "FY",
    "revenue": 4607503000,
    "costOfRevenue": 887154000,
    "grossProfit": 3720349000,
    "grossProfitRatio": 0.8074544932,
    "researchAndDevelopmentExpenses": 0,
    "generalAndAdministrativeExpenses": 22572000,
    "sellingAndMarketingExpenses": 98613000,
    "sellingGeneralAndAdministrativeExpenses": 121185000,
    "otherExpenses": 1627355000,
    "operatingExpenses": 1748540000,
    "costAndExpenses": 2635694000,
    "interestIncome": 0,
    "interestExpense": 784400000,
    "depreciationAndAmortization": 1354991000,
    "ebitda": 3412078000,
    "ebitdaratio": 0.7405481885,
    "operatingIncome": 1971809000,
    "operatingIncomeRatio": 0.4279560968,
    "totalOtherIncomeExpensesNet": -699122000,
    "incomeBeforeTax": 1272687000,
    "incomeBeforeTaxRatio": 0.2762205472,
    "incomeTaxExpense": -4637000,
    "netIncome": 1112564000,
    "netIncomeRatio": 0.241467884,
    "eps": 3.59,
    "epsdiluted": 3.59,
    "weightedAverageShsOut": 308737625,
    "weightedAverageShsOutDil": 308737625,
    "link": "https://www.sec.gov/Archives/edgar/data/1063761/000155837021001700/0001558370-21-001700-index.htm",
    "finalLink": "https://www.sec.gov/Archives/edgar/data/1022344/000155837021001700/spg-20201231x10k.htm"
  },
  {
    "date": "2019-12-31",
    "symbol": "SPG",
    "reportedCurrency": "USD",
    "cik": "0001063761",
    "fillingDate": "2020-02-21",
    "acceptedDate": "2020-02-21 10:36:58",
    "calendarYear": "2019",
    "period": "FY",
    "revenue": 5755189000,
    "costOfRevenue": 1021644000,
    "grossProfit": 4733545000,
    "grossProfitRatio": 0.8224829801,
    "researchAndDevelopmentExpenses": 0,
    "generalAndAdministrativeExpenses": 34860000,
    "sellingAndMarketingExpenses": 150344000,
    "sellingGeneralAndAdministrativeExpenses": 185204000,
    "otherExpenses": 1635554000,
    "operatingExpenses": 1820758000,
    "costAndExpenses": 2842402000,
    "interestIncome": 0,
    "interestExpense": 789353000,
    "depreciationAndAmortization": 1394172000,
    "ebitda": 4636767000,
    "ebitdaratio": 0.8056671988,
    "operatingIncome": 2912787000,
    "operatingIncomeRatio": 0.5061149165,
    "totalOtherIncomeExpensesNet": -459545000,
    "incomeBeforeTax": 2453242000,
    "incomeBeforeTaxRatio": 0.4262661052,
    "incomeTaxExpense": 30054000,
    "netIncome": 2101584000,
    "netIncomeRatio": 0.3651633335,
    "eps": 6.79,
    "epsdiluted": 6.79,
    "weightedAverageShsOut": 307950112,
    "weightedAverageShsOutDil": 307950112,
    "link": "https://www.sec.gov/Archives/edgar/data/1063761/000155837020001135/0001558370-20-001135-index.htm",
    "finalLink": "https://www.sec.gov/Archives/edgar/data/1022344/000155837020001135/spg-20191231x10k.htm"
  },
  {
    "date": "2018-12-31",
    "symbol": "SPG",
    "reportedCurrency": "USD",
    "cik": "0001063761",
    "fillingDate": "2019-02-22",
    "acceptedDate": "2019-02-22 06:47:24",
    "calendarYear": "2018",
    "period": "FY",
    "revenue": 5645288000,
    "costOfRevenue": 1007964000,
    "grossProfit": 4637324000,
    "grossProfitRatio": 0.8214503848,
    "researchAndDevelopmentExpenses": 0,
    "generalAndAdministrativeExpenses": 46543000,
    "sellingAndMarketingExpenses": 151241000,
    "sellingGeneralAndAdministrativeExpenses": 197784000,
    "otherExpenses": 1513241000,
    "operatingExpenses": 1711025000,
    "costAndExpenses": 2718989000,
    "interestIncome": 0,
    "interestExpense": 815923000,
    "depreciationAndAmortization": 1349776000,
    "ebitda": 5024940000,
    "ebitdaratio": 0.8901122494,
    "operatingIncome": 2926299000,
    "operatingIncomeRatio": 0.5183613307,
    "totalOtherIncomeExpensesNet": -67058000,
    "incomeBeforeTax": 2859241000,
    "incomeBeforeTaxRatio": 0.5064827516,
    "incomeTaxExpense": 36898000,
    "netIncome": 2440058000,
    "netIncomeRatio": 0.432229144,
    "eps": 7.88,
    "epsdiluted": 7.88,
    "weightedAverageShsOut": 309627000,
    "weightedAverageShsOutDil": 309627000,
    "link": "https://www.sec.gov/Archives/edgar/data/1063761/000155837019000875/0001558370-19-000875-index.htm",
    "finalLink": "https://www.sec.gov/Archives/edgar/data/1022344/000155837019000875/spg-20181231x10k.htm"
  },
  {
    "date": "2017-12-31",
    "symbol": "SPG",
    "reportedCurrency": "USD",
    "cik": "0001063761",
    "fillingDate": "2018-02-23",
    "acceptedDate": "2018-02-23 06:36:17",
    "calendarYear": "2017",
    "period": "FY",
    "revenue": 5527336000,
    "costOfRevenue": 980080000,
    "grossProfit": 4547256000,
    "grossProfitRatio": 0.8226849245,
    "researchAndDevelopmentExpenses": 0,
    "generalAndAdministrativeExpenses": 51972000,
    "sellingAndMarketingExpenses": 150865000,
    "sellingGeneralAndAdministrativeExpenses": 202837000,
    "otherExpenses": 1542079000,
    "operatingExpenses": 1744916000,
    "costAndExpenses": 2724996000,
    "interestIncome": 0,
    "interestExpense": 809393000,
    "depreciationAndAmortization": 1357351000,
    "ebitda": 4434990000,
    "ebitdaratio": 0.8023738741,
    "operatingIncome": 2802340000,
    "operatingIncomeRatio": 0.5069964989,
    "totalOtherIncomeExpensesNet": -534094000,
    "incomeBeforeTax": 2268246000,
    "incomeBeforeTaxRatio": 0.4103687563,
    "incomeTaxExpense": 23343000,
    "netIncome": 1947962000,
    "netIncomeRatio": 0.3524233012,
    "eps": 6.24,
    "epsdiluted": 6.24,
    "weightedAverageShsOut": 311517000,
    "weightedAverageShsOutDil": 311517000,
    "link": "https://www.sec.gov/Archives/edgar/data/1063761/000155837018000981/0001558370-18-000981-index.htm",
    "finalLink": "https://www.sec.gov/Archives/edgar/data/1022344/000155837018000981/spg-20171231x10k.htm"
  },
  {
    "date": "2016-12-31",
    "symbol": "SPG",
    "reportedCurrency": "USD",
    "cik": "0001063761",
    "fillingDate": "2017-02-24",
    "acceptedDate": "2017-02-24 06:21:48",
    "calendarYear": "2016",
    "period": "FY",
    "revenue": 5435229000,
    "costOfRevenue": 971147000,
    "grossProfit": 4464082000,
    "grossProfitRatio": 0.8213236278,
    "researchAndDevelopmentExpenses": 0,
    "generalAndAdministrativeExpenses": 65082000,
    "sellingAndMarketingExpenses": 142801000,
    "sellingGeneralAndAdministrativeExpenses": 207883000,
    "otherExpenses": 1535371000,
    "operatingExpenses": 1743254000,
    "costAndExpenses": 2714401000,
    "interestIncome": 0,
    "interestExpense": 857554000,
    "depreciationAndAmortization": 1327946000,
    "ebitda": 4349884000,
    "ebitdaratio": 0.8003129215,
    "operatingIncome": 2720828000,
    "operatingIncomeRatio": 0.5005912354,
    "totalOtherIncomeExpensesNet": -556444000,
    "incomeBeforeTax": 2164384000,
    "incomeBeforeTaxRatio": 0.3982139483,
    "incomeTaxExpense": 29678000,
    "netIncome": 1838896000,
    "netIncomeRatio": 0.338329075,
    "eps": 5.87,
    "epsdiluted": 5.87,
    "weightedAverageShsOut": 312690756,
    "weightedAverageShsOutDil": 312691000,
    "link": "https://www.sec.gov/Archives/edgar/data/1063761/000155837017000934/0001558370-17-000934-index.htm",
    "finalLink": "https://www.sec.gov/Archives/edgar/data/1022344/000155837017000934/spg-20161231x10k.htm"
  },
  {
    "date": "2015-12-31",
    "symbol": "SPG",
    "reportedCurrency": "USD",
    "cik": "0001063761",
    "fillingDate": "2016-02-26",
    "acceptedDate": "2016-02-26 06:04:06",
    "calendarYear": "2015",
    "period": "FY",
    "revenue": 5266103000,
    "costOfRevenue": 960192000,
    "grossProfit": 4305911000,
    "grossProfitRatio": 0.8176655489,
    "researchAndDevelopmentExpenses": 0,
    "generalAndAdministrativeExpenses": 60329000,
    "sellingAndMarketingExpenses": 134854000,
    "sellingGeneralAndAdministrativeExpenses": 195183000,
    "otherExpenses": 1441855000,
    "operatingExpenses": 1637038000,
    "costAndExpenses": 2597230000,
    "interestIncome": 0,
    "interestExpense": 923697000,
    "depreciationAndAmortization": 1239214000,
    "ebitda": 4322456000,
    "ebitdaratio": 0.8208073408,
    "operatingIncome": 2668873000,
    "operatingIncomeRatio": 0.5068022786,
    "totalOtherIncomeExpensesNet": -509328000,
    "incomeBeforeTax": 2159545000,
    "incomeBeforeTaxRatio": 0.4100840793,
    "incomeTaxExpense": 20170000,
    "netIncome": 1827720000,
    "netIncomeRatio": 0.3470725886,
    "eps": 5.88,
    "epsdiluted": 5.88,
    "weightedAverageShsOut": 310102746,
    "weightedAverageShsOutDil": 310103000,
    "link": "https://www.sec.gov/Archives/edgar/data/1063761/000104746916010465/0001047469-16-010465-index.htm",
    "finalLink": "https://www.sec.gov/Archives/edgar/data/1063761/000104746916010465/a2227275z10-k.htm"
  },
  {
    "date": "2014-12-31",
    "symbol": "SPG",
    "reportedCurrency": "USD",
    "cik": "0001063761",
    "fillingDate": "2015-02-27",
    "acceptedDate": "2015-02-27 06:05:45",
    "calendarYear": "2014",
    "period": "FY",
    "revenue": 4870818000,
    "costOfRevenue": 882803000,
    "grossProfit": 3988015000,
    "grossProfitRatio": 0.8187567263,
    "researchAndDevelopmentExpenses": 0,
    "generalAndAdministrativeExpenses": 59958000,
    "sellingAndMarketingExpenses": 136656000,
    "sellingGeneralAndAdministrativeExpenses": 196614000,
    "otherExpenses": 1406059000,
    "operatingExpenses": 1602673000,
    "costAndExpenses": 2485476000,
    "interestIncome": 0,
    "interestExpense": 992601000,
    "depreciationAndAmortization": 1285784000,
    "ebitda": 3928635000,
    "ebitdaratio": 0.8065657555,
    "operatingIncome": 2385342000,
    "operatingIncomeRatio": 0.4897210284,
    "totalOtherIncomeExpensesNet": -735092000,
    "incomeBeforeTax": 1650250000,
    "incomeBeforeTaxRatio": 0.3388034618,
    "incomeTaxExpense": 28085000,
    "netIncome": 1408588000,
    "netIncomeRatio": 0.2891892081,
    "eps": 4.52,
    "epsdiluted": 4.52,
    "weightedAverageShsOut": 310731000,
    "weightedAverageShsOutDil": 310731000,
    "link": "https://www.sec.gov/Archives/edgar/data/1063761/000104746915001339/0001047469-15-001339-index.htm",
    "finalLink": "https://www.sec.gov/Archives/edgar/data/1063761/000104746915001339/a2222982z10-k.htm"
  },
  {
    "date": "2013-12-31",
    "symbol": "SPG",
    "reportedCurrency": "USD",
    "cik": "0001063761",
    "fillingDate": "2014-02-27",
    "acceptedDate": "2014-02-27 06:03:32",
    "calendarYear": "2013",
    "period": "FY",
    "revenue": 4543849000,
    "costOfRevenue": 837946000,
    "grossProfit": 3705903000,
    "grossProfitRatio": 0.8155867415,
    "researchAndDevelopmentExpenses": 0,
    "generalAndAdministrativeExpenses": 59803000,
    "sellingAndMarketingExpenses": 117894000,
    "sellingGeneralAndAdministrativeExpenses": 177697000,
    "otherExpenses": 1339537000,
    "operatingExpenses": 1517234000,
    "costAndExpenses": 2355180000,
    "interestIncome": 0,
    "interestExpense": 1082081000,
    "depreciationAndAmortization": 1332950000,
    "ebitda": 3821362000,
    "ebitdaratio": 0.8409966969,
    "operatingIncome": 2188669000,
    "operatingIncomeRatio": 0.4816773181,
    "totalOtherIncomeExpensesNet": -782338000,
    "incomeBeforeTax": 1406331000,
    "incomeBeforeTaxRatio": 0.3095021423,
    "incomeTaxExpense": 39538000,
    "netIncome": 1319641000,
    "netIncomeRatio": 0.2904236034,
    "eps": 4.24,
    "epsdiluted": 4.24,
    "weightedAverageShsOut": 310255000,
    "weightedAverageShsOutDil": 310255000,
    "link": "https://www.sec.gov/Archives/edgar/data/1063761/000104746914001416/0001047469-14-001416-index.htm",
    "finalLink": "https://www.sec.gov/Archives/edgar/data/1063761/000104746914001416/a2218246z10-k.htm"
  },
  {
    "date": "2012-12-31",
    "symbol": "SPG",
    "reportedCurrency": "USD",
    "cik": "0001063761",
    "fillingDate": "2013-02-28",
    "acceptedDate": "2013-02-28 06:24:20",
    "calendarYear": "2012",
    "period": "FY",
    "revenue": 4256157000,
    "costOfRevenue": 800380000,
    "grossProfit": 3455777000,
    "grossProfitRatio": 0.8119477266,
    "researchAndDevelopmentExpenses": 0,
    "generalAndAdministrativeExpenses": 57144000,
    "sellingAndMarketingExpenses": 109809000,
    "sellingGeneralAndAdministrativeExpenses": 166953000,
    "otherExpenses": 1282595000,
    "operatingExpenses": 1449548000,
    "costAndExpenses": 2249928000,
    "interestIncome": 0,
    "interestExpense": 1068181000,
    "depreciationAndAmortization": 1301304000,
    "ebitda": 3948442000,
    "ebitdaratio": 0.9277012103,
    "operatingIncome": 2006229000,
    "operatingIncomeRatio": 0.4713710044,
    "totalOtherIncomeExpensesNet": -427272000,
    "incomeBeforeTax": 1578957000,
    "incomeBeforeTaxRatio": 0.3709818505,
    "incomeTaxExpense": 15715000,
    "netIncome": 1434496000,
    "netIncomeRatio": 0.3370401985,
    "eps": 4.72,
    "epsdiluted": 4.72,
    "weightedAverageShsOut": 303137000,
    "weightedAverageShsOutDil": 303138000,
    "link": "https://www.sec.gov/Archives/edgar/data/1063761/000104746913001862/0001047469-13-001862-index.htm",
    "finalLink": "https://www.sec.gov/Archives/edgar/data/1063761/000104746913001862/a2212760z10-k.htm"
  },
  {
    "date": "2011-12-31",
    "symbol": "SPG",
    "reportedCurrency": "USD",
    "cik": "0001063761",
    "fillingDate": "2012-02-28",
    "acceptedDate": "2012-02-28 06:13:04",
    "calendarYear": "2011",
    "period": "FY",
    "revenue": 4306432000,
    "costOfRevenue": 919822000,
    "grossProfit": 3386610000,
    "grossProfitRatio": 0.7864074018,
    "researchAndDevelopmentExpenses": 0,
    "generalAndAdministrativeExpenses": 46319000,
    "sellingAndMarketingExpenses": 107002000,
    "sellingGeneralAndAdministrativeExpenses": 153321000,
    "otherExpenses": 1290135000,
    "operatingExpenses": 1443456000,
    "costAndExpenses": 2363278000,
    "interestIncome": 0,
    "interestExpense": 983526000,
    "depreciationAndAmortization": 1112438000,
    "ebitda": 3353459000,
    "ebitdaratio": 0.7787093817,
    "operatingIncome": 1943154000,
    "operatingIncomeRatio": 0.4512213359,
    "totalOtherIncomeExpensesNet": -685659000,
    "incomeBeforeTax": 1257495000,
    "incomeBeforeTaxRatio": 0.2920039141,
    "incomeTaxExpense": 11595000,
    "netIncome": 1024799000,
    "netIncomeRatio": 0.2379693909,
    "eps": 3.48,
    "epsdiluted": 3.48,
    "weightedAverageShsOut": 293504000,
    "weightedAverageShsOutDil": 293573000,
    "link": "https://www.sec.gov/Archives/edgar/data/1063761/000104746912001667/0001047469-12-001667-index.htm",
    "finalLink": "https://www.sec.gov/Archives/edgar/data/1063761/000104746912001667/a2207375z10-k.htm"
  },
  {
    "date": "2010-12-31",
    "symbol": "SPG",
    "reportedCurrency": "USD",
    "cik": "0001063761",
    "fillingDate": "2011-02-25",
    "acceptedDate": "2011-02-25 06:03:14",
    "calendarYear": "2010",
    "period": "FY",
    "revenue": 3957630000,
    "costOfRevenue": 862649000,
    "grossProfit": 3094981000,
    "grossProfitRatio": 0.782028891,
    "researchAndDevelopmentExpenses": 0,
    "generalAndAdministrativeExpenses": 21267000,
    "sellingAndMarketingExpenses": 97194000,
    "sellingGeneralAndAdministrativeExpenses": 118461000,
    "otherExpenses": 1229684000,
    "operatingExpenses": 1348145000,
    "costAndExpenses": 2210794000,
    "interestIncome": 0,
    "interestExpense": 1027091000,
    "depreciationAndAmortization": 1016027000,
    "ebitda": 2800963000,
    "ebitdaratio": 0.707737459,
    "operatingIncome": 1746836000,
    "operatingIncomeRatio": 0.4413843639,
    "totalOtherIncomeExpensesNet": -988991000,
    "incomeBeforeTax": 757845000,
    "incomeBeforeTaxRatio": 0.1914896036,
    "incomeTaxExpense": 4331000,
    "netIncome": 617038000,
    "netIncomeRatio": 0.1559109871,
    "eps": 2.1,
    "epsdiluted": 2.1,
    "weightedAverageShsOut": 291076000,
    "weightedAverageShsOutDil": 291350000,
    "link": "https://www.sec.gov/Archives/edgar/data/1063761/000104746911001321/0001047469-11-001321-index.htm",
    "finalLink": "https://www.sec.gov/Archives/edgar/data/1063761/000104746911001321/a2202046z10-k.htm"
  },
  {
    "date": "2009-12-31",
    "symbol": "SPG",
    "reportedCurrency": "USD",
    "cik": "0001063761",
    "fillingDate": "2010-02-25",
    "acceptedDate": "2010-02-25 11:12:02",
    "calendarYear": "2009",
    "period": "FY",
    "revenue": 3775216000,
    "costOfRevenue": 425703000,
    "grossProfit": 3349513000,
    "grossProfitRatio": 0.8872374455,
    "researchAndDevelopmentExpenses": 0,
    "generalAndAdministrativeExpenses": 219908000,
    "sellingAndMarketingExpenses": 99262000,
    "sellingGeneralAndAdministrativeExpenses": 319170000,
    "otherExpenses": 1623651000,
    "operatingExpenses": 1942821000,
    "costAndExpenses": 2368524000,
    "interestIncome": 0,
    "interestExpense": 992065000,
    "depreciationAndAmortization": 1009490000,
    "ebitda": 2383597000,
    "ebitdaratio": 0.6313802972,
    "operatingIncome": 1406692000,
    "operatingIncomeRatio": 0.372612322,
    "totalOtherIncomeExpensesNet": -1024650000,
    "incomeBeforeTax": 382042000,
    "incomeBeforeTaxRatio": 0.1011973884,
    "incomeTaxExpense": -5220000,
    "netIncome": 309407000,
    "netIncomeRatio": 0.0819574297,
    "eps": 1.06,
    "epsdiluted": 1.05,
    "weightedAverageShsOut": 267055000,
    "weightedAverageShsOutDil": 268472000,
    "link": "https://www.sec.gov/Archives/edgar/data/1063761/000104746910001324/0001047469-10-001324-index.htm",
    "finalLink": "https://www.sec.gov/Archives/edgar/data/1063761/000104746910001324/a2196642z10-k.htm"
  },
  {
    "date": "2008-12-31",
    "symbol": "SPG",
    "reportedCurrency": "USD",
    "cik": "0001063761",
    "fillingDate": "2009-02-26",
    "acceptedDate": "2009-02-26 17:05:34",
    "calendarYear": "2008",
    "period": "FY",
    "revenue": 3783155000,
    "costOfRevenue": 455874000,
    "grossProfit": 3327281000,
    "grossProfitRatio": 0.8794989896,
    "researchAndDevelopmentExpenses": 0,
    "generalAndAdministrativeExpenses": 273731000,
    "sellingAndMarketingExpenses": 96783000,
    "sellingGeneralAndAdministrativeExpenses": 370514000,
    "otherExpenses": 1413719000,
    "operatingExpenses": 1784233000,
    "costAndExpenses": 2240107000,
    "interestIncome": 0,
    "interestExpense": 947140000,
    "depreciationAndAmortization": 956827000,
    "ebitda": 2519758000,
    "ebitdaratio": 0.6660467256,
    "operatingIncome": 1543048000,
    "operatingIncomeRatio": 0.4078733227,
    "totalOtherIncomeExpensesNet": -939907000,
    "incomeBeforeTax": 603141000,
    "incomeBeforeTaxRatio": 0.1594280435,
    "incomeTaxExpense": 3581000,
    "netIncome": 463636000,
    "netIncomeRatio": 0.1225527371,
    "eps": 1.88,
    "epsdiluted": 1.87,
    "weightedAverageShsOut": 225333000,
    "weightedAverageShsOutDil": 225884000,
    "link": "https://www.sec.gov/Archives/edgar/data/1063761/000104746909001894/0001047469-09-001894-index.htm",
    "finalLink": "https://www.sec.gov/Archives/edgar/data/1063761/000104746909001894/a2190804z10-k.htm"
  },
  {
    "date": "2007-12-31",
    "symbol": "SPG",
    "reportedCurrency": "USD",
    "cik": "0001063761",
    "fillingDate": "2008-02-26",
    "acceptedDate": "2008-02-26 16:08:47",
    "calendarYear": "2007",
    "period": "FY",
    "revenue": 3650799000,
    "costOfRevenue": 454510000,
    "grossProfit": 3196289000,
    "grossProfitRatio": 0.875503965,
    "researchAndDevelopmentExpenses": 0,
    "generalAndAdministrativeExpenses": 276421000,
    "sellingAndMarketingExpenses": 94340000,
    "sellingGeneralAndAdministrativeExpenses": 370761000,
    "otherExpenses": 1290463000,
    "operatingExpenses": 1661224000,
    "costAndExpenses": 2115734000,
    "interestIncome": 0,
    "interestExpense": 945852000,
    "depreciationAndAmortization": 875284000,
    "ebitda": 2359470000,
    "ebitdaratio": 0.6462886617,
    "operatingIncome": 1535065000,
    "operatingIncomeRatio": 0.42047371,
    "totalOtherIncomeExpensesNet": -1027083000,
    "incomeBeforeTax": 507982000,
    "incomeBeforeTaxRatio": 0.1391426918,
    "incomeTaxExpense": -11322000,
    "netIncome": 491239000,
    "netIncomeRatio": 0.1345565724,
    "eps": 1.96,
    "epsdiluted": 1.95,
    "weightedAverageShsOut": 222998000,
    "weightedAverageShsOutDil": 223777000,
    "link": "https://www.sec.gov/Archives/edgar/data/1063761/000104746908001745/0001047469-08-001745-index.htm",
    "finalLink": "https://www.sec.gov/Archives/edgar/data/1063761/000104746908001745/a2182898z10-k.htm"
  },
  {
    "date": "2006-12-31",
    "symbol": "SPG",
    "reportedCurrency": "USD",
    "cik": "0001063761",
    "fillingDate": "2007-02-28",
    "acceptedDate": "2007-02-28 17:30:25",
    "calendarYear": "2006",
    "period": "FY",
    "revenue": 3332154000,
    "costOfRevenue": 0,
    "grossProfit": 3332154000,
    "grossProfitRatio": 1,
    "researchAndDevelopmentExpenses": 0,
    "generalAndAdministrativeExpenses": 16652000,
    "sellingAndMarketingExpenses": 88480000,
    "sellingGeneralAndAdministrativeExpenses": 105132000,
    "otherExpenses": 1906793000,
    "operatingExpenses": 2011925000,
    "costAndExpenses": 2011925000,
    "interestIncome": 0,
    "interestExpense": 0,
    "depreciationAndAmortization": 812718000,
    "ebitda": 2176431000,
    "ebitdaratio": 0.6531603881,
    "operatingIncome": 1320229000,
    "operatingIncomeRatio": 0.3962088787,
    "totalOtherIncomeExpensesNet": -745416000,
    "incomeBeforeTax": 574813000,
    "incomeBeforeTaxRatio": 0.1725049322,
    "incomeTaxExpense": 11370000,
    "netIncome": 563840000,
    "netIncomeRatio": 0.1692118672,
    "eps": 2.2,
    "epsdiluted": 2.19,
    "weightedAverageShsOut": 220975000,
    "weightedAverageShsOutDil": 221984018,
    "link": "https://www.sec.gov/Archives/edgar/data/1063761/000104746907001496/0001047469-07-001496-index.htm",
    "finalLink": "https://www.sec.gov/Archives/edgar/data/1063761/000104746907001496/a2176251z10-k.htm"
  },
  {
    "date": "2005-12-31",
    "symbol": "SPG",
    "reportedCurrency": "USD",
    "cik": "0001063761",
    "fillingDate": "2006-03-08",
    "acceptedDate": "2006-03-08 17:23:42",
    "calendarYear": "2005",
    "period": "FY",
    "revenue": 3166853000,
    "costOfRevenue": 0,
    "grossProfit": 3166853000,
    "grossProfitRatio": 1,
    "researchAndDevelopmentExpenses": 0,
    "generalAndAdministrativeExpenses": -74676000,
    "sellingAndMarketingExpenses": 92377000,
    "sellingGeneralAndAdministrativeExpenses": 17701000,
    "otherExpenses": 1943729000,
    "operatingExpenses": 1961430000,
    "costAndExpenses": 1961430000,
    "interestIncome": 0,
    "interestExpense": 0,
    "depreciationAndAmortization": 818468000,
    "ebitda": 2055334000,
    "ebitdaratio": 0.6490146527,
    "operatingIncome": 1205423000,
    "operatingIncomeRatio": 0.3806374972,
    "totalOtherIncomeExpensesNet": -835787000,
    "incomeBeforeTax": 369636000,
    "incomeBeforeTaxRatio": 0.1167202898,
    "incomeTaxExpense": 16229000,
    "netIncome": 475749000,
    "netIncomeRatio": 0.1502276866,
    "eps": 1.82,
    "epsdiluted": 1.82,
    "weightedAverageShsOut": 220821429,
    "weightedAverageShsOutDil": 220821429,
    "link": "https://www.sec.gov/Archives/edgar/data/1063761/000104746906003063/0001047469-06-003063-index.htm",
    "finalLink": "https://www.sec.gov/Archives/edgar/data/1063761/000104746906003063/a2167962z10-k.htm"
  },
  {
    "date": "2004-12-31",
    "symbol": "SPG",
    "reportedCurrency": "USD",
    "cik": "0001063761",
    "fillingDate": "2005-03-16",
    "acceptedDate": "2005-03-16 16:58:23",
    "calendarYear": "2004",
    "period": "FY",
    "revenue": 2585079000,
    "costOfRevenue": 0,
    "grossProfit": 2585079000,
    "grossProfitRatio": 1,
    "researchAndDevelopmentExpenses": 0,
    "generalAndAdministrativeExpenses": 16781000,
    "sellingAndMarketingExpenses": 69059000,
    "sellingGeneralAndAdministrativeExpenses": 85840000,
    "otherExpenses": 1445640000,
    "operatingExpenses": 1531480000,
    "costAndExpenses": 1531480000,
    "interestIncome": 0,
    "interestExpense": 0,
    "depreciationAndAmortization": 611090000,
    "ebitda": 2585079000,
    "ebitdaratio": 1,
    "operatingIncome": 1053599000,
    "operatingIncomeRatio": 0.4075693625,
    "totalOtherIncomeExpensesNet": -662090000,
    "incomeBeforeTax": 391509000,
    "incomeBeforeTaxRatio": 0.1514495302,
    "incomeTaxExpense": -11770000,
    "netIncome": 300647000,
    "netIncomeRatio": 0.1163008945,
    "eps": 1.45,
    "epsdiluted": 1.44,
    "weightedAverageShsOut": 207342759,
    "weightedAverageShsOutDil": 208782639,
    "link": "https://www.sec.gov/Archives/edgar/data/1063761/000104746905006797/0001047469-05-006797-index.htm",
    "finalLink": "https://www.sec.gov/Archives/edgar/data/1063761/000104746905006797/a2153313z10-k.htm"
  },
  {
    "date": "2003-12-31",
    "symbol": "SPG",
    "reportedCurrency": "USD",
    "cik": "0001063761",
    "fillingDate": "2004-03-15",
    "acceptedDate": "2004-03-15 17:17:07",
    "calendarYear": "2003",
    "period": "FY",
    "revenue": 2242399000,
    "costOfRevenue": 0,
    "grossProfit": 2242399000,
    "grossProfitRatio": 1,
    "researchAndDevelopmentExpenses": 0,
    "generalAndAdministrativeExpenses": 15078000,
    "sellingAndMarketingExpenses": 61765000,
    "sellingGeneralAndAdministrativeExpenses": 15078000,
    "otherExpenses": 1252536000,
    "operatingExpenses": 1267614000,
    "costAndExpenses": 1267614000,
    "interestIncome": 0,
    "interestExpense": 0,
    "depreciationAndAmortization": 518560000,
    "ebitda": 2745881000,
    "ebitdaratio": 1.2245282842,
    "operatingIncome": 974785000,
    "operatingIncomeRatio": 0.4347063123,
    "totalOtherIncomeExpensesNet": -602510000,
    "incomeBeforeTax": 372275000,
    "incomeBeforeTaxRatio": 0.1660163958,
    "incomeTaxExpense": -7597000,
    "netIncome": 313577000,
    "netIncomeRatio": 0.139839966,
    "eps": 1.65,
    "epsdiluted": 1.65,
    "weightedAverageShsOut": 190046667,
    "weightedAverageShsOutDil": 190046667,
    "link": "https://www.sec.gov/Archives/edgar/data/1063761/000104746904008046/0001047469-04-008046-index.htm",
    "finalLink": "https://www.sec.gov/Archives/edgar/data/1063761/000104746904008046/a2129556z10-k.htm"
  },
  {
    "date": "2002-12-31",
    "symbol": "SPG",
    "reportedCurrency": "USD",
    "cik": "0001063761",
    "fillingDate": "2003-03-07",
    "acceptedDate": "2003-03-07 10:59:11",
    "calendarYear": "2002",
    "period": "FY",
    "revenue": 2052978000,
    "costOfRevenue": 0,
    "grossProfit": 2052978000,
    "grossProfitRatio": 1,
    "researchAndDevelopmentExpenses": 0,
    "generalAndAdministrativeExpenses": 3233000,
    "sellingAndMarketingExpenses": 59581000,
    "sellingGeneralAndAdministrativeExpenses": 62814000,
    "otherExpenses": 1051426000,
    "operatingExpenses": 1114240000,
    "costAndExpenses": 1114240000,
    "interestIncome": 0,
    "interestExpense": 0,
    "depreciationAndAmortization": 491306000,
    "ebitda": 3680014000,
    "ebitdaratio": 1.7925248103,
    "operatingIncome": 938738000,
    "operatingIncomeRatio": 0.4572567266,
    "totalOtherIncomeExpensesNet": -938738000,
    "incomeBeforeTax": 0,
    "incomeBeforeTaxRatio": 0,
    "incomeTaxExpense": 0,
    "netIncome": 561655000,
    "netIncomeRatio": 0.2735806229,
    "eps": 1.99,
    "epsdiluted": 1.99,
    "weightedAverageShsOut": 180093970,
    "weightedAverageShsOutDil": 180093970,
    "link": "https://www.sec.gov/Archives/edgar/data/1063761/000104746903008017/0001047469-03-008017-index.htm",
    "finalLink": "https://www.sec.gov/Archives/edgar/data/1063761/000104746903008017/a2104362z10-k.htm"
  },
  {
    "date": "2001-12-31",
    "symbol": "SPG",
    "reportedCurrency": "USD",
    "cik": "0001063761",
    "fillingDate": "2002-03-29",
    "acceptedDate": "2002-03-29 00:00:00",
    "calendarYear": "2001",
    "period": "FY",
    "revenue": 2048835000,
    "costOfRevenue": 0,
    "grossProfit": 2048835000,
    "grossProfitRatio": 1,
    "researchAndDevelopmentExpenses": 0,
    "generalAndAdministrativeExpenses": 0,
    "sellingAndMarketingExpenses": 64941000,
    "sellingGeneralAndAdministrativeExpenses": 64941000,
    "otherExpenses": 1150476000,
    "operatingExpenses": 1215417000,
    "costAndExpenses": 1215417000,
    "interestIncome": 0,
    "interestExpense": 0,
    "depreciationAndAmortization": 464892000,
    "ebitda": 1345310000,
    "ebitdaratio": 0.6566219339,
    "operatingIncome": 833418000,
    "operatingIncomeRatio": 0.406776534,
    "totalOtherIncomeExpensesNet": -833418000,
    "incomeBeforeTax": 0,
    "incomeBeforeTaxRatio": 0,
    "incomeTaxExpense": 0,
    "netIncome": 199149000,
    "netIncomeRatio": 0.0972010923,
    "eps": 0.86,
    "epsdiluted": 0.85,
    "weightedAverageShsOut": 171847674,
    "weightedAverageShsOutDil": 173869412,
    "link": "https://www.sec.gov/Archives/edgar/data/1063761/000091205702012722/0000912057-02-012722-index.htm",
    "finalLink": "https://www.sec.gov/Archives/edgar/data/1063761/000091205702012722/a2073964z10-k405.htm"
  },
  {
    "date": "2000-12-31",
    "symbol": "SPG",
    "reportedCurrency": "USD",
    "cik": "0001063761",
    "fillingDate": "2001-03-29",
    "acceptedDate": "2001-03-29 00:00:00",
    "calendarYear": "2000",
    "period": "FY",
    "revenue": 2020751000,
    "costOfRevenue": 0,
    "grossProfit": 2020751000,
    "grossProfitRatio": 1,
    "researchAndDevelopmentExpenses": 0,
    "generalAndAdministrativeExpenses": 0,
    "sellingAndMarketingExpenses": 65797000,
    "sellingGeneralAndAdministrativeExpenses": 65797000,
    "otherExpenses": 1054386000,
    "operatingExpenses": 1120183000,
    "costAndExpenses": 1120183000,
    "interestIncome": 0,
    "interestExpense": 0,
    "depreciationAndAmortization": 430472000,
    "ebitda": 3509709000,
    "ebitdaratio": 1.7368339791,
    "operatingIncome": 900568000,
    "operatingIncomeRatio": 0.4456600541,
    "totalOtherIncomeExpensesNet": -900568000,
    "incomeBeforeTax": 0,
    "incomeBeforeTaxRatio": 0,
    "incomeTaxExpense": 0,
    "netIncome": 334459000,
    "netIncomeRatio": 0.1655122279,
    "eps": 1.08,
    "epsdiluted": 1.08,
    "weightedAverageShsOut": 172711111,
    "weightedAverageShsOutDil": 172711111,
    "link": "https://www.sec.gov/Archives/edgar/data/1063761/000091205701008704/0000912057-01-008704-index.htm",
    "finalLink": "https://www.sec.gov/Archives/edgar/data/1063761/000091205701008704/a2042763z10-k405.htm"
  },
  {
    "date": "1999-12-31",
    "symbol": "SPG",
    "reportedCurrency": "USD",
    "cik": "0001063761",
    "fillingDate": "2000-03-29",
    "acceptedDate": "2000-03-29 00:00:00",
    "calendarYear": "1999",
    "period": "FY",
    "revenue": 1942670000,
    "costOfRevenue": 0,
    "grossProfit": 1942670000,
    "grossProfitRatio": 1,
    "researchAndDevelopmentExpenses": 0,
    "generalAndAdministrativeExpenses": 0,
    "sellingAndMarketingExpenses": 65843000,
    "sellingGeneralAndAdministrativeExpenses": 65843000,
    "otherExpenses": 1022582000,
    "operatingExpenses": 1088425000,
    "costAndExpenses": 1088425000,
    "interestIncome": 0,
    "interestExpense": 0,
    "depreciationAndAmortization": 393650000,
    "ebitda": 3307081000,
    "ebitdaratio": 1.7023380193,
    "operatingIncome": 854245000,
    "operatingIncomeRatio": 0.4397272826,
    "totalOtherIncomeExpensesNet": -579593000,
    "incomeBeforeTax": 274652000,
    "incomeBeforeTaxRatio": 0.1413786181,
    "incomeTaxExpense": -3374000,
    "netIncome": 296799000,
    "netIncomeRatio": 0.1527789074,
    "eps": 0.97,
    "epsdiluted": 0.97,
    "weightedAverageShsOut": 172488660,
    "weightedAverageShsOutDil": 172488660,
    "link": "https://www.sec.gov/Archives/edgar/data/1063761/000095013100002145/0000950131-00-002145-index.htm",
    "finalLink": "https://www.sec.gov/Archives/edgar/data/1063761/000095013100002145/"
  },
  {
    "date": "1998-12-31",
    "symbol": "SPG",
    "reportedCurrency": "USD",
    "cik": "0001063761",
    "fillingDate": "1999-03-31",
    "acceptedDate": "1999-03-31 00:00:00",
    "calendarYear": "1998",
    "period": "FY",
    "revenue": 1405559000,
    "costOfRevenue": 0,
    "grossProfit": 1405559000,
    "grossProfitRatio": 1,
    "researchAndDevelopmentExpenses": 0,
    "generalAndAdministrativeExpenses": 0,
    "sellingAndMarketingExpenses": 50800000,
    "sellingGeneralAndAdministrativeExpenses": 50800000,
    "otherExpenses": 712547000,
    "operatingExpenses": 763347000,
    "costAndExpenses": 763347000,
    "interestIncome": 0,
    "interestExpense": 0,
    "depreciationAndAmortization": 278800000,
    "ebitda": 2396859000,
    "ebitdaratio": 1.7052709989,
    "operatingIncome": 642212000,
    "operatingIncomeRatio": 0.4569086036,
    "totalOtherIncomeExpensesNet": -642212000,
    "incomeBeforeTax": 0,
    "incomeBeforeTaxRatio": 0,
    "incomeTaxExpense": 0,
    "netIncome": 167300000,
    "netIncomeRatio": 0.1190273763,
    "eps": 1.06,
    "epsdiluted": 1.06,
    "weightedAverageShsOut": 126035849,
    "weightedAverageShsOutDil": 126035849,
    "link": "https://www.sec.gov/Archives/edgar/data/1063761/000095013199002004/0000950131-99-002004-index.htm",
    "finalLink": "https://www.sec.gov/Archives/edgar/data/1063761/000095013199002004/"
  },
  {
    "date": "1997-12-31",
    "symbol": "SPG",
    "reportedCurrency": "USD",
    "cik": "0001063761",
    "fillingDate": "1997-12-31",
    "acceptedDate": "1997-12-31 00:00:00",
    "calendarYear": "1997",
    "period": "FY",
    "revenue": 1054167000,
    "costOfRevenue": 0,
    "grossProfit": 1054167000,
    "grossProfitRatio": 1,
    "researchAndDevelopmentExpenses": 0,
    "generalAndAdministrativeExpenses": 0,
    "sellingAndMarketingExpenses": 32891000,
    "sellingGeneralAndAdministrativeExpenses": 32891000,
    "otherExpenses": 544246000,
    "operatingExpenses": 577137000,
    "costAndExpenses": 577137000,
    "interestIncome": 0,
    "interestExpense": 0,
    "depreciationAndAmortization": 208539000,
    "ebitda": 685569000,
    "ebitdaratio": 0.6503419287,
    "operatingIncome": 477030000,
    "operatingIncomeRatio": 0.452518434,
    "totalOtherIncomeExpensesNet": -477030000,
    "incomeBeforeTax": 0,
    "incomeBeforeTaxRatio": 0,
    "incomeTaxExpense": 0,
    "netIncome": 137237000,
    "netIncomeRatio": 0.1301852553,
    "eps": 1.08,
    "epsdiluted": 1.08,
    "weightedAverageShsOut": 99989815,
    "weightedAverageShsOutDil": 99989815,
    "link": null,
    "finalLink": null
  },
  {
    "date": "1996-12-31",
    "symbol": "SPG",
    "reportedCurrency": "USD",
    "cik": "0001063761",
    "fillingDate": "1996-12-31",
    "acceptedDate": "1996-12-31 00:00:00",
    "calendarYear": "1996",
    "period": "FY",
    "revenue": 757300000,
    "costOfRevenue": 0,
    "grossProfit": 757300000,
    "grossProfitRatio": 1,
    "researchAndDevelopmentExpenses": 0,
    "generalAndAdministrativeExpenses": 0,
    "sellingAndMarketingExpenses": 24800000,
    "sellingGeneralAndAdministrativeExpenses": 24800000,
    "otherExpenses": -416300000,
    "operatingExpenses": -391500000,
    "costAndExpenses": -391500000,
    "interestIncome": 0,
    "interestExpense": 0,
    "depreciationAndAmortization": 143600000,
    "ebitda": 1292400000,
    "ebitdaratio": 1.7065891985,
    "operatingIncome": 1148800000,
    "operatingIncomeRatio": 1.5169681764,
    "totalOtherIncomeExpensesNet": -1148800000,
    "incomeBeforeTax": 0,
    "incomeBeforeTaxRatio": 0,
    "incomeTaxExpense": 0,
    "netIncome": 131200000,
    "netIncomeRatio": 0.1732470619,
    "eps": 0.99,
    "epsdiluted": 0.99,
    "weightedAverageShsOut": 119696970,
    "weightedAverageShsOutDil": 119696970,
    "link": null,
    "finalLink": null
  },
  {
    "date": "1995-12-31",
    "symbol": "SPG",
    "reportedCurrency": "USD",
    "cik": "0001063761",
    "fillingDate": "1995-12-31",
    "acceptedDate": "1995-12-31 00:00:00",
    "calendarYear": "1995",
    "period": "FY",
    "revenue": 557000000,
    "costOfRevenue": 0,
    "grossProfit": 557000000,
    "grossProfitRatio": 1,
    "researchAndDevelopmentExpenses": 0,
    "generalAndAdministrativeExpenses": 0,
    "sellingAndMarketingExpenses": 13500000,
    "sellingGeneralAndAdministrativeExpenses": 13500000,
    "otherExpenses": -302500000,
    "operatingExpenses": -289000000,
    "costAndExpenses": -289000000,
    "interestIncome": 0,
    "interestExpense": 0,
    "depreciationAndAmortization": 101300000,
    "ebitda": 947300000,
    "ebitdaratio": 1.7007181329,
    "operatingIncome": 846000000,
    "operatingIncomeRatio": 1.5188509874,
    "totalOtherIncomeExpensesNet": -846000000,
    "incomeBeforeTax": 0,
    "incomeBeforeTaxRatio": 0,
    "incomeTaxExpense": 0,
    "netIncome": 137200000,
    "netIncomeRatio": 0.2463195691,
    "eps": 1.04,
    "epsdiluted": 1.04,
    "weightedAverageShsOut": 59746835,
    "weightedAverageShsOutDil": 59746835,
    "link": null,
    "finalLink": null
  },
  {
    "date": "1994-12-31",
    "symbol": "SPG",
    "reportedCurrency": "USD",
    "cik": "0001063761",
    "fillingDate": "1994-12-31",
    "acceptedDate": "1994-12-31 00:00:00",
    "calendarYear": "1994",
    "period": "FY",
    "revenue": 473700000,
    "costOfRevenue": 0,
    "grossProfit": 473700000,
    "grossProfitRatio": 1,
    "researchAndDevelopmentExpenses": 0,
    "generalAndAdministrativeExpenses": 0,
    "sellingAndMarketingExpenses": 12600000,
    "sellingGeneralAndAdministrativeExpenses": 12600000,
    "otherExpenses": -259400000,
    "operatingExpenses": -246800000,
    "costAndExpenses": -246800000,
    "interestIncome": 0,
    "interestExpense": 0,
    "depreciationAndAmortization": 83200000,
    "ebitda": 803700000,
    "ebitdaratio": 1.6966434452,
    "operatingIncome": 720500000,
    "operatingIncomeRatio": 1.5210048554,
    "totalOtherIncomeExpensesNet": -720500000,
    "incomeBeforeTax": 0,
    "incomeBeforeTaxRatio": 0,
    "incomeTaxExpense": 0,
    "netIncome": 45100000,
    "netIncomeRatio": 0.0952079375,
    "eps": 0.5,
    "epsdiluted": 0.5,
    "weightedAverageShsOut": 46363636,
    "weightedAverageShsOutDil": 46363636,
    "link": null,
    "finalLink": null
  },
  {
    "date": "1993-12-31",
    "symbol": "SPG",
    "reportedCurrency": "USD",
    "cik": "0001063761",
    "fillingDate": "1993-12-31",
    "acceptedDate": "1993-12-31 00:00:00",
    "calendarYear": "1993",
    "period": "FY",
    "revenue": 405900000,
    "costOfRevenue": 0,
    "grossProfit": 405900000,
    "grossProfitRatio": 1,
    "researchAndDevelopmentExpenses": 0,
    "generalAndAdministrativeExpenses": 0,
    "sellingAndMarketingExpenses": 9900000,
    "sellingGeneralAndAdministrativeExpenses": 9900000,
    "otherExpenses": -238400000,
    "operatingExpenses": -228500000,
    "costAndExpenses": -228500000,
    "interestIncome": 0,
    "interestExpense": 0,
    "depreciationAndAmortization": 2100000,
    "ebitda": 636500000,
    "ebitdaratio": 1.5681202267,
    "operatingIncome": 634400000,
    "operatingIncomeRatio": 1.5629465386,
    "totalOtherIncomeExpensesNet": -634400000,
    "incomeBeforeTax": 0,
    "incomeBeforeTaxRatio": 0,
    "incomeTaxExpense": 0,
    "netIncome": 33100000,
    "netIncomeRatio": 0.0815471791,
    "eps": -0.28,
    "epsdiluted": -0.28,
    "weightedAverageShsOut": 40508475,
    "weightedAverageShsOutDil": 40508475,
    "link": null,
    "finalLink": null
  }
]