[
  {
    "date": "2025-06-30",
    "symbol": "SRE",
    "reportedCurrency": "USD",
    "cik": "0001032208",
    "fillingDate": "2025-08-07",
    "acceptedDate": "2025-08-07 16:15:43",
    "calendarYear": "2025",
    "period": "Q2",
    "revenue": 3000000000,
    "costOfRevenue": 2251000000,
    "grossProfit": 749000000,
    "grossProfitRatio": 0.2496666667,
    "researchAndDevelopmentExpenses": 0,
    "generalAndAdministrativeExpenses": 0,
    "sellingAndMarketingExpenses": 0,
    "sellingGeneralAndAdministrativeExpenses": 165000000,
    "otherExpenses": 0,
    "operatingExpenses": 165000000,
    "costAndExpenses": 2416000000,
    "interestIncome": 14000000,
    "interestExpense": 359000000,
    "depreciationAndAmortization": 653000000,
    "ebitda": 1310000000,
    "ebitdaratio": 0.4366666667,
    "operatingIncome": 584000000,
    "operatingIncomeRatio": 0.1946666667,
    "totalOtherIncomeExpensesNet": 107000000,
    "incomeBeforeTax": 691000000,
    "incomeBeforeTaxRatio": 0.2303333333,
    "incomeTaxExpense": 172000000,
    "netIncome": 473000000,
    "netIncomeRatio": 0.1576666667,
    "eps": 0.7063,
    "epsdiluted": 0.7057,
    "weightedAverageShsOut": 652664000,
    "weightedAverageShsOutDil": 653224000,
    "link": "https://www.sec.gov/Archives/edgar/data/1032208/000103220825000048/0001032208-25-000048-index.htm",
    "finalLink": "https://www.sec.gov/Archives/edgar/data/86521/000103220825000048/sre-20250630.htm"
  },
  {
    "date": "2025-03-31",
    "symbol": "SRE",
    "reportedCurrency": "USD",
    "cik": "0001032208",
    "fillingDate": "2025-05-08",
    "acceptedDate": "2025-05-08 16:07:35",
    "calendarYear": "2025",
    "period": "Q1",
    "revenue": 3798000000,
    "costOfRevenue": 2634000000,
    "grossProfit": 1164000000,
    "grossProfitRatio": 0.3064770932,
    "researchAndDevelopmentExpenses": 0,
    "generalAndAdministrativeExpenses": 0,
    "sellingAndMarketingExpenses": 0,
    "sellingGeneralAndAdministrativeExpenses": 196000000,
    "otherExpenses": 0,
    "operatingExpenses": 196000000,
    "costAndExpenses": 2830000000,
    "interestIncome": 34000000,
    "interestExpense": 370000000,
    "depreciationAndAmortization": 640000000,
    "ebitda": 1661000000,
    "ebitdaratio": 0.4373354397,
    "operatingIncome": 968000000,
    "operatingIncomeRatio": 0.2548709847,
    "totalOtherIncomeExpensesNet": 8000000,
    "incomeBeforeTax": 976000000,
    "incomeBeforeTaxRatio": 0.2569773565,
    "incomeTaxExpense": 57000000,
    "netIncome": 917000000,
    "netIncomeRatio": 0.2414428647,
    "eps": 1.3896,
    "epsdiluted": 1.3874,
    "weightedAverageShsOut": 651992000,
    "weightedAverageShsOutDil": 653018000,
    "link": "https://www.sec.gov/Archives/edgar/data/1032208/000103220825000027/0001032208-25-000027-index.htm",
    "finalLink": "https://www.sec.gov/Archives/edgar/data/86521/000103220825000027/sre-20250331.htm"
  },
  {
    "date": "2024-12-31",
    "symbol": "SRE",
    "reportedCurrency": "USD",
    "cik": "0001032208",
    "fillingDate": "2025-02-25",
    "acceptedDate": "2025-02-25 16:57:50",
    "calendarYear": "2024",
    "period": "Q4",
    "revenue": 3753000000,
    "costOfRevenue": 2509000000,
    "grossProfit": 1244000000,
    "grossProfitRatio": 0.3314681588,
    "researchAndDevelopmentExpenses": 0,
    "generalAndAdministrativeExpenses": 0,
    "sellingAndMarketingExpenses": 0,
    "sellingGeneralAndAdministrativeExpenses": 178000000,
    "otherExpenses": 0,
    "operatingExpenses": 178000000,
    "costAndExpenses": 2687000000,
    "interestIncome": 14000000,
    "interestExpense": 369000000,
    "depreciationAndAmortization": 626000000,
    "ebitda": 1892000000,
    "ebitdaratio": 0.5041300293,
    "operatingIncome": 1066000000,
    "operatingIncomeRatio": 0.2840394351,
    "totalOtherIncomeExpensesNet": 205000000,
    "incomeBeforeTax": 1271000000,
    "incomeBeforeTaxRatio": 0.3386624034,
    "incomeTaxExpense": 282000000,
    "netIncome": 676000000,
    "netIncomeRatio": 0.1801225686,
    "eps": 1.047,
    "epsdiluted": 1.0368,
    "weightedAverageShsOut": 635144000,
    "weightedAverageShsOutDil": 641395000,
    "link": "https://www.sec.gov/Archives/edgar/data/1032208/000103220825000012/0001032208-25-000012-index.htm",
    "finalLink": "https://www.sec.gov/Archives/edgar/data/86521/000103220825000012/sre-20241231.htm"
  },
  {
    "date": "2024-09-30",
    "symbol": "SRE",
    "reportedCurrency": "USD",
    "cik": "0001032208",
    "fillingDate": "2024-11-06",
    "acceptedDate": "2024-11-06 15:40:39",
    "calendarYear": "2024",
    "period": "Q3",
    "revenue": 2678000000,
    "costOfRevenue": 2129000000,
    "grossProfit": 549000000,
    "grossProfitRatio": 0.2050037341,
    "researchAndDevelopmentExpenses": 0,
    "generalAndAdministrativeExpenses": 0,
    "sellingAndMarketingExpenses": 0,
    "sellingGeneralAndAdministrativeExpenses": 175000000,
    "otherExpenses": 0,
    "operatingExpenses": 175000000,
    "costAndExpenses": 2304000000,
    "interestIncome": 17000000,
    "interestExpense": 325000000,
    "depreciationAndAmortization": 614000000,
    "ebitda": 1139000000,
    "ebitdaratio": 0.425317401,
    "operatingIncome": 374000000,
    "operatingIncomeRatio": 0.13965646,
    "totalOtherIncomeExpensesNet": 280000000,
    "incomeBeforeTax": 654000000,
    "incomeBeforeTaxRatio": 0.2442120986,
    "incomeTaxExpense": -105000000,
    "netIncome": 649000000,
    "netIncomeRatio": 0.2423450336,
    "eps": 1.0067,
    "epsdiluted": 0.9999,
    "weightedAverageShsOut": 633752000,
    "weightedAverageShsOutDil": 638061000,
    "link": "https://www.sec.gov/Archives/edgar/data/1032208/000103220824000046/0001032208-24-000046-index.htm",
    "finalLink": "https://www.sec.gov/Archives/edgar/data/86521/000103220824000046/sre-20240930.htm"
  },
  {
    "date": "2024-06-30",
    "symbol": "SRE",
    "reportedCurrency": "USD",
    "cik": "0001032208",
    "fillingDate": "2024-08-06",
    "acceptedDate": "2024-08-06 15:48:57",
    "calendarYear": "2024",
    "period": "Q2",
    "revenue": 2968000000,
    "costOfRevenue": 2266000000,
    "grossProfit": 702000000,
    "grossProfitRatio": 0.2365229111,
    "researchAndDevelopmentExpenses": 0,
    "generalAndAdministrativeExpenses": 0,
    "sellingAndMarketingExpenses": 0,
    "sellingGeneralAndAdministrativeExpenses": 156000000,
    "otherExpenses": 0,
    "operatingExpenses": 156000000,
    "costAndExpenses": 2422000000,
    "interestIncome": 17000000,
    "interestExpense": 307000000,
    "depreciationAndAmortization": 603000000,
    "ebitda": 1218000000,
    "ebitdaratio": 0.4103773585,
    "operatingIncome": 546000000,
    "operatingIncomeRatio": 0.1839622642,
    "totalOtherIncomeExpensesNet": 195000000,
    "incomeBeforeTax": 741000000,
    "incomeBeforeTaxRatio": 0.2496630728,
    "incomeTaxExpense": -130000000,
    "netIncome": 725000000,
    "netIncomeRatio": 0.2442722372,
    "eps": 1.1256,
    "epsdiluted": 1.1206,
    "weightedAverageShsOut": 633450000,
    "weightedAverageShsOutDil": 636279000,
    "link": "https://www.sec.gov/Archives/edgar/data/1032208/000103220824000026/0001032208-24-000026-index.htm",
    "finalLink": "https://www.sec.gov/Archives/edgar/data/86521/000103220824000026/sre-20240630.htm"
  },
  {
    "date": "2024-03-31",
    "symbol": "SRE",
    "reportedCurrency": "USD",
    "cik": "0001032208",
    "fillingDate": "2024-05-07",
    "acceptedDate": "2024-05-07 16:29:15",
    "calendarYear": "2024",
    "period": "Q1",
    "revenue": 3558000000,
    "costOfRevenue": 2529000000,
    "grossProfit": 1029000000,
    "grossProfitRatio": 0.2892074199,
    "researchAndDevelopmentExpenses": 0,
    "generalAndAdministrativeExpenses": 0,
    "sellingAndMarketingExpenses": 0,
    "sellingGeneralAndAdministrativeExpenses": 184000000,
    "otherExpenses": 0,
    "operatingExpenses": 184000000,
    "costAndExpenses": 2713000000,
    "interestIncome": 13000000,
    "interestExpense": 302000000,
    "depreciationAndAmortization": 594000000,
    "ebitda": 1601000000,
    "ebitdaratio": 0.4499718943,
    "operatingIncome": 845000000,
    "operatingIncomeRatio": 0.2374929736,
    "totalOtherIncomeExpensesNet": 208000000,
    "incomeBeforeTax": 1053000000,
    "incomeBeforeTaxRatio": 0.2959527825,
    "incomeTaxExpense": 172000000,
    "netIncome": 812000000,
    "netIncomeRatio": 0.2282181001,
    "eps": 1.2658,
    "epsdiluted": 1.2607,
    "weightedAverageShsOut": 632821000,
    "weightedAverageShsOutDil": 635354000,
    "link": "https://www.sec.gov/Archives/edgar/data/1032208/000103220824000015/0001032208-24-000015-index.htm",
    "finalLink": "https://www.sec.gov/Archives/edgar/data/86521/000103220824000015/sre-20240331.htm"
  },
  {
    "date": "2023-12-31",
    "symbol": "SRE",
    "reportedCurrency": "USD",
    "cik": "0001032208",
    "fillingDate": "2024-02-27",
    "acceptedDate": "2024-02-27 15:59:16",
    "calendarYear": "2023",
    "period": "Q4",
    "revenue": 3358000000,
    "costOfRevenue": 2536000000,
    "grossProfit": 822000000,
    "grossProfitRatio": 0.2447885646,
    "researchAndDevelopmentExpenses": 0,
    "generalAndAdministrativeExpenses": 0,
    "sellingAndMarketingExpenses": 0,
    "sellingGeneralAndAdministrativeExpenses": 168000000,
    "otherExpenses": 0,
    "operatingExpenses": 168000000,
    "costAndExpenses": 2704000000,
    "interestIncome": 29000000,
    "interestExpense": 314000000,
    "depreciationAndAmortization": 576000000,
    "ebitda": 1342000000,
    "ebitdaratio": 0.3996426444,
    "operatingIncome": 654000000,
    "operatingIncomeRatio": 0.194758785,
    "totalOtherIncomeExpensesNet": 193000000,
    "incomeBeforeTax": 847000000,
    "incomeBeforeTaxRatio": 0.2522334723,
    "incomeTaxExpense": -9000000,
    "netIncome": 748000000,
    "netIncomeRatio": 0.2227516379,
    "eps": 1.1675,
    "epsdiluted": 1.162,
    "weightedAverageShsOut": 631284000,
    "weightedAverageShsOutDil": 634228000,
    "link": "https://www.sec.gov/Archives/edgar/data/1032208/000103220824000007/0001032208-24-000007-index.htm",
    "finalLink": "https://www.sec.gov/Archives/edgar/data/86521/000103220824000007/sre-20231231.htm"
  },
  {
    "date": "2023-09-30",
    "symbol": "SRE",
    "reportedCurrency": "USD",
    "cik": "0001032208",
    "fillingDate": "2023-11-03",
    "acceptedDate": "2023-11-03 16:10:11",
    "calendarYear": "2023",
    "period": "Q3",
    "revenue": 3251000000,
    "costOfRevenue": 2450000000,
    "grossProfit": 801000000,
    "grossProfitRatio": 0.2463857275,
    "researchAndDevelopmentExpenses": 0,
    "generalAndAdministrativeExpenses": 0,
    "sellingAndMarketingExpenses": 0,
    "sellingGeneralAndAdministrativeExpenses": 169000000,
    "otherExpenses": 0,
    "operatingExpenses": 169000000,
    "costAndExpenses": 2619000000,
    "interestIncome": 19000000,
    "interestExpense": 311000000,
    "depreciationAndAmortization": 563000000,
    "ebitda": 1197000000,
    "ebitdaratio": 0.3681944017,
    "operatingIncome": 632000000,
    "operatingIncomeRatio": 0.1944017225,
    "totalOtherIncomeExpensesNet": 170000000,
    "incomeBeforeTax": 802000000,
    "incomeBeforeTaxRatio": 0.2466933251,
    "incomeTaxExpense": -52000000,
    "netIncome": 732000000,
    "netIncomeRatio": 0.2251614888,
    "eps": 1.1444,
    "epsdiluted": 1.1402,
    "weightedAverageShsOut": 630036000,
    "weightedAverageShsOutDil": 632324000,
    "link": "https://www.sec.gov/Archives/edgar/data/1032208/000103220823000057/0001032208-23-000057-index.htm",
    "finalLink": "https://www.sec.gov/Archives/edgar/data/86521/000103220823000057/sre-20230930.htm"
  },
  {
    "date": "2023-06-30",
    "symbol": "SRE",
    "reportedCurrency": "USD",
    "cik": "0001032208",
    "fillingDate": "2023-08-03",
    "acceptedDate": "2023-08-03 16:40:28",
    "calendarYear": "2023",
    "period": "Q2",
    "revenue": 3082000000,
    "costOfRevenue": 2348000000,
    "grossProfit": 734000000,
    "grossProfitRatio": 0.2381570409,
    "researchAndDevelopmentExpenses": 0,
    "generalAndAdministrativeExpenses": 0,
    "sellingAndMarketingExpenses": 0,
    "sellingGeneralAndAdministrativeExpenses": 148000000,
    "otherExpenses": 0,
    "operatingExpenses": 148000000,
    "costAndExpenses": 2496000000,
    "interestIncome": 17000000,
    "interestExpense": 318000000,
    "depreciationAndAmortization": 549000000,
    "ebitda": 1390000000,
    "ebitdaratio": 0.4510058404,
    "operatingIncome": 586000000,
    "operatingIncomeRatio": 0.1901362751,
    "totalOtherIncomeExpensesNet": 325000000,
    "incomeBeforeTax": 911000000,
    "incomeBeforeTaxRatio": 0.295587281,
    "incomeTaxExpense": 175000000,
    "netIncome": 615000000,
    "netIncomeRatio": 0.1995457495,
    "eps": 0.9571,
    "epsdiluted": 0.9539,
    "weightedAverageShsOut": 630014000,
    "weightedAverageShsOutDil": 632120000,
    "link": "https://www.sec.gov/Archives/edgar/data/1032208/000103220823000043/0001032208-23-000043-index.htm",
    "finalLink": "https://www.sec.gov/Archives/edgar/data/86521/000103220823000043/sre-20230630.htm"
  },
  {
    "date": "2023-03-31",
    "symbol": "SRE",
    "reportedCurrency": "USD",
    "cik": "0001032208",
    "fillingDate": "2023-05-04",
    "acceptedDate": "2023-05-04 15:26:52",
    "calendarYear": "2023",
    "period": "Q1",
    "revenue": 6111000000,
    "costOfRevenue": 4720000000,
    "grossProfit": 1391000000,
    "grossProfitRatio": 0.2276223204,
    "researchAndDevelopmentExpenses": 0,
    "generalAndAdministrativeExpenses": 0,
    "sellingAndMarketingExpenses": 0,
    "sellingGeneralAndAdministrativeExpenses": 192000000,
    "otherExpenses": 0,
    "operatingExpenses": 192000000,
    "costAndExpenses": 4912000000,
    "interestIncome": 24000000,
    "interestExpense": 384000000,
    "depreciationAndAmortization": 539000000,
    "ebitda": 2252000000,
    "ebitdaratio": 0.3685157912,
    "operatingIncome": 1199000000,
    "operatingIncomeRatio": 0.1962035673,
    "totalOtherIncomeExpensesNet": 349000000,
    "incomeBeforeTax": 1548000000,
    "incomeBeforeTaxRatio": 0.2533136966,
    "incomeTaxExpense": 376000000,
    "netIncome": 980000000,
    "netIncomeRatio": 0.1603665521,
    "eps": 1.5385,
    "epsdiluted": 1.5326,
    "weightedAverageShsOut": 629838000,
    "weightedAverageShsOutDil": 632248000,
    "link": "https://www.sec.gov/Archives/edgar/data/1032208/000103220823000027/0001032208-23-000027-index.htm",
    "finalLink": "https://www.sec.gov/Archives/edgar/data/86521/000103220823000027/sre-20230331.htm"
  },
  {
    "date": "2022-12-31",
    "symbol": "SRE",
    "reportedCurrency": "USD",
    "cik": "0001032208",
    "fillingDate": "2023-02-28",
    "acceptedDate": "2023-02-28 14:43:20",
    "calendarYear": "2022",
    "period": "Q4",
    "revenue": 4116000000,
    "costOfRevenue": 3072000000,
    "grossProfit": 1044000000,
    "grossProfitRatio": 0.2536443149,
    "researchAndDevelopmentExpenses": 0,
    "generalAndAdministrativeExpenses": 0,
    "sellingAndMarketingExpenses": 0,
    "sellingGeneralAndAdministrativeExpenses": 161000000,
    "otherExpenses": 0,
    "operatingExpenses": 161000000,
    "costAndExpenses": 3233000000,
    "interestIncome": 17000000,
    "interestExpense": 247000000,
    "depreciationAndAmortization": 519000000,
    "ebitda": 915000000,
    "ebitdaratio": 0.222303207,
    "operatingIncome": 883000000,
    "operatingIncomeRatio": 0.2145286686,
    "totalOtherIncomeExpensesNet": -354000000,
    "incomeBeforeTax": 529000000,
    "incomeBeforeTaxRatio": 0.1285228377,
    "incomeTaxExpense": 121000000,
    "netIncome": 449000000,
    "netIncomeRatio": 0.1090864917,
    "eps": 0.6958,
    "epsdiluted": 0.6927,
    "weightedAverageShsOut": 629476000,
    "weightedAverageShsOutDil": 632296000,
    "link": "https://www.sec.gov/Archives/edgar/data/1032208/000103220823000008/0001032208-23-000008-index.htm",
    "finalLink": "https://www.sec.gov/Archives/edgar/data/86521/000103220823000008/sre-20221231.htm"
  },
  {
    "date": "2022-09-30",
    "symbol": "SRE",
    "reportedCurrency": "USD",
    "cik": "0001032208",
    "fillingDate": "2022-11-03",
    "acceptedDate": "2022-11-03 16:52:18",
    "calendarYear": "2022",
    "period": "Q3",
    "revenue": 3844000000,
    "costOfRevenue": 2869000000,
    "grossProfit": 975000000,
    "grossProfitRatio": 0.2536420395,
    "researchAndDevelopmentExpenses": 0,
    "generalAndAdministrativeExpenses": 0,
    "sellingAndMarketingExpenses": 0,
    "sellingGeneralAndAdministrativeExpenses": 162000000,
    "otherExpenses": 0,
    "operatingExpenses": 162000000,
    "costAndExpenses": 3031000000,
    "interestIncome": 18000000,
    "interestExpense": 289000000,
    "depreciationAndAmortization": 506000000,
    "ebitda": 960000000,
    "ebitdaratio": 0.2497398543,
    "operatingIncome": 813000000,
    "operatingIncomeRatio": 0.2114984391,
    "totalOtherIncomeExpensesNet": -231000000,
    "incomeBeforeTax": 582000000,
    "incomeBeforeTaxRatio": 0.1514047867,
    "incomeTaxExpense": 21000000,
    "netIncome": 496000000,
    "netIncomeRatio": 0.1290322581,
    "eps": 0.7705,
    "epsdiluted": 0.7672,
    "weightedAverageShsOut": 629448000,
    "weightedAverageShsOutDil": 632174000,
    "link": "https://www.sec.gov/Archives/edgar/data/1032208/000103220822000052/0001032208-22-000052-index.htm",
    "finalLink": "https://www.sec.gov/Archives/edgar/data/86521/000103220822000052/sre-20220930.htm"
  },
  {
    "date": "2022-06-30",
    "symbol": "SRE",
    "reportedCurrency": "USD",
    "cik": "0001032208",
    "fillingDate": "2022-08-04",
    "acceptedDate": "2022-08-04 16:49:57",
    "calendarYear": "2022",
    "period": "Q2",
    "revenue": 3697000000,
    "costOfRevenue": 2703000000,
    "grossProfit": 994000000,
    "grossProfitRatio": 0.2688666486,
    "researchAndDevelopmentExpenses": 0,
    "generalAndAdministrativeExpenses": 0,
    "sellingAndMarketingExpenses": 0,
    "sellingGeneralAndAdministrativeExpenses": 150000000,
    "otherExpenses": 0,
    "operatingExpenses": 150000000,
    "costAndExpenses": 2853000000,
    "interestIncome": 15000000,
    "interestExpense": 275000000,
    "depreciationAndAmortization": 501000000,
    "ebitda": 1140000000,
    "ebitdaratio": 0.3083581282,
    "operatingIncome": 844000000,
    "operatingIncomeRatio": 0.2282932107,
    "totalOtherIncomeExpensesNet": -105000000,
    "incomeBeforeTax": 739000000,
    "incomeBeforeTaxRatio": 0.1998918042,
    "incomeTaxExpense": 80000000,
    "netIncome": 571000000,
    "netIncomeRatio": 0.1544495537,
    "eps": 0.8877,
    "epsdiluted": 0.8849,
    "weightedAverageShsOut": 629690000,
    "weightedAverageShsOutDil": 631734000,
    "link": "https://www.sec.gov/Archives/edgar/data/1032208/000103220822000038/0001032208-22-000038-index.htm",
    "finalLink": "https://www.sec.gov/Archives/edgar/data/86521/000103220822000038/sre-20220630.htm"
  },
  {
    "date": "2022-03-31",
    "symbol": "SRE",
    "reportedCurrency": "USD",
    "cik": "0001032208",
    "fillingDate": "2022-05-05",
    "acceptedDate": "2022-05-05 16:41:23",
    "calendarYear": "2022",
    "period": "Q1",
    "revenue": 3896000000,
    "costOfRevenue": 2739000000,
    "grossProfit": 1157000000,
    "grossProfitRatio": 0.2969712526,
    "researchAndDevelopmentExpenses": 0,
    "generalAndAdministrativeExpenses": 0,
    "sellingAndMarketingExpenses": 0,
    "sellingGeneralAndAdministrativeExpenses": 162000000,
    "otherExpenses": 0,
    "operatingExpenses": 162000000,
    "costAndExpenses": 2901000000,
    "interestIncome": 25000000,
    "interestExpense": 244000000,
    "depreciationAndAmortization": 493000000,
    "ebitda": 1402000000,
    "ebitdaratio": 0.3598562628,
    "operatingIncome": 995000000,
    "operatingIncomeRatio": 0.2553901437,
    "totalOtherIncomeExpensesNet": -4000000,
    "incomeBeforeTax": 991000000,
    "incomeBeforeTaxRatio": 0.2543634497,
    "incomeTaxExpense": 334000000,
    "netIncome": 623000000,
    "netIncomeRatio": 0.1599075975,
    "eps": 0.9673,
    "epsdiluted": 0.964,
    "weightedAverageShsOut": 632706000,
    "weightedAverageShsOutDil": 634868000,
    "link": "https://www.sec.gov/Archives/edgar/data/1032208/000103220822000023/0001032208-22-000023-index.htm",
    "finalLink": "https://www.sec.gov/Archives/edgar/data/86521/000103220822000023/sre-20220331.htm"
  },
  {
    "date": "2021-12-31",
    "symbol": "SRE",
    "reportedCurrency": "USD",
    "cik": "0001032208",
    "fillingDate": "2022-02-25",
    "acceptedDate": "2022-02-25 15:44:18",
    "calendarYear": "2021",
    "period": "Q4",
    "revenue": 3703000000,
    "costOfRevenue": 2802000000,
    "grossProfit": 901000000,
    "grossProfitRatio": 0.2433162301,
    "researchAndDevelopmentExpenses": 0,
    "generalAndAdministrativeExpenses": 0,
    "sellingAndMarketingExpenses": 0,
    "sellingGeneralAndAdministrativeExpenses": 154000000,
    "otherExpenses": 0,
    "operatingExpenses": 154000000,
    "costAndExpenses": 2956000000,
    "interestIncome": 19000000,
    "interestExpense": 405000000,
    "depreciationAndAmortization": 479000000,
    "ebitda": 1419000000,
    "ebitdaratio": 0.3832028085,
    "operatingIncome": 747000000,
    "operatingIncomeRatio": 0.2017283284,
    "totalOtherIncomeExpensesNet": 109000000,
    "incomeBeforeTax": 856000000,
    "incomeBeforeTaxRatio": 0.2311639211,
    "incomeTaxExpense": 144000000,
    "netIncome": 615000000,
    "netIncomeRatio": 0.1660815555,
    "eps": 0.947,
    "epsdiluted": 0.9452,
    "weightedAverageShsOut": 637780000,
    "weightedAverageShsOutDil": 639020000,
    "link": "https://www.sec.gov/Archives/edgar/data/1032208/000103220822000007/0001032208-22-000007-index.htm",
    "finalLink": "https://www.sec.gov/Archives/edgar/data/86521/000103220822000007/sre-20211231.htm"
  },
  {
    "date": "2021-09-30",
    "symbol": "SRE",
    "reportedCurrency": "USD",
    "cik": "0001032208",
    "fillingDate": "2021-11-05",
    "acceptedDate": "2021-11-05 16:34:31",
    "calendarYear": "2021",
    "period": "Q3",
    "revenue": 3167000000,
    "costOfRevenue": 2376000000,
    "grossProfit": 791000000,
    "grossProfitRatio": 0.2497631828,
    "researchAndDevelopmentExpenses": 0,
    "generalAndAdministrativeExpenses": 0,
    "sellingAndMarketingExpenses": 0,
    "sellingGeneralAndAdministrativeExpenses": 151000000,
    "otherExpenses": 0,
    "operatingExpenses": 151000000,
    "costAndExpenses": 2527000000,
    "interestIncome": 16000000,
    "interestExpense": 261000000,
    "depreciationAndAmortization": 471000000,
    "ebitda": -633000000,
    "ebitdaratio": -0.1998736975,
    "operatingIncome": 640000000,
    "operatingIncomeRatio": 0.2020839912,
    "totalOtherIncomeExpensesNet": -1614000000,
    "incomeBeforeTax": -974000000,
    "incomeBeforeTaxRatio": -0.307546574,
    "incomeTaxExpense": -342000000,
    "netIncome": -637000000,
    "netIncomeRatio": -0.2011367225,
    "eps": -1.0152,
    "epsdiluted": -1.0152,
    "weightedAverageShsOut": 638288000,
    "weightedAverageShsOutDil": 638288000,
    "link": "https://www.sec.gov/Archives/edgar/data/1032208/000103220821000047/0001032208-21-000047-index.htm",
    "finalLink": "https://www.sec.gov/Archives/edgar/data/86521/000103220821000047/sre-20210930.htm"
  },
  {
    "date": "2021-06-30",
    "symbol": "SRE",
    "reportedCurrency": "USD",
    "cik": "0001032208",
    "fillingDate": "2021-08-05",
    "acceptedDate": "2021-08-05 15:16:25",
    "calendarYear": "2021",
    "period": "Q2",
    "revenue": 2883000000,
    "costOfRevenue": 2192000000,
    "grossProfit": 691000000,
    "grossProfitRatio": 0.239680888,
    "researchAndDevelopmentExpenses": 0,
    "generalAndAdministrativeExpenses": 0,
    "sellingAndMarketingExpenses": 0,
    "sellingGeneralAndAdministrativeExpenses": 138000000,
    "otherExpenses": 0,
    "operatingExpenses": 138000000,
    "costAndExpenses": 2330000000,
    "interestIncome": 15000000,
    "interestExpense": 260000000,
    "depreciationAndAmortization": 463000000,
    "ebitda": 1004000000,
    "ebitdaratio": 0.3482483524,
    "operatingIncome": 553000000,
    "operatingIncomeRatio": 0.1918140826,
    "totalOtherIncomeExpensesNet": 41000000,
    "incomeBeforeTax": 594000000,
    "incomeBeforeTaxRatio": 0.2060353798,
    "incomeTaxExpense": 139000000,
    "netIncome": 445000000,
    "netIncomeRatio": 0.1543531044,
    "eps": 0.6888,
    "epsdiluted": 0.687,
    "weightedAverageShsOut": 615600000,
    "weightedAverageShsOutDil": 617214000,
    "link": "https://www.sec.gov/Archives/edgar/data/1032208/000103220821000032/0001032208-21-000032-index.htm",
    "finalLink": "https://www.sec.gov/Archives/edgar/data/86521/000103220821000032/sre-20210630.htm"
  },
  {
    "date": "2021-03-31",
    "symbol": "SRE",
    "reportedCurrency": "USD",
    "cik": "0001032208",
    "fillingDate": "2021-05-05",
    "acceptedDate": "2021-05-05 15:35:16",
    "calendarYear": "2021",
    "period": "Q1",
    "revenue": 3308000000,
    "costOfRevenue": 2133000000,
    "grossProfit": 1175000000,
    "grossProfitRatio": 0.3551995163,
    "researchAndDevelopmentExpenses": 0,
    "generalAndAdministrativeExpenses": 0,
    "sellingAndMarketingExpenses": 0,
    "sellingGeneralAndAdministrativeExpenses": 153000000,
    "otherExpenses": 0,
    "operatingExpenses": 153000000,
    "costAndExpenses": 2286000000,
    "interestIncome": 19000000,
    "interestExpense": 258000000,
    "depreciationAndAmortization": 442000000,
    "ebitda": 1468000000,
    "ebitdaratio": 0.4437726723,
    "operatingIncome": 1022000000,
    "operatingIncomeRatio": 0.3089480048,
    "totalOtherIncomeExpensesNet": 64000000,
    "incomeBeforeTax": 1086000000,
    "incomeBeforeTaxRatio": 0.3282950423,
    "incomeTaxExpense": 158000000,
    "netIncome": 895000000,
    "netIncomeRatio": 0.2705562273,
    "eps": 1.4523,
    "epsdiluted": 1.4329,
    "weightedAverageShsOut": 601810000,
    "weightedAverageShsOutDil": 616916000,
    "link": "https://www.sec.gov/Archives/edgar/data/1032208/000103220821000016/0001032208-21-000016-index.htm",
    "finalLink": "https://www.sec.gov/Archives/edgar/data/86521/000103220821000016/sre-20210331.htm"
  },
  {
    "date": "2020-12-31",
    "symbol": "SRE",
    "reportedCurrency": "USD",
    "cik": "0001032208",
    "fillingDate": "2021-02-25",
    "acceptedDate": "2021-02-25 17:00:40",
    "calendarYear": "2020",
    "period": "Q4",
    "revenue": 3179000000,
    "costOfRevenue": 2332000000,
    "grossProfit": 847000000,
    "grossProfitRatio": 0.2664359862,
    "researchAndDevelopmentExpenses": 0,
    "generalAndAdministrativeExpenses": 0,
    "sellingAndMarketingExpenses": 0,
    "sellingGeneralAndAdministrativeExpenses": 146000000,
    "otherExpenses": 0,
    "operatingExpenses": 146000000,
    "costAndExpenses": 2478000000,
    "interestIncome": 20000000,
    "interestExpense": 260000000,
    "depreciationAndAmortization": 424000000,
    "ebitda": 1112000000,
    "ebitdaratio": 0.3497955332,
    "operatingIncome": 701000000,
    "operatingIncomeRatio": 0.2205095942,
    "totalOtherIncomeExpensesNet": -80000000,
    "incomeBeforeTax": 621000000,
    "incomeBeforeTaxRatio": 0.1953444479,
    "incomeTaxExpense": 189000000,
    "netIncome": 471000000,
    "netIncomeRatio": 0.1481597987,
    "eps": 0.7335,
    "epsdiluted": 0.7305,
    "weightedAverageShsOut": 578018000,
    "weightedAverageShsOutDil": 580432000,
    "link": "https://www.sec.gov/Archives/edgar/data/1032208/000103220821000007/0001032208-21-000007-index.htm",
    "finalLink": "https://www.sec.gov/Archives/edgar/data/86521/000103220821000007/sre-20201231.htm"
  },
  {
    "date": "2020-09-30",
    "symbol": "SRE",
    "reportedCurrency": "USD",
    "cik": "0001032208",
    "fillingDate": "2020-11-05",
    "acceptedDate": "2020-11-05 16:20:17",
    "calendarYear": "2020",
    "period": "Q3",
    "revenue": 2683000000,
    "costOfRevenue": 2136000000,
    "grossProfit": 547000000,
    "grossProfitRatio": 0.2038762579,
    "researchAndDevelopmentExpenses": 0,
    "generalAndAdministrativeExpenses": 0,
    "sellingAndMarketingExpenses": 0,
    "sellingGeneralAndAdministrativeExpenses": 139000000,
    "otherExpenses": 0,
    "operatingExpenses": 139000000,
    "costAndExpenses": 2275000000,
    "interestIncome": 27000000,
    "interestExpense": 261000000,
    "depreciationAndAmortization": 418000000,
    "ebitda": 880000000,
    "ebitdaratio": 0.3279910548,
    "operatingIncome": 408000000,
    "operatingIncomeRatio": 0.1520685799,
    "totalOtherIncomeExpensesNet": 119000000,
    "incomeBeforeTax": 527000000,
    "incomeBeforeTaxRatio": 0.1964219158,
    "incomeTaxExpense": 99000000,
    "netIncome": 399000000,
    "netIncomeRatio": 0.148714126,
    "eps": 0.6062,
    "epsdiluted": 0.604,
    "weightedAverageShsOut": 578980000,
    "weightedAverageShsOutDil": 581164000,
    "link": "https://www.sec.gov/Archives/edgar/data/1032208/000103220820000047/0001032208-20-000047-index.htm",
    "finalLink": "https://www.sec.gov/Archives/edgar/data/86521/000103220820000047/sre-20200930.htm"
  },
  {
    "date": "2020-06-30",
    "symbol": "SRE",
    "reportedCurrency": "USD",
    "cik": "0001032208",
    "fillingDate": "2020-08-05",
    "acceptedDate": "2020-08-05 15:04:30",
    "calendarYear": "2020",
    "period": "Q2",
    "revenue": 2513000000,
    "costOfRevenue": 1740000000,
    "grossProfit": 773000000,
    "grossProfitRatio": 0.3076004775,
    "researchAndDevelopmentExpenses": 0,
    "generalAndAdministrativeExpenses": 0,
    "sellingAndMarketingExpenses": 0,
    "sellingGeneralAndAdministrativeExpenses": 121000000,
    "otherExpenses": 0,
    "operatingExpenses": 121000000,
    "costAndExpenses": 1861000000,
    "interestIncome": 22000000,
    "interestExpense": 285000000,
    "depreciationAndAmortization": 412000000,
    "ebitda": 1160000000,
    "ebitdaratio": 0.4615996817,
    "operatingIncome": 652000000,
    "operatingIncomeRatio": 0.2594508556,
    "totalOtherIncomeExpensesNet": 44000000,
    "incomeBeforeTax": 696000000,
    "incomeBeforeTaxRatio": 0.276959809,
    "incomeTaxExpense": 168000000,
    "netIncome": 2277000000,
    "netIncomeRatio": 0.9060883406,
    "eps": 3.82,
    "epsdiluted": 3.8058,
    "weightedAverageShsOut": 586120000,
    "weightedAverageShsOutDil": 588310000,
    "link": "https://www.sec.gov/Archives/edgar/data/1032208/000103220820000039/0001032208-20-000039-index.htm",
    "finalLink": "https://www.sec.gov/Archives/edgar/data/86521/000103220820000039/sre20200630form10q.htm"
  },
  {
    "date": "2020-03-31",
    "symbol": "SRE",
    "reportedCurrency": "USD",
    "cik": "0001032208",
    "fillingDate": "2020-05-04",
    "acceptedDate": "2020-05-04 15:43:10",
    "calendarYear": "2020",
    "period": "Q1",
    "revenue": 2976000000,
    "costOfRevenue": 1994000000,
    "grossProfit": 982000000,
    "grossProfitRatio": 0.3299731183,
    "researchAndDevelopmentExpenses": 0,
    "generalAndAdministrativeExpenses": 0,
    "sellingAndMarketingExpenses": 0,
    "sellingGeneralAndAdministrativeExpenses": 137000000,
    "otherExpenses": 0,
    "operatingExpenses": 137000000,
    "costAndExpenses": 2131000000,
    "interestIncome": 27000000,
    "interestExpense": 282000000,
    "depreciationAndAmortization": 412000000,
    "ebitda": 1091000000,
    "ebitdaratio": 0.3665994624,
    "operatingIncome": 845000000,
    "operatingIncomeRatio": 0.283938172,
    "totalOtherIncomeExpensesNet": -185000000,
    "incomeBeforeTax": 660000000,
    "incomeBeforeTaxRatio": 0.2217741935,
    "incomeTaxExpense": -207000000,
    "netIncome": 796000000,
    "netIncomeRatio": 0.2674731183,
    "eps": 1.2979,
    "epsdiluted": 1.2105,
    "weightedAverageShsOut": 585580000,
    "weightedAverageShsOutDil": 627850000,
    "link": "https://www.sec.gov/Archives/edgar/data/1032208/000103220820000022/0001032208-20-000022-index.htm",
    "finalLink": "https://www.sec.gov/Archives/edgar/data/86521/000103220820000022/sre20200331form10q.htm"
  },
  {
    "date": "2019-12-31",
    "symbol": "SRE",
    "reportedCurrency": "USD",
    "cik": "0001032208",
    "fillingDate": "2020-02-27",
    "acceptedDate": "2020-02-27 15:32:05",
    "calendarYear": "2019",
    "period": "Q4",
    "revenue": 2940000000,
    "costOfRevenue": 1904000000,
    "grossProfit": 1036000000,
    "grossProfitRatio": 0.3523809524,
    "researchAndDevelopmentExpenses": 0,
    "generalAndAdministrativeExpenses": 0,
    "sellingAndMarketingExpenses": 0,
    "sellingGeneralAndAdministrativeExpenses": 127000000,
    "otherExpenses": 0,
    "operatingExpenses": 127000000,
    "costAndExpenses": 2031000000,
    "interestIncome": 23000000,
    "interestExpense": 279000000,
    "depreciationAndAmortization": 395000000,
    "ebitda": 1173000000,
    "ebitdaratio": 0.3989795918,
    "operatingIncome": 909000000,
    "operatingIncomeRatio": 0.3091836735,
    "totalOtherIncomeExpensesNet": -315000000,
    "incomeBeforeTax": 594000000,
    "incomeBeforeTaxRatio": 0.2020408163,
    "incomeTaxExpense": 165000000,
    "netIncome": 482000000,
    "netIncomeRatio": 0.1639455782,
    "eps": 0.7852,
    "epsdiluted": 0.7739,
    "weightedAverageShsOut": 569298000,
    "weightedAverageShsOutDil": 577574000,
    "link": "https://www.sec.gov/Archives/edgar/data/1032208/000103220820000006/0001032208-20-000006-index.htm",
    "finalLink": "https://www.sec.gov/Archives/edgar/data/86521/000103220820000006/sre20191231form10k.htm"
  },
  {
    "date": "2019-09-30",
    "symbol": "SRE",
    "reportedCurrency": "USD",
    "cik": "0001032208",
    "fillingDate": "2019-11-01",
    "acceptedDate": "2019-11-01 14:57:49",
    "calendarYear": "2019",
    "period": "Q3",
    "revenue": 2758000000,
    "costOfRevenue": 1891000000,
    "grossProfit": 867000000,
    "grossProfitRatio": 0.3143582306,
    "researchAndDevelopmentExpenses": 0,
    "generalAndAdministrativeExpenses": 0,
    "sellingAndMarketingExpenses": 0,
    "sellingGeneralAndAdministrativeExpenses": 127000000,
    "otherExpenses": 0,
    "operatingExpenses": 127000000,
    "costAndExpenses": 2018000000,
    "interestIncome": 22000000,
    "interestExpense": 278000000,
    "depreciationAndAmortization": 402000000,
    "ebitda": 1128000000,
    "ebitdaratio": 0.4089920232,
    "operatingIncome": 740000000,
    "operatingIncomeRatio": 0.2683103698,
    "totalOtherIncomeExpensesNet": -26000000,
    "incomeBeforeTax": 714000000,
    "incomeBeforeTaxRatio": 0.2588832487,
    "incomeTaxExpense": 61000000,
    "netIncome": 849000000,
    "netIncomeRatio": 0.3078317621,
    "eps": 1.4656,
    "epsdiluted": 1.3743,
    "weightedAverageShsOut": 554720000,
    "weightedAverageShsOutDil": 591578000,
    "link": "https://www.sec.gov/Archives/edgar/data/1032208/000103220819000035/0001032208-19-000035-index.htm",
    "finalLink": "https://www.sec.gov/Archives/edgar/data/86521/000103220819000035/sre20190930form10q.htm"
  },
  {
    "date": "2019-06-30",
    "symbol": "SRE",
    "reportedCurrency": "USD",
    "cik": "0001032208",
    "fillingDate": "2019-08-02",
    "acceptedDate": "2019-08-02 14:36:27",
    "calendarYear": "2019",
    "period": "Q2",
    "revenue": 2213000000,
    "costOfRevenue": 1662000000,
    "grossProfit": 551000000,
    "grossProfitRatio": 0.2489832806,
    "researchAndDevelopmentExpenses": 0,
    "generalAndAdministrativeExpenses": 0,
    "sellingAndMarketingExpenses": 0,
    "sellingGeneralAndAdministrativeExpenses": 112000000,
    "otherExpenses": 0,
    "operatingExpenses": 112000000,
    "costAndExpenses": 1774000000,
    "interestIncome": 21000000,
    "interestExpense": 258000000,
    "depreciationAndAmortization": 389000000,
    "ebitda": 933000000,
    "ebitdaratio": 0.4215996385,
    "operatingIncome": 439000000,
    "operatingIncomeRatio": 0.198373249,
    "totalOtherIncomeExpensesNet": -35000000,
    "incomeBeforeTax": 404000000,
    "incomeBeforeTaxRatio": 0.1825576141,
    "incomeTaxExpense": 47000000,
    "netIncome": 390000000,
    "netIncomeRatio": 0.1762313601,
    "eps": 0.6437,
    "epsdiluted": 0.633,
    "weightedAverageShsOut": 549974000,
    "weightedAverageShsOutDil": 559238000,
    "link": "https://www.sec.gov/Archives/edgar/data/1032208/000103220819000016/0001032208-19-000016-index.htm",
    "finalLink": "https://www.sec.gov/Archives/edgar/data/86521/000103220819000016/sre20190630form10q.htm"
  },
  {
    "date": "2019-03-31",
    "symbol": "SRE",
    "reportedCurrency": "USD",
    "cik": "0001032208",
    "fillingDate": "2019-05-07",
    "acceptedDate": "2019-05-07 14:09:16",
    "calendarYear": "2019",
    "period": "Q1",
    "revenue": 2899000000,
    "costOfRevenue": 2114000000,
    "grossProfit": 785000000,
    "grossProfitRatio": 0.2707830286,
    "researchAndDevelopmentExpenses": 0,
    "generalAndAdministrativeExpenses": 0,
    "sellingAndMarketingExpenses": 0,
    "sellingGeneralAndAdministrativeExpenses": 130000000,
    "otherExpenses": 0,
    "operatingExpenses": 130000000,
    "costAndExpenses": 2244000000,
    "interestIncome": 21000000,
    "interestExpense": 259000000,
    "depreciationAndAmortization": 383000000,
    "ebitda": 1143000000,
    "ebitdaratio": 0.3942738875,
    "operatingIncome": 655000000,
    "operatingIncomeRatio": 0.2259399793,
    "totalOtherIncomeExpensesNet": -53000000,
    "incomeBeforeTax": 602000000,
    "incomeBeforeTaxRatio": 0.207657813,
    "incomeTaxExpense": 42000000,
    "netIncome": 477000000,
    "netIncomeRatio": 0.1645394964,
    "eps": 0.8028,
    "epsdiluted": 0.7954,
    "weightedAverageShsOut": 549348000,
    "weightedAverageShsOutDil": 554456000,
    "link": "https://www.sec.gov/Archives/edgar/data/1032208/000008652119000035/0000086521-19-000035-index.htm",
    "finalLink": "https://www.sec.gov/Archives/edgar/data/86521/000008652119000035/sre20190331form10q.htm"
  },
  {
    "date": "2018-12-31",
    "symbol": "SRE",
    "reportedCurrency": "USD",
    "cik": "0001032208",
    "fillingDate": "2019-02-26",
    "acceptedDate": "2019-02-26 16:50:28",
    "calendarYear": "2018",
    "period": "Q4",
    "revenue": 2800000000,
    "costOfRevenue": 2311000000,
    "grossProfit": 489000000,
    "grossProfitRatio": 0.1746428571,
    "researchAndDevelopmentExpenses": 0,
    "generalAndAdministrativeExpenses": 0,
    "sellingAndMarketingExpenses": 0,
    "sellingGeneralAndAdministrativeExpenses": 120000000,
    "otherExpenses": 0,
    "operatingExpenses": 120000000,
    "costAndExpenses": 2431000000,
    "interestIncome": 19000000,
    "interestExpense": 230000000,
    "depreciationAndAmortization": 376000000,
    "ebitda": 1565000000,
    "ebitdaratio": 0.5589285714,
    "operatingIncome": 369000000,
    "operatingIncomeRatio": 0.1317857143,
    "totalOtherIncomeExpensesNet": 716000000,
    "incomeBeforeTax": 1085000000,
    "incomeBeforeTaxRatio": 0.3875,
    "incomeTaxExpense": 172000000,
    "netIncome": 900000000,
    "netIncomeRatio": 0.3214285714,
    "eps": 1.5747,
    "epsdiluted": 1.4574,
    "weightedAverageShsOut": 548662000,
    "weightedAverageShsOutDil": 592858000,
    "link": "https://www.sec.gov/Archives/edgar/data/1032208/000008652119000014/0000086521-19-000014-index.htm",
    "finalLink": "https://www.sec.gov/Archives/edgar/data/86521/000008652119000014/sre20181231form10k.htm"
  },
  {
    "date": "2018-09-30",
    "symbol": "SRE",
    "reportedCurrency": "USD",
    "cik": "0001032208",
    "fillingDate": "2018-11-07",
    "acceptedDate": "2018-11-07 13:58:56",
    "calendarYear": "2018",
    "period": "Q3",
    "revenue": 2556000000,
    "costOfRevenue": 2040000000,
    "grossProfit": 516000000,
    "grossProfitRatio": 0.2018779343,
    "researchAndDevelopmentExpenses": 0,
    "generalAndAdministrativeExpenses": 0,
    "sellingAndMarketingExpenses": 0,
    "sellingGeneralAndAdministrativeExpenses": 131000000,
    "otherExpenses": 0,
    "operatingExpenses": 131000000,
    "costAndExpenses": 2171000000,
    "interestIncome": 19000000,
    "interestExpense": 222000000,
    "depreciationAndAmortization": 366000000,
    "ebitda": 933000000,
    "ebitdaratio": 0.3650234742,
    "operatingIncome": 385000000,
    "operatingIncomeRatio": 0.1506259781,
    "totalOtherIncomeExpensesNet": 34000000,
    "incomeBeforeTax": 419000000,
    "incomeBeforeTaxRatio": 0.1639280125,
    "incomeTaxExpense": 139000000,
    "netIncome": 310000000,
    "netIncomeRatio": 0.1212832551,
    "eps": 0.5001,
    "epsdiluted": 0.4966,
    "weightedAverageShsOut": 547888000,
    "weightedAverageShsOutDil": 551814000,
    "link": "https://www.sec.gov/Archives/edgar/data/1032208/000008652118000091/0000086521-18-000091-index.htm",
    "finalLink": "https://www.sec.gov/Archives/edgar/data/86521/000008652118000091/sre20180930form10q.htm"
  },
  {
    "date": "2018-06-30",
    "symbol": "SRE",
    "reportedCurrency": "USD",
    "cik": "0001032208",
    "fillingDate": "2018-08-06",
    "acceptedDate": "2018-08-06 14:53:10",
    "calendarYear": "2018",
    "period": "Q2",
    "revenue": 2174000000,
    "costOfRevenue": 1694000000,
    "grossProfit": 480000000,
    "grossProfitRatio": 0.2207911684,
    "researchAndDevelopmentExpenses": 0,
    "generalAndAdministrativeExpenses": 0,
    "sellingAndMarketingExpenses": 0,
    "sellingGeneralAndAdministrativeExpenses": 104000000,
    "otherExpenses": 0,
    "operatingExpenses": 104000000,
    "costAndExpenses": 1798000000,
    "interestIncome": 18000000,
    "interestExpense": 227000000,
    "depreciationAndAmortization": 377000000,
    "ebitda": -579000000,
    "ebitdaratio": -0.2663293468,
    "operatingIncome": 376000000,
    "operatingIncomeRatio": 0.1729530819,
    "totalOtherIncomeExpensesNet": -1563000000,
    "incomeBeforeTax": -1187000000,
    "incomeBeforeTaxRatio": -0.5459981601,
    "incomeTaxExpense": -602000000,
    "netIncome": -535000000,
    "netIncomeRatio": -0.2460901564,
    "eps": -1.0552,
    "epsdiluted": -1.0552,
    "weightedAverageShsOut": 531674000,
    "weightedAverageShsOutDil": 531674000,
    "link": "https://www.sec.gov/Archives/edgar/data/1032208/000008652118000059/0000086521-18-000059-index.htm",
    "finalLink": "https://www.sec.gov/Archives/edgar/data/86521/000008652118000059/sre20180630form10q.htm"
  },
  {
    "date": "2018-03-31",
    "symbol": "SRE",
    "reportedCurrency": "USD",
    "cik": "0001032208",
    "fillingDate": "2018-05-07",
    "acceptedDate": "2018-05-07 13:53:41",
    "calendarYear": "2018",
    "period": "Q1",
    "revenue": 2545000000,
    "costOfRevenue": 1804000000,
    "grossProfit": 741000000,
    "grossProfitRatio": 0.2911591356,
    "researchAndDevelopmentExpenses": 0,
    "generalAndAdministrativeExpenses": 0,
    "sellingAndMarketingExpenses": 0,
    "sellingGeneralAndAdministrativeExpenses": 117000000,
    "otherExpenses": 0,
    "operatingExpenses": 117000000,
    "costAndExpenses": 1921000000,
    "interestIncome": 29000000,
    "interestExpense": 208000000,
    "depreciationAndAmortization": 372000000,
    "ebitda": 1173000000,
    "ebitdaratio": 0.4609037328,
    "operatingIncome": 624000000,
    "operatingIncomeRatio": 0.2451866405,
    "totalOtherIncomeExpensesNet": -52000000,
    "incomeBeforeTax": 572000000,
    "incomeBeforeTaxRatio": 0.2247544204,
    "incomeTaxExpense": 242000000,
    "netIncome": 375000000,
    "netIncomeRatio": 0.1473477407,
    "eps": 0.6727,
    "epsdiluted": 0.6686,
    "weightedAverageShsOut": 515864000,
    "weightedAverageShsOutDil": 518980000,
    "link": "https://www.sec.gov/Archives/edgar/data/1032208/000008652118000041/0000086521-18-000041-index.htm",
    "finalLink": "https://www.sec.gov/Archives/edgar/data/86521/000008652118000041/sre20180331form10q.htm"
  },
  {
    "date": "2017-12-31",
    "symbol": "SRE",
    "reportedCurrency": "USD",
    "cik": "0001032208",
    "fillingDate": "2018-02-27",
    "acceptedDate": "2018-02-27 15:55:44",
    "calendarYear": "2017",
    "period": "Q4",
    "revenue": 2990000000,
    "costOfRevenue": 2240000000,
    "grossProfit": 750000000,
    "grossProfitRatio": 0.2508361204,
    "researchAndDevelopmentExpenses": 0,
    "generalAndAdministrativeExpenses": 0,
    "sellingAndMarketingExpenses": 0,
    "sellingGeneralAndAdministrativeExpenses": 111000000,
    "otherExpenses": 0,
    "operatingExpenses": 111000000,
    "costAndExpenses": 2351000000,
    "interestIncome": 20000000,
    "interestExpense": 166000000,
    "depreciationAndAmortization": 384000000,
    "ebitda": 947000000,
    "ebitdaratio": 0.316722408,
    "operatingIncome": 639000000,
    "operatingIncomeRatio": 0.2137123746,
    "totalOtherIncomeExpensesNet": -192000000,
    "incomeBeforeTax": 447000000,
    "incomeBeforeTaxRatio": 0.1494983278,
    "incomeTaxExpense": 898000000,
    "netIncome": -501000000,
    "netIncomeRatio": -0.1675585284,
    "eps": -0.995,
    "epsdiluted": -0.995,
    "weightedAverageShsOut": 503804000,
    "weightedAverageShsOutDil": 503804000,
    "link": "https://www.sec.gov/Archives/edgar/data/1032208/000008652118000019/0000086521-18-000019-index.htm",
    "finalLink": "https://www.sec.gov/Archives/edgar/data/86521/000008652118000019/sreform10k.htm"
  },
  {
    "date": "2017-09-30",
    "symbol": "SRE",
    "reportedCurrency": "USD",
    "cik": "0001032208",
    "fillingDate": "2017-10-30",
    "acceptedDate": "2017-10-30 14:21:55",
    "calendarYear": "2017",
    "period": "Q3",
    "revenue": 2676000000,
    "costOfRevenue": 2156000000,
    "grossProfit": 520000000,
    "grossProfitRatio": 0.1943198804,
    "researchAndDevelopmentExpenses": 0,
    "generalAndAdministrativeExpenses": 0,
    "sellingAndMarketingExpenses": 0,
    "sellingGeneralAndAdministrativeExpenses": 114000000,
    "otherExpenses": 0,
    "operatingExpenses": 114000000,
    "costAndExpenses": 2270000000,
    "interestIncome": 12000000,
    "interestExpense": 165000000,
    "depreciationAndAmortization": 378000000,
    "ebitda": 558000000,
    "ebitdaratio": 0.2085201794,
    "operatingIncome": 406000000,
    "operatingIncomeRatio": 0.1517189836,
    "totalOtherIncomeExpensesNet": -388000000,
    "incomeBeforeTax": 18000000,
    "incomeBeforeTaxRatio": 0.0067264574,
    "incomeTaxExpense": -84000000,
    "netIncome": 57000000,
    "netIncomeRatio": 0.0213004484,
    "eps": 0.115,
    "epsdiluted": 0.11,
    "weightedAverageShsOut": 503384000,
    "weightedAverageShsOutDil": 506728000,
    "link": "https://www.sec.gov/Archives/edgar/data/1032208/000008652117000081/0000086521-17-000081-index.htm",
    "finalLink": "https://www.sec.gov/Archives/edgar/data/86521/000008652117000081/sre20170930form10q.htm"
  },
  {
    "date": "2017-06-30",
    "symbol": "SRE",
    "reportedCurrency": "USD",
    "cik": "0001032208",
    "fillingDate": "2017-08-04",
    "acceptedDate": "2017-08-04 14:44:41",
    "calendarYear": "2017",
    "period": "Q2",
    "revenue": 2530000000,
    "costOfRevenue": 1927000000,
    "grossProfit": 603000000,
    "grossProfitRatio": 0.2383399209,
    "researchAndDevelopmentExpenses": 0,
    "generalAndAdministrativeExpenses": 0,
    "sellingAndMarketingExpenses": 0,
    "sellingGeneralAndAdministrativeExpenses": 84000000,
    "otherExpenses": 0,
    "operatingExpenses": 84000000,
    "costAndExpenses": 2011000000,
    "interestIncome": 8000000,
    "interestExpense": 159000000,
    "depreciationAndAmortization": 368000000,
    "ebitda": 924000000,
    "ebitdaratio": 0.3652173913,
    "operatingIncome": 519000000,
    "operatingIncomeRatio": 0.2051383399,
    "totalOtherIncomeExpensesNet": -104000000,
    "incomeBeforeTax": 415000000,
    "incomeBeforeTaxRatio": 0.1640316206,
    "incomeTaxExpense": 167000000,
    "netIncome": 260000000,
    "netIncomeRatio": 0.1027667984,
    "eps": 0.515,
    "epsdiluted": 0.5122,
    "weightedAverageShsOut": 502894000,
    "weightedAverageShsOutDil": 505644000,
    "link": "https://www.sec.gov/Archives/edgar/data/1032208/000008652117000058/0000086521-17-000058-index.htm",
    "finalLink": "https://www.sec.gov/Archives/edgar/data/86521/000008652117000058/sre20170630form10q.htm"
  },
  {
    "date": "2017-03-31",
    "symbol": "SRE",
    "reportedCurrency": "USD",
    "cik": "0001032208",
    "fillingDate": "2017-05-09",
    "acceptedDate": "2017-05-09 13:53:43",
    "calendarYear": "2017",
    "period": "Q1",
    "revenue": 3026000000,
    "costOfRevenue": 2145000000,
    "grossProfit": 881000000,
    "grossProfitRatio": 0.2911434237,
    "researchAndDevelopmentExpenses": 0,
    "generalAndAdministrativeExpenses": 0,
    "sellingAndMarketingExpenses": 0,
    "sellingGeneralAndAdministrativeExpenses": 110000000,
    "otherExpenses": 0,
    "operatingExpenses": 110000000,
    "costAndExpenses": 2255000000,
    "interestIncome": 6000000,
    "interestExpense": 169000000,
    "depreciationAndAmortization": 360000000,
    "ebitda": 1284000000,
    "ebitdaratio": 0.424322538,
    "operatingIncome": 771000000,
    "operatingIncomeRatio": 0.2547918044,
    "totalOtherIncomeExpensesNet": -16000000,
    "incomeBeforeTax": 755000000,
    "incomeBeforeTaxRatio": 0.2495042961,
    "incomeTaxExpense": 295000000,
    "netIncome": 441000000,
    "netIncomeRatio": 0.1457369465,
    "eps": 0.88,
    "epsdiluted": 0.875,
    "weightedAverageShsOut": 502262000,
    "weightedAverageShsOutDil": 504492000,
    "link": "https://www.sec.gov/Archives/edgar/data/1032208/000008652117000033/0000086521-17-000033-index.htm",
    "finalLink": "https://www.sec.gov/Archives/edgar/data/86521/000008652117000033/sre20170331form10q.htm"
  },
  {
    "date": "2016-12-31",
    "symbol": "SRE",
    "reportedCurrency": "USD",
    "cik": "0001032208",
    "fillingDate": "2017-02-28",
    "acceptedDate": "2017-02-28 15:12:24",
    "calendarYear": "2016",
    "period": "Q4",
    "revenue": 2863000000,
    "costOfRevenue": 2204000000,
    "grossProfit": 659000000,
    "grossProfitRatio": 0.2301781348,
    "researchAndDevelopmentExpenses": 0,
    "generalAndAdministrativeExpenses": 0,
    "sellingAndMarketingExpenses": 0,
    "sellingGeneralAndAdministrativeExpenses": 111000000,
    "otherExpenses": 0,
    "operatingExpenses": 111000000,
    "costAndExpenses": 2315000000,
    "interestIncome": 7000000,
    "interestExpense": 126000000,
    "depreciationAndAmortization": 342000000,
    "ebitda": 973000000,
    "ebitdaratio": 0.3398533007,
    "operatingIncome": 548000000,
    "operatingIncomeRatio": 0.1914076144,
    "totalOtherIncomeExpensesNet": -43000000,
    "incomeBeforeTax": 505000000,
    "incomeBeforeTaxRatio": 0.1763884038,
    "incomeTaxExpense": 105000000,
    "netIncome": 379000000,
    "netIncomeRatio": 0.1323786238,
    "eps": 0.755,
    "epsdiluted": 0.755,
    "weightedAverageShsOut": 501290000,
    "weightedAverageShsOutDil": 503222000,
    "link": "https://www.sec.gov/Archives/edgar/data/1032208/000008652117000017/0000086521-17-000017-index.htm",
    "finalLink": "https://www.sec.gov/Archives/edgar/data/86521/000008652117000017/sre20161231form10k.htm"
  },
  {
    "date": "2016-09-30",
    "symbol": "SRE",
    "reportedCurrency": "USD",
    "cik": "0001032208",
    "fillingDate": "2016-11-02",
    "acceptedDate": "2016-11-02 13:11:31",
    "calendarYear": "2016",
    "period": "Q3",
    "revenue": 2532000000,
    "costOfRevenue": 1852000000,
    "grossProfit": 680000000,
    "grossProfitRatio": 0.2685624013,
    "researchAndDevelopmentExpenses": 0,
    "generalAndAdministrativeExpenses": 0,
    "sellingAndMarketingExpenses": 0,
    "sellingGeneralAndAdministrativeExpenses": 107000000,
    "otherExpenses": 0,
    "operatingExpenses": 107000000,
    "costAndExpenses": 1959000000,
    "interestIncome": 7000000,
    "interestExpense": 132000000,
    "depreciationAndAmortization": 328000000,
    "ebitda": 1442000000,
    "ebitdaratio": 0.5695102686,
    "operatingIncome": 573000000,
    "operatingIncomeRatio": 0.2263033175,
    "totalOtherIncomeExpensesNet": 409000000,
    "incomeBeforeTax": 982000000,
    "incomeBeforeTaxRatio": 0.387835703,
    "incomeTaxExpense": 282000000,
    "netIncome": 622000000,
    "netIncomeRatio": 0.2456556082,
    "eps": 1.24,
    "epsdiluted": 1.23,
    "weightedAverageShsOut": 500772000,
    "weightedAverageShsOutDil": 504810000,
    "link": "https://www.sec.gov/Archives/edgar/data/1032208/000008652116000145/0000086521-16-000145-index.htm",
    "finalLink": "https://www.sec.gov/Archives/edgar/data/86521/000008652116000145/sre20160930form10q.htm"
  },
  {
    "date": "2016-06-30",
    "symbol": "SRE",
    "reportedCurrency": "USD",
    "cik": "0001032208",
    "fillingDate": "2016-08-04",
    "acceptedDate": "2016-08-04 14:50:57",
    "calendarYear": "2016",
    "period": "Q2",
    "revenue": 2156000000,
    "costOfRevenue": 1759000000,
    "grossProfit": 397000000,
    "grossProfitRatio": 0.1841372913,
    "researchAndDevelopmentExpenses": 0,
    "generalAndAdministrativeExpenses": 0,
    "sellingAndMarketingExpenses": 0,
    "sellingGeneralAndAdministrativeExpenses": -8000000,
    "otherExpenses": 418000000,
    "operatingExpenses": 410000000,
    "costAndExpenses": 1834000000,
    "interestIncome": 6000000,
    "interestExpense": 142000000,
    "depreciationAndAmortization": 314000000,
    "ebitda": 322000000,
    "ebitdaratio": 0.1493506494,
    "operatingIncome": 8000000,
    "operatingIncomeRatio": 0.0037105751,
    "totalOtherIncomeExpensesNet": -88000000,
    "incomeBeforeTax": -80000000,
    "incomeBeforeTaxRatio": -0.0371057514,
    "incomeTaxExpense": -106000000,
    "netIncome": 16000000,
    "netIncomeRatio": 0.0074211503,
    "eps": 0.03,
    "epsdiluted": 0.03,
    "weightedAverageShsOut": 500192000,
    "weightedAverageShsOutDil": 504072000,
    "link": "https://www.sec.gov/Archives/edgar/data/1032208/000008652116000123/0000086521-16-000123-index.htm",
    "finalLink": "https://www.sec.gov/Archives/edgar/data/86521/000008652116000123/sre10q06302016.htm"
  },
  {
    "date": "2016-03-31",
    "symbol": "SRE",
    "reportedCurrency": "USD",
    "cik": "0001032208",
    "fillingDate": "2016-05-04",
    "acceptedDate": "2016-05-04 14:25:11",
    "calendarYear": "2016",
    "period": "Q1",
    "revenue": 2622000000,
    "costOfRevenue": 1618000000,
    "grossProfit": 1004000000,
    "grossProfitRatio": 0.3829138063,
    "researchAndDevelopmentExpenses": 0,
    "generalAndAdministrativeExpenses": 0,
    "sellingAndMarketingExpenses": 0,
    "sellingGeneralAndAdministrativeExpenses": 0,
    "otherExpenses": 439000000,
    "operatingExpenses": 439000000,
    "costAndExpenses": 1729000000,
    "interestIncome": 6000000,
    "interestExpense": 143000000,
    "depreciationAndAmortization": 328000000,
    "ebitda": 893000000,
    "ebitdaratio": 0.3405797101,
    "operatingIncome": 565000000,
    "operatingIncomeRatio": 0.2154843631,
    "totalOtherIncomeExpensesNet": -110000000,
    "incomeBeforeTax": 455000000,
    "incomeBeforeTaxRatio": 0.1735316552,
    "incomeTaxExpense": 108000000,
    "netIncome": 353000000,
    "netIncomeRatio": 0.1346300534,
    "eps": 0.71,
    "epsdiluted": 0.7,
    "weightedAverageShsOut": 499468000,
    "weightedAverageShsOutDil": 504285714,
    "link": "https://www.sec.gov/Archives/edgar/data/1032208/000008652116000100/0000086521-16-000100-index.htm",
    "finalLink": "https://www.sec.gov/Archives/edgar/data/86521/000008652116000100/sre10q03312016.htm"
  },
  {
    "date": "2015-12-31",
    "symbol": "SRE",
    "reportedCurrency": "USD",
    "cik": "0001032208",
    "fillingDate": "2016-02-26",
    "acceptedDate": "2016-02-26 13:38:18",
    "calendarYear": "2015",
    "period": "Q4",
    "revenue": 2701000000,
    "costOfRevenue": 1788000000,
    "grossProfit": 913000000,
    "grossProfitRatio": 0.3380229545,
    "researchAndDevelopmentExpenses": 0,
    "generalAndAdministrativeExpenses": 0,
    "sellingAndMarketingExpenses": 0,
    "sellingGeneralAndAdministrativeExpenses": 78000000,
    "otherExpenses": 929000000,
    "operatingExpenses": 434000000,
    "costAndExpenses": 2701000000,
    "interestIncome": 6000000,
    "interestExpense": 145000000,
    "depreciationAndAmortization": 325000000,
    "ebitda": 835000000,
    "ebitdaratio": 0.3091447612,
    "operatingIncome": 495000000,
    "operatingIncomeRatio": 0.1832654572,
    "totalOtherIncomeExpensesNet": -63000000,
    "incomeBeforeTax": 432000000,
    "incomeBeforeTaxRatio": 0.1599407627,
    "incomeTaxExpense": 65000000,
    "netIncome": 369000000,
    "netIncomeRatio": 0.1366160681,
    "eps": 0.74,
    "epsdiluted": 0.74,
    "weightedAverageShsOut": 502900000,
    "weightedAverageShsOutDil": 502900000,
    "link": "https://www.sec.gov/Archives/edgar/data/1032208/000008652116000091/0000086521-16-000091-index.htm",
    "finalLink": "https://www.sec.gov/Archives/edgar/data/86521/000008652116000091/sre10k_12312015.htm"
  },
  {
    "date": "2015-09-30",
    "symbol": "SRE",
    "reportedCurrency": "USD",
    "cik": "0001032208",
    "fillingDate": "2015-11-03",
    "acceptedDate": "2015-11-03 15:23:25",
    "calendarYear": "2015",
    "period": "Q3",
    "revenue": 2481000000,
    "costOfRevenue": 1693000000,
    "grossProfit": 788000000,
    "grossProfitRatio": 0.3176138654,
    "researchAndDevelopmentExpenses": 0,
    "generalAndAdministrativeExpenses": 0,
    "sellingAndMarketingExpenses": 0,
    "sellingGeneralAndAdministrativeExpenses": -362000000,
    "otherExpenses": 788000000,
    "operatingExpenses": 426000000,
    "costAndExpenses": 1803000000,
    "interestIncome": 6000000,
    "interestExpense": 143000000,
    "depreciationAndAmortization": 315000000,
    "ebitda": 678000000,
    "ebitdaratio": 0.2732769045,
    "operatingIncome": 678000000,
    "operatingIncomeRatio": 0.2732769045,
    "totalOtherIncomeExpensesNet": -408000000,
    "incomeBeforeTax": 270000000,
    "incomeBeforeTaxRatio": 0.1088270859,
    "incomeTaxExpense": 15000000,
    "netIncome": 248000000,
    "netIncomeRatio": 0.0999596937,
    "eps": 0.5,
    "epsdiluted": 0.5,
    "weightedAverageShsOut": 496864000,
    "weightedAverageShsOutDil": 502048000,
    "link": "https://www.sec.gov/Archives/edgar/data/1032208/000008652115000067/0000086521-15-000067-index.htm",
    "finalLink": "https://www.sec.gov/Archives/edgar/data/86521/000008652115000067/sre10q09302015.htm"
  },
  {
    "date": "2015-06-30",
    "symbol": "SRE",
    "reportedCurrency": "USD",
    "cik": "0001032208",
    "fillingDate": "2015-08-04",
    "acceptedDate": "2015-08-04 16:41:57",
    "calendarYear": "2015",
    "period": "Q2",
    "revenue": 2367000000,
    "costOfRevenue": 1565000000,
    "grossProfit": 802000000,
    "grossProfitRatio": 0.3388255175,
    "researchAndDevelopmentExpenses": 0,
    "generalAndAdministrativeExpenses": 0,
    "sellingAndMarketingExpenses": 0,
    "sellingGeneralAndAdministrativeExpenses": -399000000,
    "otherExpenses": 802000000,
    "operatingExpenses": 403000000,
    "costAndExpenses": 1667000000,
    "interestIncome": 10000000,
    "interestExpense": 139000000,
    "depreciationAndAmortization": 307000000,
    "ebitda": 700000000,
    "ebitdaratio": 0.2957329954,
    "operatingIncome": 700000000,
    "operatingIncomeRatio": 0.2957329954,
    "totalOtherIncomeExpensesNet": -304000000,
    "incomeBeforeTax": 396000000,
    "incomeBeforeTaxRatio": 0.1673003802,
    "incomeTaxExpense": 98000000,
    "netIncome": 295000000,
    "netIncomeRatio": 0.1246303338,
    "eps": 0.59,
    "epsdiluted": 0.59,
    "weightedAverageShsOut": 496216000,
    "weightedAverageShsOutDil": 502982000,
    "link": "https://www.sec.gov/Archives/edgar/data/1032208/000008652115000046/0000086521-15-000046-index.htm",
    "finalLink": "https://www.sec.gov/Archives/edgar/data/86521/000008652115000046/sre10q06302015.htm"
  },
  {
    "date": "2015-03-31",
    "symbol": "SRE",
    "reportedCurrency": "USD",
    "cik": "0001032208",
    "fillingDate": "2015-05-05",
    "acceptedDate": "2015-05-05 14:45:33",
    "calendarYear": "2015",
    "period": "Q1",
    "revenue": 2682000000,
    "costOfRevenue": 1618000000,
    "grossProfit": 1064000000,
    "grossProfitRatio": 0.3967188665,
    "researchAndDevelopmentExpenses": 0,
    "generalAndAdministrativeExpenses": 0,
    "sellingAndMarketingExpenses": 0,
    "sellingGeneralAndAdministrativeExpenses": 0,
    "otherExpenses": 410000000,
    "operatingExpenses": 410000000,
    "costAndExpenses": 1725000000,
    "interestIncome": 7000000,
    "interestExpense": 134000000,
    "depreciationAndAmortization": 303000000,
    "ebitda": 957000000,
    "ebitdaratio": 0.3568232662,
    "operatingIncome": 654000000,
    "operatingIncomeRatio": 0.2438478747,
    "totalOtherIncomeExpensesNet": -48000000,
    "incomeBeforeTax": 606000000,
    "incomeBeforeTaxRatio": 0.225950783,
    "incomeTaxExpense": 163000000,
    "netIncome": 437000000,
    "netIncomeRatio": 0.1629381059,
    "eps": 0.88,
    "epsdiluted": 0.87,
    "weightedAverageShsOut": 495444000,
    "weightedAverageShsOutDil": 502412000,
    "link": "https://www.sec.gov/Archives/edgar/data/1032208/000008652115000024/0000086521-15-000024-index.htm",
    "finalLink": "https://www.sec.gov/Archives/edgar/data/86521/000008652115000024/sre03312015q.htm"
  },
  {
    "date": "2014-12-31",
    "symbol": "SRE",
    "reportedCurrency": "USD",
    "cik": "0001032208",
    "fillingDate": "2015-02-26",
    "acceptedDate": "2015-02-26 16:15:40",
    "calendarYear": "2014",
    "period": "Q4",
    "revenue": 2747000000,
    "costOfRevenue": 1969000000,
    "grossProfit": 778000000,
    "grossProfitRatio": 0.2832180561,
    "researchAndDevelopmentExpenses": 0,
    "generalAndAdministrativeExpenses": 0,
    "sellingAndMarketingExpenses": 0,
    "sellingGeneralAndAdministrativeExpenses": 78000000,
    "otherExpenses": 807000000,
    "operatingExpenses": 807000000,
    "costAndExpenses": 2047000000,
    "interestIncome": 7000000,
    "interestExpense": 136000000,
    "depreciationAndAmortization": 290000000,
    "ebitda": 700000000,
    "ebitdaratio": 0.2548234438,
    "operatingIncome": 410000000,
    "operatingIncomeRatio": 0.1492537313,
    "totalOtherIncomeExpensesNet": -96000000,
    "incomeBeforeTax": 314000000,
    "incomeBeforeTaxRatio": 0.1143065162,
    "incomeTaxExpense": 9000000,
    "netIncome": 297000000,
    "netIncomeRatio": 0.1081179469,
    "eps": 0.61,
    "epsdiluted": 0.59,
    "weightedAverageShsOut": 502542322,
    "weightedAverageShsOutDil": 502666000,
    "link": "https://www.sec.gov/Archives/edgar/data/1032208/000008652115000011/0000086521-15-000011-index.htm",
    "finalLink": "https://www.sec.gov/Archives/edgar/data/86521/000008652115000011/sre10k02262015.htm"
  },
  {
    "date": "2014-09-30",
    "symbol": "SRE",
    "reportedCurrency": "USD",
    "cik": "0001032208",
    "fillingDate": "2014-11-04",
    "acceptedDate": "2014-11-04 14:46:11",
    "calendarYear": "2014",
    "period": "Q3",
    "revenue": 2815000000,
    "costOfRevenue": 1904000000,
    "grossProfit": 911000000,
    "grossProfitRatio": 0.3236234458,
    "researchAndDevelopmentExpenses": 0,
    "generalAndAdministrativeExpenses": 0,
    "sellingAndMarketingExpenses": 0,
    "sellingGeneralAndAdministrativeExpenses": 0,
    "otherExpenses": 396000000,
    "operatingExpenses": 396000000,
    "costAndExpenses": 2008000000,
    "interestIncome": 6000000,
    "interestExpense": 144000000,
    "depreciationAndAmortization": 292000000,
    "ebitda": 807000000,
    "ebitdaratio": 0.286678508,
    "operatingIncome": 515000000,
    "operatingIncomeRatio": 0.1829484902,
    "totalOtherIncomeExpensesNet": -68000000,
    "incomeBeforeTax": 447000000,
    "incomeBeforeTaxRatio": 0.1587921847,
    "incomeTaxExpense": 71000000,
    "netIncome": 348000000,
    "netIncomeRatio": 0.1236234458,
    "eps": 0.71,
    "epsdiluted": 0.7,
    "weightedAverageShsOut": 492274000,
    "weightedAverageShsOutDil": 501542000,
    "link": "https://www.sec.gov/Archives/edgar/data/1032208/000008652114000054/0000086521-14-000054-index.htm",
    "finalLink": "https://www.sec.gov/Archives/edgar/data/86521/000008652114000054/sre09302014q.htm"
  },
  {
    "date": "2014-06-30",
    "symbol": "SRE",
    "reportedCurrency": "USD",
    "cik": "0001032208",
    "fillingDate": "2014-08-07",
    "acceptedDate": "2014-08-07 14:54:31",
    "calendarYear": "2014",
    "period": "Q2",
    "revenue": 2678000000,
    "costOfRevenue": 1863000000,
    "grossProfit": 815000000,
    "grossProfitRatio": 0.3043315907,
    "researchAndDevelopmentExpenses": 0,
    "generalAndAdministrativeExpenses": 0,
    "sellingAndMarketingExpenses": 0,
    "sellingGeneralAndAdministrativeExpenses": -435000000,
    "otherExpenses": 815000000,
    "operatingExpenses": 380000000,
    "costAndExpenses": 1955000000,
    "interestIncome": 5000000,
    "interestExpense": 138000000,
    "depreciationAndAmortization": 288000000,
    "ebitda": 723000000,
    "ebitdaratio": 0.2699775952,
    "operatingIncome": 723000000,
    "operatingIncomeRatio": 0.2699775952,
    "totalOtherIncomeExpensesNet": -347000000,
    "incomeBeforeTax": 376000000,
    "incomeBeforeTaxRatio": 0.140403286,
    "incomeTaxExpense": 93000000,
    "netIncome": 269000000,
    "netIncomeRatio": 0.1004480956,
    "eps": 0.55,
    "epsdiluted": 0.54,
    "weightedAverageShsOut": 491376000,
    "weightedAverageShsOutDil": 500122000,
    "link": "https://www.sec.gov/Archives/edgar/data/1032208/000008652114000038/0000086521-14-000038-index.htm",
    "finalLink": "https://www.sec.gov/Archives/edgar/data/86521/000008652114000038/sre06302014Q.htm"
  },
  {
    "date": "2014-03-31",
    "symbol": "SRE",
    "reportedCurrency": "USD",
    "cik": "0001032208",
    "fillingDate": "2014-05-02",
    "acceptedDate": "2014-05-02 15:00:07",
    "calendarYear": "2014",
    "period": "Q1",
    "revenue": 2795000000,
    "costOfRevenue": 1982000000,
    "grossProfit": 813000000,
    "grossProfitRatio": 0.2908765653,
    "researchAndDevelopmentExpenses": 0,
    "generalAndAdministrativeExpenses": 0,
    "sellingAndMarketingExpenses": 0,
    "sellingGeneralAndAdministrativeExpenses": -422000000,
    "otherExpenses": 813000000,
    "operatingExpenses": 391000000,
    "costAndExpenses": 2087000000,
    "interestIncome": 5000000,
    "interestExpense": 136000000,
    "depreciationAndAmortization": 286000000,
    "ebitda": 708000000,
    "ebitdaratio": 0.2533094812,
    "operatingIncome": 708000000,
    "operatingIncomeRatio": 0.2533094812,
    "totalOtherIncomeExpensesNet": -321000000,
    "incomeBeforeTax": 387000000,
    "incomeBeforeTaxRatio": 0.1384615385,
    "incomeTaxExpense": 127000000,
    "netIncome": 247000000,
    "netIncomeRatio": 0.088372093,
    "eps": 0.5,
    "epsdiluted": 0.5,
    "weightedAverageShsOut": 490554000,
    "weightedAverageShsOutDil": 499338000,
    "link": "https://www.sec.gov/Archives/edgar/data/1032208/000008652114000025/0000086521-14-000025-index.htm",
    "finalLink": "https://www.sec.gov/Archives/edgar/data/86521/000008652114000025/sre10q03312014.htm"
  },
  {
    "date": "2013-12-31",
    "symbol": "SRE",
    "reportedCurrency": "USD",
    "cik": "0001032208",
    "fillingDate": "2014-02-27",
    "acceptedDate": "2014-02-27 16:21:04",
    "calendarYear": "2013",
    "period": "Q4",
    "revenue": 2705000000,
    "costOfRevenue": 1915000000,
    "grossProfit": 790000000,
    "grossProfitRatio": 0.292051756,
    "researchAndDevelopmentExpenses": 0,
    "generalAndAdministrativeExpenses": 0,
    "sellingAndMarketingExpenses": 0,
    "sellingGeneralAndAdministrativeExpenses": 0,
    "otherExpenses": 376000000,
    "operatingExpenses": 376000000,
    "costAndExpenses": 2288000000,
    "interestIncome": 7000000,
    "interestExpense": 146000000,
    "depreciationAndAmortization": 285000000,
    "ebitda": 709000000,
    "ebitdaratio": 0.2621072089,
    "operatingIncome": 417000000,
    "operatingIncomeRatio": 0.1541589649,
    "totalOtherIncomeExpensesNet": -69000000,
    "incomeBeforeTax": 348000000,
    "incomeBeforeTaxRatio": 0.128650647,
    "incomeTaxExpense": 39000000,
    "netIncome": 282000000,
    "netIncomeRatio": 0.1042513863,
    "eps": 0.58,
    "epsdiluted": 0.56,
    "weightedAverageShsOut": 499892000,
    "weightedAverageShsOutDil": 499892000,
    "link": "https://www.sec.gov/Archives/edgar/data/1032208/000008652114000011/0000086521-14-000011-index.htm",
    "finalLink": "https://www.sec.gov/Archives/edgar/data/86521/000008652114000011/sre10k02272014.htm"
  },
  {
    "date": "2013-09-30",
    "symbol": "SRE",
    "reportedCurrency": "USD",
    "cik": "0001032208",
    "fillingDate": "2013-11-05",
    "acceptedDate": "2013-11-05 16:37:25",
    "calendarYear": "2013",
    "period": "Q3",
    "revenue": 2551000000,
    "costOfRevenue": 1663000000,
    "grossProfit": 888000000,
    "grossProfitRatio": 0.3480987848,
    "researchAndDevelopmentExpenses": 0,
    "generalAndAdministrativeExpenses": 0,
    "sellingAndMarketingExpenses": 0,
    "sellingGeneralAndAdministrativeExpenses": 0,
    "otherExpenses": 382000000,
    "operatingExpenses": 382000000,
    "costAndExpenses": 1766000000,
    "interestIncome": 6000000,
    "interestExpense": 137000000,
    "depreciationAndAmortization": 286000000,
    "ebitda": 785000000,
    "ebitdaratio": 0.3077224618,
    "operatingIncome": 506000000,
    "operatingIncomeRatio": 0.1983535868,
    "totalOtherIncomeExpensesNet": -74000000,
    "incomeBeforeTax": 432000000,
    "incomeBeforeTaxRatio": 0.1693453548,
    "incomeTaxExpense": 117000000,
    "netIncome": 296000000,
    "netIncomeRatio": 0.1160329283,
    "eps": 0.61,
    "epsdiluted": 0.6,
    "weightedAverageShsOut": 488280000,
    "weightedAverageShsOutDil": 498518000,
    "link": "https://www.sec.gov/Archives/edgar/data/1032208/000008652113000078/0000086521-13-000078-index.htm",
    "finalLink": "https://www.sec.gov/Archives/edgar/data/86521/000008652113000078/sre3q10q2013.htm"
  },
  {
    "date": "2013-06-30",
    "symbol": "SRE",
    "reportedCurrency": "USD",
    "cik": "0001032208",
    "fillingDate": "2013-08-06",
    "acceptedDate": "2013-08-06 14:56:23",
    "calendarYear": "2013",
    "period": "Q2",
    "revenue": 2651000000,
    "costOfRevenue": 1725000000,
    "grossProfit": 926000000,
    "grossProfitRatio": 0.3493021501,
    "researchAndDevelopmentExpenses": 0,
    "generalAndAdministrativeExpenses": 0,
    "sellingAndMarketingExpenses": 0,
    "sellingGeneralAndAdministrativeExpenses": 0,
    "otherExpenses": 328000000,
    "operatingExpenses": 328000000,
    "costAndExpenses": 2218000000,
    "interestIncome": 4000000,
    "interestExpense": 138000000,
    "depreciationAndAmortization": 247000000,
    "ebitda": 683000000,
    "ebitdaratio": 0.2576386269,
    "operatingIncome": 598000000,
    "operatingIncomeRatio": 0.2255752546,
    "totalOtherIncomeExpensesNet": -300000000,
    "incomeBeforeTax": 298000000,
    "incomeBeforeTaxRatio": 0.1124104112,
    "incomeTaxExpense": 32000000,
    "netIncome": 246000000,
    "netIncomeRatio": 0.0927951716,
    "eps": 0.5,
    "epsdiluted": 0.49,
    "weightedAverageShsOut": 487206000,
    "weightedAverageShsOutDil": 500000000,
    "link": "https://www.sec.gov/Archives/edgar/data/1032208/000008652113000059/0000086521-13-000059-index.htm",
    "finalLink": "https://www.sec.gov/Archives/edgar/data/86521/000008652113000059/sre06302013q2.htm"
  },
  {
    "date": "2013-03-31",
    "symbol": "SRE",
    "reportedCurrency": "USD",
    "cik": "0001032208",
    "fillingDate": "2013-05-02",
    "acceptedDate": "2013-05-02 16:03:45",
    "calendarYear": "2013",
    "period": "Q1",
    "revenue": 2650000000,
    "costOfRevenue": 1886000000,
    "grossProfit": 764000000,
    "grossProfitRatio": 0.2883018868,
    "researchAndDevelopmentExpenses": 0,
    "generalAndAdministrativeExpenses": 0,
    "sellingAndMarketingExpenses": 0,
    "sellingGeneralAndAdministrativeExpenses": 0,
    "otherExpenses": 401000000,
    "operatingExpenses": 401000000,
    "costAndExpenses": 2162000000,
    "interestIncome": 6000000,
    "interestExpense": 138000000,
    "depreciationAndAmortization": 295000000,
    "ebitda": 785000000,
    "ebitdaratio": 0.2962264151,
    "operatingIncome": 363000000,
    "operatingIncomeRatio": 0.1369811321,
    "totalOtherIncomeExpensesNet": -9000000,
    "incomeBeforeTax": 354000000,
    "incomeBeforeTaxRatio": 0.1335849057,
    "incomeTaxExpense": 178000000,
    "netIncome": 180000000,
    "netIncomeRatio": 0.0679245283,
    "eps": 0.37,
    "epsdiluted": 0.36,
    "weightedAverageShsOut": 486588000,
    "weightedAverageShsOutDil": 495068000,
    "link": "https://www.sec.gov/Archives/edgar/data/1032208/000008652113000031/0000086521-13-000031-index.htm",
    "finalLink": "https://www.sec.gov/Archives/edgar/data/86521/000008652113000031/sre03312013.htm"
  },
  {
    "date": "2012-12-31",
    "symbol": "SRE",
    "reportedCurrency": "USD",
    "cik": "0001032208",
    "fillingDate": "2013-02-26",
    "acceptedDate": "2013-02-26 17:20:02",
    "calendarYear": "2012",
    "period": "Q4",
    "revenue": 2668000000,
    "costOfRevenue": 4034000000,
    "grossProfit": -1366000000,
    "grossProfitRatio": -0.511994003,
    "researchAndDevelopmentExpenses": 0,
    "generalAndAdministrativeExpenses": 0,
    "sellingAndMarketingExpenses": 0,
    "sellingGeneralAndAdministrativeExpenses": 375000000,
    "otherExpenses": -1741000000,
    "operatingExpenses": -1366000000,
    "costAndExpenses": 2224000000,
    "interestIncome": 11000000,
    "interestExpense": 141000000,
    "depreciationAndAmortization": 287000000,
    "ebitda": 636000000,
    "ebitdaratio": 0.2383808096,
    "operatingIncome": 349000000,
    "operatingIncomeRatio": 0.1308095952,
    "totalOtherIncomeExpensesNet": -40000000,
    "incomeBeforeTax": 309000000,
    "incomeBeforeTaxRatio": 0.1158170915,
    "incomeTaxExpense": 11000000,
    "netIncome": 293000000,
    "netIncomeRatio": 0.10982009,
    "eps": 0.61,
    "epsdiluted": 0.59,
    "weightedAverageShsOut": 495140000,
    "weightedAverageShsOutDil": 495140000,
    "link": "https://www.sec.gov/Archives/edgar/data/1032208/000008652113000014/0000086521-13-000014-index.htm",
    "finalLink": "https://www.sec.gov/Archives/edgar/data/86521/000008652113000014/sre10k2012.htm"
  },
  {
    "date": "2012-09-30",
    "symbol": "SRE",
    "reportedCurrency": "USD",
    "cik": "0001032208",
    "fillingDate": "2012-11-06",
    "acceptedDate": "2012-11-06 16:26:30",
    "calendarYear": "2012",
    "period": "Q3",
    "revenue": 2507000000,
    "costOfRevenue": 1638000000,
    "grossProfit": 869000000,
    "grossProfitRatio": 0.3466294376,
    "researchAndDevelopmentExpenses": 0,
    "generalAndAdministrativeExpenses": 0,
    "sellingAndMarketingExpenses": 0,
    "sellingGeneralAndAdministrativeExpenses": 0,
    "otherExpenses": 869000000,
    "operatingExpenses": 869000000,
    "costAndExpenses": 2047000000,
    "interestIncome": 5000000,
    "interestExpense": 126000000,
    "depreciationAndAmortization": 280000000,
    "ebitda": 735000000,
    "ebitdaratio": 0.2931790985,
    "operatingIncome": 500000000,
    "operatingIncomeRatio": 0.1994415636,
    "totalOtherIncomeExpensesNet": -163000000,
    "incomeBeforeTax": 337000000,
    "incomeBeforeTaxRatio": 0.1344236139,
    "incomeTaxExpense": 49000000,
    "netIncome": 270000000,
    "netIncomeRatio": 0.1076984444,
    "eps": 0.55,
    "epsdiluted": 0.55,
    "weightedAverageShsOut": 483378000,
    "weightedAverageShsOutDil": 491604000,
    "link": "https://www.sec.gov/Archives/edgar/data/1032208/000008652112000099/0000086521-12-000099-index.htm",
    "finalLink": "https://www.sec.gov/Archives/edgar/data/86521/000008652112000099/sre3qtr2012.htm"
  },
  {
    "date": "2012-06-30",
    "symbol": "SRE",
    "reportedCurrency": "USD",
    "cik": "0001032208",
    "fillingDate": "2012-08-02",
    "acceptedDate": "2012-08-02 16:49:29",
    "calendarYear": "2012",
    "period": "Q2",
    "revenue": 2089000000,
    "costOfRevenue": 1412000000,
    "grossProfit": 677000000,
    "grossProfitRatio": 0.3240785065,
    "researchAndDevelopmentExpenses": 0,
    "generalAndAdministrativeExpenses": 0,
    "sellingAndMarketingExpenses": 0,
    "sellingGeneralAndAdministrativeExpenses": 0,
    "otherExpenses": 670000000,
    "operatingExpenses": 670000000,
    "costAndExpenses": 1757000000,
    "interestIncome": 4000000,
    "interestExpense": 113000000,
    "depreciationAndAmortization": -266000000,
    "ebitda": 327000000,
    "ebitdaratio": 0.1565342269,
    "operatingIncome": 325000000,
    "operatingIncomeRatio": 0.155576831,
    "totalOtherIncomeExpensesNet": -377000000,
    "incomeBeforeTax": -52000000,
    "incomeBeforeTaxRatio": -0.024892293,
    "incomeTaxExpense": -118000000,
    "netIncome": 63000000,
    "netIncomeRatio": 0.0301579703,
    "eps": 0.13,
    "epsdiluted": 0.13,
    "weightedAverageShsOut": 241141000,
    "weightedAverageShsOutDil": 246260000,
    "link": "https://www.sec.gov/Archives/edgar/data/1032208/000008652112000086/0000086521-12-000086-index.htm",
    "finalLink": "https://www.sec.gov/Archives/edgar/data/86521/000008652112000086/sre2qtr10q2012.htm"
  },
  {
    "date": "2012-03-31",
    "symbol": "SRE",
    "reportedCurrency": "USD",
    "cik": "0001032208",
    "fillingDate": "2012-05-04",
    "acceptedDate": "2012-05-03 17:37:56",
    "calendarYear": "2012",
    "period": "Q1",
    "revenue": 2383000000,
    "costOfRevenue": 1652000000,
    "grossProfit": 731000000,
    "grossProfitRatio": 0.3067561897,
    "researchAndDevelopmentExpenses": 0,
    "generalAndAdministrativeExpenses": 0,
    "sellingAndMarketingExpenses": 0,
    "sellingGeneralAndAdministrativeExpenses": 0,
    "otherExpenses": 731000000,
    "operatingExpenses": 731000000,
    "costAndExpenses": 2005000000,
    "interestIncome": 6000000,
    "interestExpense": 113000000,
    "depreciationAndAmortization": 257000000,
    "ebitda": 727000000,
    "ebitdaratio": 0.3050776332,
    "operatingIncome": 378000000,
    "operatingIncomeRatio": 0.1586235837,
    "totalOtherIncomeExpensesNet": -21000000,
    "incomeBeforeTax": 357000000,
    "incomeBeforeTaxRatio": 0.1498111624,
    "incomeTaxExpense": 117000000,
    "netIncome": 238000000,
    "netIncomeRatio": 0.0998741083,
    "eps": 0.49,
    "epsdiluted": 0.49,
    "weightedAverageShsOut": 481132000,
    "weightedAverageShsOutDil": 243761000,
    "link": "https://www.sec.gov/Archives/edgar/data/1032208/000008652112000036/0000086521-12-000036-index.htm",
    "finalLink": "https://www.sec.gov/Archives/edgar/data/86521/000008652112000036/sre2012q1.htm"
  },
  {
    "date": "2011-12-31",
    "symbol": "SRE",
    "reportedCurrency": "USD",
    "cik": "0001032208",
    "fillingDate": "2012-02-28",
    "acceptedDate": "2012-02-28 17:06:33",
    "calendarYear": "2011",
    "period": "Q4",
    "revenue": 2604000000,
    "costOfRevenue": 986000000,
    "grossProfit": 1618000000,
    "grossProfitRatio": 0.6213517665,
    "researchAndDevelopmentExpenses": 0,
    "generalAndAdministrativeExpenses": 0,
    "sellingAndMarketingExpenses": 0,
    "sellingGeneralAndAdministrativeExpenses": 0,
    "otherExpenses": 1147000000,
    "operatingExpenses": 1147000000,
    "costAndExpenses": 2133000000,
    "interestIncome": 5000000,
    "interestExpense": 121000000,
    "depreciationAndAmortization": 248000000,
    "ebitda": 774000000,
    "ebitdaratio": 0.297235023,
    "operatingIncome": 471000000,
    "operatingIncomeRatio": 0.180875576,
    "totalOtherIncomeExpensesNet": -66000000,
    "incomeBeforeTax": 405000000,
    "incomeBeforeTaxRatio": 0.1555299539,
    "incomeTaxExpense": 97000000,
    "netIncome": 292000000,
    "netIncomeRatio": 0.1121351767,
    "eps": 1.21,
    "epsdiluted": 1.21,
    "weightedAverageShsOut": 240566000,
    "weightedAverageShsOutDil": 240566000,
    "link": "https://www.sec.gov/Archives/edgar/data/1032208/000008652112000010/0000086521-12-000010-index.htm",
    "finalLink": "https://www.sec.gov/Archives/edgar/data/86521/000008652112000010/sre10k2011.htm"
  },
  {
    "date": "2011-09-30",
    "symbol": "SRE",
    "reportedCurrency": "USD",
    "cik": "0001032208",
    "fillingDate": "2011-11-03",
    "acceptedDate": "2011-11-03 15:28:57",
    "calendarYear": "2011",
    "period": "Q3",
    "revenue": 2576000000,
    "costOfRevenue": 1050000000,
    "grossProfit": 1526000000,
    "grossProfitRatio": 0.5923913043,
    "researchAndDevelopmentExpenses": 0,
    "generalAndAdministrativeExpenses": 0,
    "sellingAndMarketingExpenses": 0,
    "sellingGeneralAndAdministrativeExpenses": 0,
    "otherExpenses": 1009000000,
    "operatingExpenses": 1009000000,
    "costAndExpenses": 2059000000,
    "interestIncome": 6000000,
    "interestExpense": 118000000,
    "depreciationAndAmortization": 251000000,
    "ebitda": 757000000,
    "ebitdaratio": 0.2938664596,
    "operatingIncome": 500000000,
    "operatingIncomeRatio": 0.1940993789,
    "totalOtherIncomeExpensesNet": -112000000,
    "incomeBeforeTax": 388000000,
    "incomeBeforeTaxRatio": 0.150621118,
    "incomeTaxExpense": 75000000,
    "netIncome": 289000000,
    "netIncomeRatio": 0.112189441,
    "eps": 0.61,
    "epsdiluted": 0.6,
    "weightedAverageShsOut": 239545000,
    "weightedAverageShsOutDil": 241880000,
    "link": "https://www.sec.gov/Archives/edgar/data/1032208/000008652111000092/0000086521-11-000092-index.htm",
    "finalLink": "https://www.sec.gov/Archives/edgar/data/86521/000008652111000092/sre3qtr10q2011.htm"
  },
  {
    "date": "2011-06-30",
    "symbol": "SRE",
    "reportedCurrency": "USD",
    "cik": "0001032208",
    "fillingDate": "2011-08-09",
    "acceptedDate": "2011-08-09 14:59:22",
    "calendarYear": "2011",
    "period": "Q2",
    "revenue": 2422000000,
    "costOfRevenue": 1044000000,
    "grossProfit": 1378000000,
    "grossProfitRatio": 0.5689512799,
    "researchAndDevelopmentExpenses": 0,
    "generalAndAdministrativeExpenses": 0,
    "sellingAndMarketingExpenses": 0,
    "sellingGeneralAndAdministrativeExpenses": 0,
    "otherExpenses": 995000000,
    "operatingExpenses": 995000000,
    "costAndExpenses": 2039000000,
    "interestIncome": 12000000,
    "interestExpense": 118000000,
    "depreciationAndAmortization": 248000000,
    "ebitda": 952000000,
    "ebitdaratio": 0.3930635838,
    "operatingIncome": 377000000,
    "operatingIncomeRatio": 0.1556564822,
    "totalOtherIncomeExpensesNet": 209000000,
    "incomeBeforeTax": 586000000,
    "incomeBeforeTaxRatio": 0.2419488026,
    "incomeTaxExpense": 92000000,
    "netIncome": 503000000,
    "netIncomeRatio": 0.2076796036,
    "eps": 1.05,
    "epsdiluted": 1.05,
    "weightedAverageShsOut": 478830000,
    "weightedAverageShsOutDil": 240761000,
    "link": "https://www.sec.gov/Archives/edgar/data/1032208/000008652111000069/0000086521-11-000069-index.htm",
    "finalLink": "https://www.sec.gov/Archives/edgar/data/86521/000008652111000069/sre63011q2.htm"
  },
  {
    "date": "2011-03-31",
    "symbol": "SRE",
    "reportedCurrency": "USD",
    "cik": "0001032208",
    "fillingDate": "2011-05-09",
    "acceptedDate": "2011-05-09 15:27:11",
    "calendarYear": "2011",
    "period": "Q1",
    "revenue": 2434000000,
    "costOfRevenue": 1066000000,
    "grossProfit": 1368000000,
    "grossProfitRatio": 0.5620377979,
    "researchAndDevelopmentExpenses": 0,
    "generalAndAdministrativeExpenses": 0,
    "sellingAndMarketingExpenses": 0,
    "sellingGeneralAndAdministrativeExpenses": 0,
    "otherExpenses": 958000000,
    "operatingExpenses": 958000000,
    "costAndExpenses": 2024000000,
    "interestIncome": 3000000,
    "interestExpense": 108000000,
    "depreciationAndAmortization": 231000000,
    "ebitda": 681000000,
    "ebitdaratio": 0.2797863599,
    "operatingIncome": 404000000,
    "operatingIncomeRatio": 0.1659819228,
    "totalOtherIncomeExpensesNet": -62000000,
    "incomeBeforeTax": 342000000,
    "incomeBeforeTaxRatio": 0.1405094495,
    "incomeTaxExpense": -109000000,
    "netIncome": 254000000,
    "netIncomeRatio": 0.1043549712,
    "eps": 0.53,
    "epsdiluted": 0.53,
    "weightedAverageShsOut": 240128000,
    "weightedAverageShsOutDil": 241903000,
    "link": "https://www.sec.gov/Archives/edgar/data/1032208/000008652111000034/0000086521-11-000034-index.htm",
    "finalLink": "https://www.sec.gov/Archives/edgar/data/75527/000008652111000034/sre1stqtr10q_final.htm"
  },
  {
    "date": "2010-12-31",
    "symbol": "SRE",
    "reportedCurrency": "USD",
    "cik": "0001032208",
    "fillingDate": "2011-02-24",
    "acceptedDate": "2011-02-24 16:04:40",
    "calendarYear": "2010",
    "period": "Q4",
    "revenue": 2345000000,
    "costOfRevenue": 946000000,
    "grossProfit": 1399000000,
    "grossProfitRatio": 0.5965884861,
    "researchAndDevelopmentExpenses": 0,
    "generalAndAdministrativeExpenses": 0,
    "sellingAndMarketingExpenses": 0,
    "sellingGeneralAndAdministrativeExpenses": -168000000,
    "otherExpenses": 1193000000,
    "operatingExpenses": 1025000000,
    "costAndExpenses": 1971000000,
    "interestIncome": 3000000,
    "interestExpense": 113000000,
    "depreciationAndAmortization": 224000000,
    "ebitda": 648000000,
    "ebitdaratio": 0.2763326226,
    "operatingIncome": 374000000,
    "operatingIncomeRatio": 0.1594882729,
    "totalOtherIncomeExpensesNet": -63000000,
    "incomeBeforeTax": 311000000,
    "incomeBeforeTaxRatio": 0.1326226013,
    "incomeTaxExpense": 17000000,
    "netIncome": 280000000,
    "netIncomeRatio": 0.1194029851,
    "eps": 1.17,
    "epsdiluted": 1.17,
    "weightedAverageShsOut": 240128000,
    "weightedAverageShsOutDil": 240128000,
    "link": "https://www.sec.gov/Archives/edgar/data/1032208/000008652111000017/0000086521-11-000017-index.htm",
    "finalLink": "https://www.sec.gov/Archives/edgar/data/75527/000008652111000017/sre2010_10k2.htm"
  },
  {
    "date": "2010-09-30",
    "symbol": "SRE",
    "reportedCurrency": "USD",
    "cik": "0001032208",
    "fillingDate": "2010-11-09",
    "acceptedDate": "2010-11-09 15:04:10",
    "calendarYear": "2010",
    "period": "Q3",
    "revenue": 2116000000,
    "costOfRevenue": 803000000,
    "grossProfit": 1313000000,
    "grossProfitRatio": 0.620510397,
    "researchAndDevelopmentExpenses": 0,
    "generalAndAdministrativeExpenses": 0,
    "sellingAndMarketingExpenses": 0,
    "sellingGeneralAndAdministrativeExpenses": 0,
    "otherExpenses": 884000000,
    "operatingExpenses": 884000000,
    "costAndExpenses": 1687000000,
    "interestIncome": 5000000,
    "interestExpense": 111000000,
    "depreciationAndAmortization": 218000000,
    "ebitda": 428000000,
    "ebitdaratio": 0.202268431,
    "operatingIncome": 429000000,
    "operatingIncomeRatio": 0.2027410208,
    "totalOtherIncomeExpensesNet": -330000000,
    "incomeBeforeTax": 99000000,
    "incomeBeforeTaxRatio": 0.0467863894,
    "incomeTaxExpense": -32000000,
    "netIncome": 131000000,
    "netIncomeRatio": 0.0619092628,
    "eps": 0.27,
    "epsdiluted": 0.27,
    "weightedAverageShsOut": 246668000,
    "weightedAverageShsOutDil": 249811000,
    "link": "https://www.sec.gov/Archives/edgar/data/1032208/000008652110000081/0000086521-10-000081-index.htm",
    "finalLink": "https://www.sec.gov/Archives/edgar/data/75527/000008652110000081/master_q31107.htm"
  },
  {
    "date": "2010-06-30",
    "symbol": "SRE",
    "reportedCurrency": "USD",
    "cik": "0001032208",
    "fillingDate": "2010-08-03",
    "acceptedDate": "2010-08-03 16:25:29",
    "calendarYear": "2010",
    "period": "Q2",
    "revenue": 2008000000,
    "costOfRevenue": 765000000,
    "grossProfit": 1243000000,
    "grossProfitRatio": 0.6190239044,
    "researchAndDevelopmentExpenses": 0,
    "generalAndAdministrativeExpenses": 0,
    "sellingAndMarketingExpenses": 0,
    "sellingGeneralAndAdministrativeExpenses": 0,
    "otherExpenses": 908000000,
    "operatingExpenses": 908000000,
    "costAndExpenses": 1673000000,
    "interestIncome": 4000000,
    "interestExpense": 103000000,
    "depreciationAndAmortization": 215000000,
    "ebitda": 555000000,
    "ebitdaratio": 0.2763944223,
    "operatingIncome": 335000000,
    "operatingIncomeRatio": 0.1668326693,
    "totalOtherIncomeExpensesNet": -98000000,
    "incomeBeforeTax": 237000000,
    "incomeBeforeTaxRatio": 0.1180278884,
    "incomeTaxExpense": -59000000,
    "netIncome": 222000000,
    "netIncomeRatio": 0.1105577689,
    "eps": 0.45,
    "epsdiluted": 0.45,
    "weightedAverageShsOut": 246784000,
    "weightedAverageShsOutDil": 249727000,
    "link": "https://www.sec.gov/Archives/edgar/data/1032208/000008652110000055/0000086521-10-000055-index.htm",
    "finalLink": "https://www.sec.gov/Archives/edgar/data/75527/000008652110000055/master_finalq2.htm"
  },
  {
    "date": "2010-03-31",
    "symbol": "SRE",
    "reportedCurrency": "USD",
    "cik": "0001032208",
    "fillingDate": "2010-05-04",
    "acceptedDate": "2010-05-04 14:38:37",
    "calendarYear": "2010",
    "period": "Q1",
    "revenue": 2534000000,
    "costOfRevenue": 1269000000,
    "grossProfit": 1265000000,
    "grossProfitRatio": 0.499210734,
    "researchAndDevelopmentExpenses": 0,
    "generalAndAdministrativeExpenses": 168000000,
    "sellingAndMarketingExpenses": 0,
    "sellingGeneralAndAdministrativeExpenses": 168000000,
    "otherExpenses": 708000000,
    "operatingExpenses": 1265000000,
    "costAndExpenses": 2534000000,
    "interestIncome": 4000000,
    "interestExpense": 109000000,
    "depreciationAndAmortization": 210000000,
    "ebitda": 458000000,
    "ebitdaratio": 0.18074191,
    "operatingIncome": 389000000,
    "operatingIncomeRatio": 0.1535122336,
    "totalOtherIncomeExpensesNet": -250000000,
    "incomeBeforeTax": 139000000,
    "incomeBeforeTaxRatio": 0.0548539858,
    "incomeTaxExpense": -58000000,
    "netIncome": 106000000,
    "netIncomeRatio": 0.0418310971,
    "eps": 0.22,
    "epsdiluted": 0.21,
    "weightedAverageShsOut": 246083000,
    "weightedAverageShsOutDil": 500746000,
    "link": "https://www.sec.gov/Archives/edgar/data/1032208/000008652110000036/0000086521-10-000036-index.htm",
    "finalLink": "https://www.sec.gov/Archives/edgar/data/75527/000008652110000036/master_finaldraftq110.htm"
  },
  {
    "date": "2009-12-31",
    "symbol": "SRE",
    "reportedCurrency": "USD",
    "cik": "0001032208",
    "fillingDate": "2010-02-26",
    "acceptedDate": "2010-02-25 18:30:20",
    "calendarYear": "2009",
    "period": "Q4",
    "revenue": 2456000000,
    "costOfRevenue": 1026000000,
    "grossProfit": 1430000000,
    "grossProfitRatio": 0.582247557,
    "researchAndDevelopmentExpenses": 0,
    "generalAndAdministrativeExpenses": 0,
    "sellingAndMarketingExpenses": 0,
    "sellingGeneralAndAdministrativeExpenses": 0,
    "otherExpenses": 1073000000,
    "operatingExpenses": 1073000000,
    "costAndExpenses": 2099000000,
    "interestIncome": 5000000,
    "interestExpense": 110000000,
    "depreciationAndAmortization": 207000000,
    "ebitda": 709000000,
    "ebitdaratio": 0.2886807818,
    "operatingIncome": 357000000,
    "operatingIncomeRatio": 0.1453583062,
    "totalOtherIncomeExpensesNet": 35000000,
    "incomeBeforeTax": 392000000,
    "incomeBeforeTaxRatio": 0.1596091205,
    "incomeTaxExpense": 95000000,
    "netIncome": 288000000,
    "netIncomeRatio": 0.1172638436,
    "eps": 1.17,
    "epsdiluted": 1.17,
    "weightedAverageShsOut": 246083000,
    "weightedAverageShsOutDil": 246083000,
    "link": "https://www.sec.gov/Archives/edgar/data/1032208/000008652110000019/0000086521-10-000019-index.htm",
    "finalLink": "https://www.sec.gov/Archives/edgar/data/75527/000008652110000019/sre_200910k.htm"
  },
  {
    "date": "2009-09-30",
    "symbol": "SRE",
    "reportedCurrency": "USD",
    "cik": "0001032208",
    "fillingDate": "2009-11-09",
    "acceptedDate": "2009-11-09 15:41:43",
    "calendarYear": "2009",
    "period": "Q3",
    "revenue": 1853000000,
    "costOfRevenue": 655000000,
    "grossProfit": 1198000000,
    "grossProfitRatio": 0.6465191581,
    "researchAndDevelopmentExpenses": 0,
    "generalAndAdministrativeExpenses": 0,
    "sellingAndMarketingExpenses": 0,
    "sellingGeneralAndAdministrativeExpenses": 0,
    "otherExpenses": 844000000,
    "operatingExpenses": 844000000,
    "costAndExpenses": 1499000000,
    "interestIncome": 5000000,
    "interestExpense": 96000000,
    "depreciationAndAmortization": 196000000,
    "ebitda": 702000000,
    "ebitdaratio": 0.378845116,
    "operatingIncome": 354000000,
    "operatingIncomeRatio": 0.1910415542,
    "totalOtherIncomeExpensesNet": 56000000,
    "incomeBeforeTax": 410000000,
    "incomeBeforeTaxRatio": 0.2212628171,
    "incomeTaxExpense": -128000000,
    "netIncome": 317000000,
    "netIncomeRatio": 0.1710739342,
    "eps": 0.65,
    "epsdiluted": 0.64,
    "weightedAverageShsOut": 243925000,
    "weightedAverageShsOutDil": 496922000,
    "link": "https://www.sec.gov/Archives/edgar/data/1032208/000008652109000062/0000086521-09-000062-index.htm",
    "finalLink": "https://www.sec.gov/Archives/edgar/data/75527/000008652109000062/finaldraft_masterq30910q.htm"
  },
  {
    "date": "2009-06-30",
    "symbol": "SRE",
    "reportedCurrency": "USD",
    "cik": "0001032208",
    "fillingDate": "2009-07-31",
    "acceptedDate": "2009-07-31 16:06:39",
    "calendarYear": "2009",
    "period": "Q2",
    "revenue": 1689000000,
    "costOfRevenue": 581000000,
    "grossProfit": 1108000000,
    "grossProfitRatio": 0.6560094731,
    "researchAndDevelopmentExpenses": 0,
    "generalAndAdministrativeExpenses": 0,
    "sellingAndMarketingExpenses": 0,
    "sellingGeneralAndAdministrativeExpenses": 0,
    "otherExpenses": 847000000,
    "operatingExpenses": 847000000,
    "costAndExpenses": 1428000000,
    "interestIncome": 5000000,
    "interestExpense": 79000000,
    "depreciationAndAmortization": 189000000,
    "ebitda": 524000000,
    "ebitdaratio": 0.3102427472,
    "operatingIncome": 268000000,
    "operatingIncomeRatio": 0.1586737715,
    "totalOtherIncomeExpensesNet": -12000000,
    "incomeBeforeTax": 256000000,
    "incomeBeforeTaxRatio": 0.1515689757,
    "incomeTaxExpense": -90000000,
    "netIncome": 198000000,
    "netIncomeRatio": 0.1172291297,
    "eps": 0.41,
    "epsdiluted": 0.4,
    "weightedAverageShsOut": 242718000,
    "weightedAverageShsOutDil": 494180000,
    "link": "https://www.sec.gov/Archives/edgar/data/1032208/000008652109000047/0000086521-09-000047-index.htm",
    "finalLink": "https://www.sec.gov/Archives/edgar/data/75527/000008652109000047/q209_finaldraft.htm"
  },
  {
    "date": "2009-03-31",
    "symbol": "SRE",
    "reportedCurrency": "USD",
    "cik": "0001032208",
    "fillingDate": "2009-05-05",
    "acceptedDate": "2009-05-05 14:34:50",
    "calendarYear": "2009",
    "period": "Q1",
    "revenue": 2108000000,
    "costOfRevenue": 996000000,
    "grossProfit": 1112000000,
    "grossProfitRatio": 0.5275142315,
    "researchAndDevelopmentExpenses": 0,
    "generalAndAdministrativeExpenses": 0,
    "sellingAndMarketingExpenses": 0,
    "sellingGeneralAndAdministrativeExpenses": 0,
    "otherExpenses": 781000000,
    "operatingExpenses": 781000000,
    "costAndExpenses": 1777000000,
    "interestIncome": 6000000,
    "interestExpense": 82000000,
    "depreciationAndAmortization": 183000000,
    "ebitda": 683000000,
    "ebitdaratio": 0.3240037951,
    "operatingIncome": 331000000,
    "operatingIncomeRatio": 0.1570208729,
    "totalOtherIncomeExpensesNet": 87000000,
    "incomeBeforeTax": 418000000,
    "incomeBeforeTaxRatio": 0.1982922201,
    "incomeTaxExpense": 109000000,
    "netIncome": 316000000,
    "netIncomeRatio": 0.1499051233,
    "eps": 0.66,
    "epsdiluted": 0.65,
    "weightedAverageShsOut": 241766000,
    "weightedAverageShsOutDil": 245017000,
    "link": "https://www.sec.gov/Archives/edgar/data/1032208/000008652109000026/0000086521-09-000026-index.htm",
    "finalLink": "https://www.sec.gov/Archives/edgar/data/1032208/000008652109000026/qtr1_2009.htm"
  },
  {
    "date": "2008-12-31",
    "symbol": "SRE",
    "reportedCurrency": "USD",
    "cik": "0001032208",
    "fillingDate": "2009-02-24",
    "acceptedDate": "2009-02-24 17:16:54",
    "calendarYear": "2008",
    "period": "Q4",
    "revenue": 2293000000,
    "costOfRevenue": 1242000000,
    "grossProfit": 1051000000,
    "grossProfitRatio": 0.4583515046,
    "researchAndDevelopmentExpenses": 0,
    "generalAndAdministrativeExpenses": 0,
    "sellingAndMarketingExpenses": 0,
    "sellingGeneralAndAdministrativeExpenses": 0,
    "otherExpenses": 813000000,
    "operatingExpenses": 813000000,
    "costAndExpenses": 2055000000,
    "interestIncome": 0,
    "interestExpense": 0,
    "depreciationAndAmortization": 179000000,
    "ebitda": 1005000000,
    "ebitdaratio": 0.4382904492,
    "operatingIncome": 238000000,
    "operatingIncomeRatio": 0.1037941561,
    "totalOtherIncomeExpensesNet": 106000000,
    "incomeBeforeTax": 344000000,
    "incomeBeforeTaxRatio": 0.1500218055,
    "incomeTaxExpense": 15000000,
    "netIncome": 319000000,
    "netIncomeRatio": 0.139119058,
    "eps": 1.32,
    "epsdiluted": 1.32,
    "weightedAverageShsOut": 241766000,
    "weightedAverageShsOutDil": 241766000,
    "link": "https://www.sec.gov/Archives/edgar/data/1032208/000008652109000010/0000086521-09-000010-index.htm",
    "finalLink": "https://www.sec.gov/Archives/edgar/data/1032208/000008652109000010/sempra_10k2008.htm"
  },
  {
    "date": "2008-09-30",
    "symbol": "SRE",
    "reportedCurrency": "USD",
    "cik": "0001032208",
    "fillingDate": "2008-11-10",
    "acceptedDate": "2008-11-10 15:32:42",
    "calendarYear": "2008",
    "period": "Q3",
    "revenue": 2692000000,
    "costOfRevenue": 1431000000,
    "grossProfit": 1261000000,
    "grossProfitRatio": 0.4684249629,
    "researchAndDevelopmentExpenses": 0,
    "generalAndAdministrativeExpenses": 0,
    "sellingAndMarketingExpenses": 0,
    "sellingGeneralAndAdministrativeExpenses": 0,
    "otherExpenses": 802000000,
    "operatingExpenses": 802000000,
    "costAndExpenses": 2248000000,
    "interestIncome": 12000000,
    "interestExpense": 67000000,
    "depreciationAndAmortization": 162000000,
    "ebitda": 607000000,
    "ebitdaratio": 0.2254829123,
    "operatingIncome": 444000000,
    "operatingIncomeRatio": 0.1649331352,
    "totalOtherIncomeExpensesNet": -66000000,
    "incomeBeforeTax": 378000000,
    "incomeBeforeTaxRatio": 0.1404160475,
    "incomeTaxExpense": 94000000,
    "netIncome": 308000000,
    "netIncomeRatio": 0.1144130758,
    "eps": 1.26,
    "epsdiluted": 1.24,
    "weightedAverageShsOut": 243793000,
    "weightedAverageShsOutDil": 247904000,
    "link": "https://www.sec.gov/Archives/edgar/data/1032208/000008652108000064/0000086521-08-000064-index.htm",
    "finalLink": "https://www.sec.gov/Archives/edgar/data/1032208/000008652108000064/smastersempra.htm"
  },
  {
    "date": "2008-06-30",
    "symbol": "SRE",
    "reportedCurrency": "USD",
    "cik": "0001032208",
    "fillingDate": "2008-08-07",
    "acceptedDate": "2008-08-07 15:14:31",
    "calendarYear": "2008",
    "period": "Q2",
    "revenue": 2503000000,
    "costOfRevenue": 1517000000,
    "grossProfit": 986000000,
    "grossProfitRatio": 0.3939272873,
    "researchAndDevelopmentExpenses": 0,
    "generalAndAdministrativeExpenses": 0,
    "sellingAndMarketingExpenses": 0,
    "sellingGeneralAndAdministrativeExpenses": 0,
    "otherExpenses": 808000000,
    "operatingExpenses": 808000000,
    "costAndExpenses": 2325000000,
    "interestIncome": 10000000,
    "interestExpense": 38000000,
    "depreciationAndAmortization": 171000000,
    "ebitda": 50000000,
    "ebitdaratio": 0.0199760288,
    "operatingIncome": 178000000,
    "operatingIncomeRatio": 0.0711146624,
    "totalOtherIncomeExpensesNet": 268000000,
    "incomeBeforeTax": 446000000,
    "incomeBeforeTaxRatio": 0.1781861766,
    "incomeTaxExpense": 184000000,
    "netIncome": 244000000,
    "netIncomeRatio": 0.0974830204,
    "eps": 0.99,
    "epsdiluted": 0.98,
    "weightedAverageShsOut": 245576000,
    "weightedAverageShsOutDil": 249677000,
    "link": "https://www.sec.gov/Archives/edgar/data/1032208/000008652108000043/0000086521-08-000043-index.htm",
    "finalLink": "https://www.sec.gov/Archives/edgar/data/1032208/000008652108000043/sempraq208.htm"
  },
  {
    "date": "2008-03-31",
    "symbol": "SRE",
    "reportedCurrency": "USD",
    "cik": "0001032208",
    "fillingDate": "2008-05-02",
    "acceptedDate": "2008-05-02 14:49:31",
    "calendarYear": "2008",
    "period": "Q1",
    "revenue": 3270000000,
    "costOfRevenue": 1807000000,
    "grossProfit": 1463000000,
    "grossProfitRatio": 0.4474006116,
    "researchAndDevelopmentExpenses": 0,
    "generalAndAdministrativeExpenses": 0,
    "sellingAndMarketingExpenses": 0,
    "sellingGeneralAndAdministrativeExpenses": 0,
    "otherExpenses": 1092000000,
    "operatingExpenses": 1092000000,
    "costAndExpenses": 2899000000,
    "interestIncome": 14000000,
    "interestExpense": 60000000,
    "depreciationAndAmortization": 175000000,
    "ebitda": 585000000,
    "ebitdaratio": 0.1788990826,
    "operatingIncome": 371000000,
    "operatingIncomeRatio": 0.1134556575,
    "totalOtherIncomeExpensesNet": -2000000,
    "incomeBeforeTax": 369000000,
    "incomeBeforeTaxRatio": 0.1128440367,
    "incomeTaxExpense": 127000000,
    "netIncome": 242000000,
    "netIncomeRatio": 0.0740061162,
    "eps": 0.94,
    "epsdiluted": 0.92,
    "weightedAverageShsOut": 258624000,
    "weightedAverageShsOutDil": 262671000,
    "link": "https://www.sec.gov/Archives/edgar/data/1032208/000008652108000031/0000086521-08-000031-index.htm",
    "finalLink": "https://www.sec.gov/Archives/edgar/data/1032208/000008652108000031/sempra5208.htm"
  },
  {
    "date": "2007-12-31",
    "symbol": "SRE",
    "reportedCurrency": "USD",
    "cik": "0001032208",
    "fillingDate": "2008-02-26",
    "acceptedDate": "2008-02-26 16:46:01",
    "calendarYear": "2007",
    "period": "Q4",
    "revenue": 3110000000,
    "costOfRevenue": -21000000,
    "grossProfit": 3131000000,
    "grossProfitRatio": 1.0067524116,
    "researchAndDevelopmentExpenses": 0,
    "generalAndAdministrativeExpenses": 0,
    "sellingAndMarketingExpenses": 0,
    "sellingGeneralAndAdministrativeExpenses": 0,
    "otherExpenses": 2638000000,
    "operatingExpenses": 2638000000,
    "costAndExpenses": 2617000000,
    "interestIncome": 0,
    "interestExpense": 0,
    "depreciationAndAmortization": 172000000,
    "ebitda": 665000000,
    "ebitdaratio": 0.2138263666,
    "operatingIncome": 493000000,
    "operatingIncomeRatio": 0.1585209003,
    "totalOtherIncomeExpensesNet": -22000000,
    "incomeBeforeTax": 471000000,
    "incomeBeforeTaxRatio": 0.1514469453,
    "incomeTaxExpense": 183000000,
    "netIncome": 289000000,
    "netIncomeRatio": 0.092926045,
    "eps": 1.12,
    "epsdiluted": 1.12,
    "weightedAverageShsOut": 258624000,
    "weightedAverageShsOutDil": 258624000,
    "link": "https://www.sec.gov/Archives/edgar/data/1032208/000008652108000015/0000086521-08-000015-index.htm",
    "finalLink": "https://www.sec.gov/Archives/edgar/data/1032208/000008652108000015/sempra10k2007.htm"
  },
  {
    "date": "2007-09-30",
    "symbol": "SRE",
    "reportedCurrency": "USD",
    "cik": "0001032208",
    "fillingDate": "2007-11-01",
    "acceptedDate": "2007-11-01 15:04:51",
    "calendarYear": "2007",
    "period": "Q3",
    "revenue": 2663000000,
    "costOfRevenue": 904000000,
    "grossProfit": 1759000000,
    "grossProfitRatio": 0.6605332332,
    "researchAndDevelopmentExpenses": 0,
    "generalAndAdministrativeExpenses": 0,
    "sellingAndMarketingExpenses": 0,
    "sellingGeneralAndAdministrativeExpenses": 0,
    "otherExpenses": 1260000000,
    "operatingExpenses": 1260000000,
    "costAndExpenses": 2663000000,
    "interestIncome": 0,
    "interestExpense": 0,
    "depreciationAndAmortization": 174000000,
    "ebitda": 673000000,
    "ebitdaratio": 0.2527224934,
    "operatingIncome": 499000000,
    "operatingIncomeRatio": 0.1873826511,
    "totalOtherIncomeExpensesNet": -34000000,
    "incomeBeforeTax": 465000000,
    "incomeBeforeTaxRatio": 0.1746150958,
    "incomeTaxExpense": 135000000,
    "netIncome": 305000000,
    "netIncomeRatio": 0.1145324822,
    "eps": 0.59,
    "epsdiluted": 0.57,
    "weightedAverageShsOut": 519126000,
    "weightedAverageShsOutDil": 528558000,
    "link": "https://www.sec.gov/Archives/edgar/data/1032208/000008652107000072/0000086521-07-000072-index.htm",
    "finalLink": "https://www.sec.gov/Archives/edgar/data/1032208/000008652107000072/sre10q307.htm"
  },
  {
    "date": "2007-06-30",
    "symbol": "SRE",
    "reportedCurrency": "USD",
    "cik": "0001032208",
    "fillingDate": "2007-08-02",
    "acceptedDate": "2007-08-02 16:07:22",
    "calendarYear": "2007",
    "period": "Q2",
    "revenue": 2661000000,
    "costOfRevenue": 1044000000,
    "grossProfit": 1617000000,
    "grossProfitRatio": 0.6076662909,
    "researchAndDevelopmentExpenses": 0,
    "generalAndAdministrativeExpenses": 0,
    "sellingAndMarketingExpenses": 0,
    "sellingGeneralAndAdministrativeExpenses": 0,
    "otherExpenses": 1203000000,
    "operatingExpenses": 1203000000,
    "costAndExpenses": 2247000000,
    "interestIncome": 24000000,
    "interestExpense": 69000000,
    "depreciationAndAmortization": 171000000,
    "ebitda": 585000000,
    "ebitdaratio": 0.2198421646,
    "operatingIncome": 414000000,
    "operatingIncomeRatio": 0.1555806088,
    "totalOtherIncomeExpensesNet": 9000000,
    "incomeBeforeTax": 423000000,
    "incomeBeforeTaxRatio": 0.1589627959,
    "incomeTaxExpense": 143000000,
    "netIncome": 277000000,
    "netIncomeRatio": 0.1040962044,
    "eps": 0.54,
    "epsdiluted": 0.53,
    "weightedAverageShsOut": 260198000,
    "weightedAverageShsOutDil": 264963000,
    "link": "https://www.sec.gov/Archives/edgar/data/1032208/000008652107000054/0000086521-07-000054-index.htm",
    "finalLink": "https://www.sec.gov/Archives/edgar/data/1032208/000008652107000054/sre2qtr07.htm"
  },
  {
    "date": "2007-03-31",
    "symbol": "SRE",
    "reportedCurrency": "USD",
    "cik": "0001032208",
    "fillingDate": "2007-05-02",
    "acceptedDate": "2007-05-02 14:42:26",
    "calendarYear": "2007",
    "period": "Q1",
    "revenue": 3004000000,
    "costOfRevenue": 485000000,
    "grossProfit": 2519000000,
    "grossProfitRatio": 0.8385486019,
    "researchAndDevelopmentExpenses": 0,
    "generalAndAdministrativeExpenses": 0,
    "sellingAndMarketingExpenses": 0,
    "sellingGeneralAndAdministrativeExpenses": 267000000,
    "otherExpenses": 2252000000,
    "operatingExpenses": 2519000000,
    "costAndExpenses": 3004000000,
    "interestIncome": 0,
    "interestExpense": 0,
    "depreciationAndAmortization": 169000000,
    "ebitda": 436000000,
    "ebitdaratio": 0.1451398136,
    "operatingIncome": 267000000,
    "operatingIncomeRatio": 0.0888814913,
    "totalOtherIncomeExpensesNet": 23000000,
    "incomeBeforeTax": 290000000,
    "incomeBeforeTaxRatio": 0.0965379494,
    "incomeTaxExpense": 63000000,
    "netIncome": 228000000,
    "netIncomeRatio": 0.0758988016,
    "eps": 0.44,
    "epsdiluted": 0.43,
    "weightedAverageShsOut": 259459000,
    "weightedAverageShsOutDil": 527992000,
    "link": "https://www.sec.gov/Archives/edgar/data/1032208/000008652107000032/0000086521-07-000032-index.htm",
    "finalLink": "https://www.sec.gov/Archives/edgar/data/1032208/000008652107000032/sempra1q2007.htm"
  },
  {
    "date": "2006-12-31",
    "symbol": "SRE",
    "reportedCurrency": "USD",
    "cik": "0001032208",
    "fillingDate": "2007-02-23",
    "acceptedDate": "2007-02-22 18:07:18",
    "calendarYear": "2006",
    "period": "Q4",
    "revenue": 3245000000,
    "costOfRevenue": 834000000,
    "grossProfit": 2411000000,
    "grossProfitRatio": 0.7429892142,
    "researchAndDevelopmentExpenses": 0,
    "generalAndAdministrativeExpenses": 0,
    "sellingAndMarketingExpenses": 0,
    "sellingGeneralAndAdministrativeExpenses": 0,
    "otherExpenses": 1843000000,
    "operatingExpenses": 1843000000,
    "costAndExpenses": 2677000000,
    "interestIncome": 36000000,
    "interestExpense": 78000000,
    "depreciationAndAmortization": 166000000,
    "ebitda": 734000000,
    "ebitdaratio": 0.2261941448,
    "operatingIncome": 568000000,
    "operatingIncomeRatio": 0.1750385208,
    "totalOtherIncomeExpensesNet": -259000000,
    "incomeBeforeTax": 309000000,
    "incomeBeforeTaxRatio": 0.0952234206,
    "incomeTaxExpense": 180000000,
    "netIncome": 125000000,
    "netIncomeRatio": 0.0385208012,
    "eps": 0.48,
    "epsdiluted": 0.48,
    "weightedAverageShsOut": 259459000,
    "weightedAverageShsOutDil": 259459000,
    "link": "https://www.sec.gov/Archives/edgar/data/1032208/000008652107000014/0000086521-07-000014-index.htm",
    "finalLink": "https://www.sec.gov/Archives/edgar/data/1032208/000008652107000014/se10k123106.htm"
  },
  {
    "date": "2006-09-30",
    "symbol": "SRE",
    "reportedCurrency": "USD",
    "cik": "0001032208",
    "fillingDate": "2006-11-02",
    "acceptedDate": "2006-11-02 17:14:22",
    "calendarYear": "2006",
    "period": "Q3",
    "revenue": 2694000000,
    "costOfRevenue": 615000000,
    "grossProfit": 2079000000,
    "grossProfitRatio": 0.771714922,
    "researchAndDevelopmentExpenses": 0,
    "generalAndAdministrativeExpenses": 0,
    "sellingAndMarketingExpenses": 0,
    "sellingGeneralAndAdministrativeExpenses": 0,
    "otherExpenses": 1615000000,
    "operatingExpenses": 1615000000,
    "costAndExpenses": 2694000000,
    "interestIncome": 0,
    "interestExpense": 0,
    "depreciationAndAmortization": 163000000,
    "ebitda": 627000000,
    "ebitdaratio": 0.2327394209,
    "operatingIncome": 464000000,
    "operatingIncomeRatio": 0.1722345954,
    "totalOtherIncomeExpensesNet": 336000000,
    "incomeBeforeTax": 800000000,
    "incomeBeforeTaxRatio": 0.296956199,
    "incomeTaxExpense": 257000000,
    "netIncome": 653000000,
    "netIncomeRatio": 0.2423904974,
    "eps": 2.54,
    "epsdiluted": 2.49,
    "weightedAverageShsOut": 257487000,
    "weightedAverageShsOutDil": 262102000,
    "link": "https://www.sec.gov/Archives/edgar/data/1032208/000008652106000055/0000086521-06-000055-index.htm",
    "finalLink": "https://www.sec.gov/Archives/edgar/data/1032208/000008652106000055/sre10q9302006.htm"
  },
  {
    "date": "2006-06-30",
    "symbol": "SRE",
    "reportedCurrency": "USD",
    "cik": "0001032208",
    "fillingDate": "2006-08-03",
    "acceptedDate": "2006-08-03 14:13:48",
    "calendarYear": "2006",
    "period": "Q2",
    "revenue": 2486000000,
    "costOfRevenue": 688000000,
    "grossProfit": 1798000000,
    "grossProfitRatio": 0.7232502011,
    "researchAndDevelopmentExpenses": 0,
    "generalAndAdministrativeExpenses": 0,
    "sellingAndMarketingExpenses": 0,
    "sellingGeneralAndAdministrativeExpenses": 337000000,
    "otherExpenses": 1461000000,
    "operatingExpenses": 1798000000,
    "costAndExpenses": 2486000000,
    "interestIncome": 0,
    "interestExpense": 0,
    "depreciationAndAmortization": 171000000,
    "ebitda": 508000000,
    "ebitdaratio": 0.2043443282,
    "operatingIncome": 337000000,
    "operatingIncomeRatio": 0.1355591311,
    "totalOtherIncomeExpensesNet": -56000000,
    "incomeBeforeTax": 281000000,
    "incomeBeforeTaxRatio": 0.1130329847,
    "incomeTaxExpense": 96000000,
    "netIncome": 373000000,
    "netIncomeRatio": 0.1500402253,
    "eps": 1.46,
    "epsdiluted": 0.72,
    "weightedAverageShsOut": 255728000,
    "weightedAverageShsOutDil": 520640000,
    "link": "https://www.sec.gov/Archives/edgar/data/1032208/000008652106000036/0000086521-06-000036-index.htm",
    "finalLink": "https://www.sec.gov/Archives/edgar/data/1032208/000008652106000036/sre10q606.htm"
  },
  {
    "date": "2006-03-31",
    "symbol": "SRE",
    "reportedCurrency": "USD",
    "cik": "0001032208",
    "fillingDate": "2006-05-02",
    "acceptedDate": "2006-05-02 16:56:15",
    "calendarYear": "2006",
    "period": "Q1",
    "revenue": 3349000000,
    "costOfRevenue": 1340000000,
    "grossProfit": 2009000000,
    "grossProfitRatio": 0.5998805614,
    "researchAndDevelopmentExpenses": 0,
    "generalAndAdministrativeExpenses": 0,
    "sellingAndMarketingExpenses": 0,
    "sellingGeneralAndAdministrativeExpenses": 0,
    "otherExpenses": 1593000000,
    "operatingExpenses": 1593000000,
    "costAndExpenses": 2933000000,
    "interestIncome": 0,
    "interestExpense": 0,
    "depreciationAndAmortization": 157000000,
    "ebitda": 569000000,
    "ebitdaratio": 0.1699014631,
    "operatingIncome": 412000000,
    "operatingIncomeRatio": 0.1230217976,
    "totalOtherIncomeExpensesNet": -70000000,
    "incomeBeforeTax": 342000000,
    "incomeBeforeTaxRatio": 0.1021200358,
    "incomeTaxExpense": 108000000,
    "netIncome": 255000000,
    "netIncomeRatio": 0.076142132,
    "eps": 0.5,
    "epsdiluted": 0.49,
    "weightedAverageShsOut": 508514000,
    "weightedAverageShsOutDil": 518502000,
    "link": "https://www.sec.gov/Archives/edgar/data/1032208/000008652106000024/0000086521-06-000024-index.htm",
    "finalLink": "https://www.sec.gov/Archives/edgar/data/1032208/000008652106000024/se10q033106a.htm"
  },
  {
    "date": "2005-12-31",
    "symbol": "SRE",
    "reportedCurrency": "USD",
    "cik": "0001032208",
    "fillingDate": "2006-02-23",
    "acceptedDate": "2006-02-22 18:50:29",
    "calendarYear": "2005",
    "period": "Q4",
    "revenue": 4047000000,
    "costOfRevenue": 1359000000,
    "grossProfit": 2688000000,
    "grossProfitRatio": 0.6641957005,
    "researchAndDevelopmentExpenses": 0,
    "generalAndAdministrativeExpenses": 0,
    "sellingAndMarketingExpenses": 0,
    "sellingGeneralAndAdministrativeExpenses": 0,
    "otherExpenses": 2175000000,
    "operatingExpenses": 2175000000,
    "costAndExpenses": 3534000000,
    "interestIncome": 23000000,
    "interestExpense": 83000000,
    "depreciationAndAmortization": 165000000,
    "ebitda": 678000000,
    "ebitdaratio": 0.1675315048,
    "operatingIncome": 513000000,
    "operatingIncomeRatio": 0.1267605634,
    "totalOtherIncomeExpensesNet": -94000000,
    "incomeBeforeTax": 419000000,
    "incomeBeforeTaxRatio": 0.1035334816,
    "incomeTaxExpense": 58000000,
    "netIncome": 355000000,
    "netIncomeRatio": 0.0877192982,
    "eps": 1.4,
    "epsdiluted": 1.4,
    "weightedAverageShsOut": 254257000,
    "weightedAverageShsOutDil": 254257000,
    "link": "https://www.sec.gov/Archives/edgar/data/1032208/000008652106000008/0000086521-06-000008-index.htm",
    "finalLink": "https://www.sec.gov/Archives/edgar/data/1032208/000008652106000008/se10k12312005.htm"
  },
  {
    "date": "2005-09-30",
    "symbol": "SRE",
    "reportedCurrency": "USD",
    "cik": "0001032208",
    "fillingDate": "2005-11-02",
    "acceptedDate": "2005-11-02 17:22:17",
    "calendarYear": "2005",
    "period": "Q3",
    "revenue": 2726000000,
    "costOfRevenue": 693000000,
    "grossProfit": 2033000000,
    "grossProfitRatio": 0.7457813646,
    "researchAndDevelopmentExpenses": 0,
    "generalAndAdministrativeExpenses": 0,
    "sellingAndMarketingExpenses": 0,
    "sellingGeneralAndAdministrativeExpenses": 63000000,
    "otherExpenses": 1954000000,
    "operatingExpenses": 2017000000,
    "costAndExpenses": 2710000000,
    "interestIncome": 0,
    "interestExpense": 0,
    "depreciationAndAmortization": 152000000,
    "ebitda": 219000000,
    "ebitdaratio": 0.0803374908,
    "operatingIncome": 67000000,
    "operatingIncomeRatio": 0.0245781365,
    "totalOtherIncomeExpensesNet": 86000000,
    "incomeBeforeTax": 153000000,
    "incomeBeforeTaxRatio": 0.0561261922,
    "incomeTaxExpense": -63000000,
    "netIncome": 221000000,
    "netIncomeRatio": 0.0810711665,
    "eps": 0.87,
    "epsdiluted": 0.86,
    "weightedAverageShsOut": 505948000,
    "weightedAverageShsOutDil": 257370000,
    "link": "https://www.sec.gov/Archives/edgar/data/1032208/000008652105000054/0000086521-05-000054-index.htm",
    "finalLink": "https://www.sec.gov/Archives/edgar/data/1032208/000008652105000054/se10q93005.htm"
  },
  {
    "date": "2005-06-30",
    "symbol": "SRE",
    "reportedCurrency": "USD",
    "cik": "0001032208",
    "fillingDate": "2005-08-03",
    "acceptedDate": "2005-08-02 19:05:40",
    "calendarYear": "2005",
    "period": "Q2",
    "revenue": 2272000000,
    "costOfRevenue": 746000000,
    "grossProfit": 1526000000,
    "grossProfitRatio": 0.6716549296,
    "researchAndDevelopmentExpenses": 0,
    "generalAndAdministrativeExpenses": 0,
    "sellingAndMarketingExpenses": 0,
    "sellingGeneralAndAdministrativeExpenses": 0,
    "otherExpenses": 1313000000,
    "operatingExpenses": 1313000000,
    "costAndExpenses": 2059000000,
    "interestIncome": 12000000,
    "interestExpense": 72000000,
    "depreciationAndAmortization": 163000000,
    "ebitda": 360000000,
    "ebitdaratio": 0.1584507042,
    "operatingIncome": 213000000,
    "operatingIncomeRatio": 0.09375,
    "totalOtherIncomeExpensesNet": -61000000,
    "incomeBeforeTax": 152000000,
    "incomeBeforeTaxRatio": 0.0669014085,
    "incomeTaxExpense": 33000000,
    "netIncome": 121000000,
    "netIncomeRatio": 0.0532570423,
    "eps": 0.25,
    "epsdiluted": 0.48,
    "weightedAverageShsOut": 487796000,
    "weightedAverageShsOutDil": 250073000,
    "link": "https://www.sec.gov/Archives/edgar/data/1032208/000008652105000038/0000086521-05-000038-index.htm",
    "finalLink": "https://www.sec.gov/Archives/edgar/data/1032208/000008652105000038/se10q063005.htm"
  },
  {
    "date": "2005-03-31",
    "symbol": "SRE",
    "reportedCurrency": "USD",
    "cik": "0001032208",
    "fillingDate": "2005-05-04",
    "acceptedDate": "2005-05-04 17:03:52",
    "calendarYear": "2005",
    "period": "Q1",
    "revenue": 2692000000,
    "costOfRevenue": 1058000000,
    "grossProfit": 1634000000,
    "grossProfitRatio": 0.6069836553,
    "researchAndDevelopmentExpenses": 0,
    "generalAndAdministrativeExpenses": 0,
    "sellingAndMarketingExpenses": 0,
    "sellingGeneralAndAdministrativeExpenses": 0,
    "otherExpenses": 1355000000,
    "operatingExpenses": 1355000000,
    "costAndExpenses": 2413000000,
    "interestIncome": 0,
    "interestExpense": 0,
    "depreciationAndAmortization": 161000000,
    "ebitda": 435000000,
    "ebitdaratio": 0.161589896,
    "operatingIncome": 274000000,
    "operatingIncomeRatio": 0.1017830609,
    "totalOtherIncomeExpensesNet": -44000000,
    "incomeBeforeTax": 230000000,
    "incomeBeforeTaxRatio": 0.0854383358,
    "incomeTaxExpense": 7000000,
    "netIncome": 225000000,
    "netIncomeRatio": 0.0835809807,
    "eps": 0.48,
    "epsdiluted": 0.92,
    "weightedAverageShsOut": 232939000,
    "weightedAverageShsOutDil": 482210000,
    "link": "https://www.sec.gov/Archives/edgar/data/1032208/000008652105000024/0000086521-05-000024-index.htm",
    "finalLink": "https://www.sec.gov/Archives/edgar/data/1032208/000008652105000024/sempra10q03312005.txt"
  },
  {
    "date": "2004-12-31",
    "symbol": "SRE",
    "reportedCurrency": "USD",
    "cik": "0001032208",
    "fillingDate": "2005-02-23",
    "acceptedDate": "2005-02-23 15:54:49",
    "calendarYear": "2004",
    "period": "Q4",
    "revenue": 2889000000,
    "costOfRevenue": 1000000000,
    "grossProfit": 1889000000,
    "grossProfitRatio": 0.6538594669,
    "researchAndDevelopmentExpenses": 0,
    "generalAndAdministrativeExpenses": 0,
    "sellingAndMarketingExpenses": 0,
    "sellingGeneralAndAdministrativeExpenses": 0,
    "otherExpenses": 1514000000,
    "operatingExpenses": 1514000000,
    "costAndExpenses": 2514000000,
    "interestIncome": 0,
    "interestExpense": 0,
    "depreciationAndAmortization": 120000000,
    "ebitda": 495000000,
    "ebitdaratio": 0.1713395639,
    "operatingIncome": 375000000,
    "operatingIncomeRatio": 0.1298026999,
    "totalOtherIncomeExpensesNet": -34000000,
    "incomeBeforeTax": 341000000,
    "incomeBeforeTaxRatio": 0.1180339218,
    "incomeTaxExpense": 2000000,
    "netIncome": 346000000,
    "netIncomeRatio": 0.1197646244,
    "eps": 1.49,
    "epsdiluted": 1.49,
    "weightedAverageShsOut": 232939000,
    "weightedAverageShsOutDil": 232939000,
    "link": "https://www.sec.gov/Archives/edgar/data/1032208/000008652105000014/0000086521-05-000014-index.htm",
    "finalLink": "https://www.sec.gov/Archives/edgar/data/1032208/000008652105000014/se10k2004.txt"
  },
  {
    "date": "2004-09-30",
    "symbol": "SRE",
    "reportedCurrency": "USD",
    "cik": "0001032208",
    "fillingDate": "2004-11-04",
    "acceptedDate": "2004-11-04 14:03:19",
    "calendarYear": "2004",
    "period": "Q3",
    "revenue": 2165000000,
    "costOfRevenue": 581000000,
    "grossProfit": 1584000000,
    "grossProfitRatio": 0.7316397229,
    "researchAndDevelopmentExpenses": 0,
    "generalAndAdministrativeExpenses": 0,
    "sellingAndMarketingExpenses": 0,
    "sellingGeneralAndAdministrativeExpenses": 0,
    "otherExpenses": 1239000000,
    "operatingExpenses": 1239000000,
    "costAndExpenses": 1820000000,
    "interestIncome": 0,
    "interestExpense": 0,
    "depreciationAndAmortization": 171000000,
    "ebitda": 516000000,
    "ebitdaratio": 0.2383371824,
    "operatingIncome": 345000000,
    "operatingIncomeRatio": 0.1593533487,
    "totalOtherIncomeExpensesNet": -11000000,
    "incomeBeforeTax": 334000000,
    "incomeBeforeTaxRatio": 0.1542725173,
    "incomeTaxExpense": 103000000,
    "netIncome": 231000000,
    "netIncomeRatio": 0.1066974596,
    "eps": 0.51,
    "epsdiluted": 0.49,
    "weightedAverageShsOut": 229376000,
    "weightedAverageShsOutDil": 235936000,
    "link": "https://www.sec.gov/Archives/edgar/data/1032208/000008652104000027/0000086521-04-000027-index.htm",
    "finalLink": "https://www.sec.gov/Archives/edgar/data/1032208/000008652104000027/sempra10q09302004.txt"
  },
  {
    "date": "2004-06-30",
    "symbol": "SRE",
    "reportedCurrency": "USD",
    "cik": "0001032208",
    "fillingDate": "2004-08-05",
    "acceptedDate": "2004-08-05 15:21:34",
    "calendarYear": "2004",
    "period": "Q2",
    "revenue": 1996000000,
    "costOfRevenue": 637000000,
    "grossProfit": 1359000000,
    "grossProfitRatio": 0.6808617234,
    "researchAndDevelopmentExpenses": 0,
    "generalAndAdministrativeExpenses": 0,
    "sellingAndMarketingExpenses": 0,
    "sellingGeneralAndAdministrativeExpenses": 0,
    "otherExpenses": 1139000000,
    "operatingExpenses": 1139000000,
    "costAndExpenses": 1776000000,
    "interestIncome": 0,
    "interestExpense": 0,
    "depreciationAndAmortization": 165000000,
    "ebitda": 385000000,
    "ebitdaratio": 0.1928857715,
    "operatingIncome": 220000000,
    "operatingIncomeRatio": 0.1102204409,
    "totalOtherIncomeExpensesNet": -60000000,
    "incomeBeforeTax": 160000000,
    "incomeBeforeTaxRatio": 0.0801603206,
    "incomeTaxExpense": 31000000,
    "netIncome": 121000000,
    "netIncomeRatio": 0.0606212425,
    "eps": 0.52,
    "epsdiluted": 0.26,
    "weightedAverageShsOut": 460864000,
    "weightedAverageShsOutDil": 234312000,
    "link": "https://www.sec.gov/Archives/edgar/data/1032208/000008652104000015/0000086521-04-000015-index.htm",
    "finalLink": "https://www.sec.gov/Archives/edgar/data/1032208/000008652104000015/se10q063004.txt"
  },
  {
    "date": "2004-03-31",
    "symbol": "SRE",
    "reportedCurrency": "USD",
    "cik": "0001032208",
    "fillingDate": "2004-04-29",
    "acceptedDate": "2004-04-29 15:55:21",
    "calendarYear": "2004",
    "period": "Q1",
    "revenue": 2360000000,
    "costOfRevenue": 951000000,
    "grossProfit": 1409000000,
    "grossProfitRatio": 0.5970338983,
    "researchAndDevelopmentExpenses": 0,
    "generalAndAdministrativeExpenses": 0,
    "sellingAndMarketingExpenses": 0,
    "sellingGeneralAndAdministrativeExpenses": 0,
    "otherExpenses": 1077000000,
    "operatingExpenses": 1077000000,
    "costAndExpenses": 2028000000,
    "interestIncome": 23000000,
    "interestExpense": 80000000,
    "depreciationAndAmortization": 165000000,
    "ebitda": 497000000,
    "ebitdaratio": 0.2105932203,
    "operatingIncome": 332000000,
    "operatingIncomeRatio": 0.1406779661,
    "totalOtherIncomeExpensesNet": -54000000,
    "incomeBeforeTax": 278000000,
    "incomeBeforeTaxRatio": 0.1177966102,
    "incomeTaxExpense": 57000000,
    "netIncome": 197000000,
    "netIncomeRatio": 0.0834745763,
    "eps": 0.86,
    "epsdiluted": 0.43,
    "weightedAverageShsOut": 456110000,
    "weightedAverageShsOutDil": 231136000,
    "link": "https://www.sec.gov/Archives/edgar/data/1032208/000008652104000011/0000086521-04-000011-index.htm",
    "finalLink": "https://www.sec.gov/Archives/edgar/data/1032208/000008652104000011/se10q033104.txt"
  },
  {
    "date": "2003-12-31",
    "symbol": "SRE",
    "reportedCurrency": "USD",
    "cik": "0001032208",
    "fillingDate": "2004-02-25",
    "acceptedDate": "2004-02-24 19:07:50",
    "calendarYear": "2003",
    "period": "Q4",
    "revenue": 2066000000,
    "costOfRevenue": 655000000,
    "grossProfit": 1411000000,
    "grossProfitRatio": 0.6829622459,
    "researchAndDevelopmentExpenses": 0,
    "generalAndAdministrativeExpenses": 0,
    "sellingAndMarketingExpenses": 0,
    "sellingGeneralAndAdministrativeExpenses": 0,
    "otherExpenses": 1197000000,
    "operatingExpenses": 1197000000,
    "costAndExpenses": 1852000000,
    "interestIncome": 74000000,
    "interestExpense": 85000000,
    "depreciationAndAmortization": 160000000,
    "ebitda": 374000000,
    "ebitdaratio": 0.1810261375,
    "operatingIncome": 214000000,
    "operatingIncomeRatio": 0.1035818006,
    "totalOtherIncomeExpensesNet": -25000000,
    "incomeBeforeTax": 189000000,
    "incomeBeforeTaxRatio": 0.0914811229,
    "incomeTaxExpense": -62000000,
    "netIncome": 234000000,
    "netIncomeRatio": 0.1132623427,
    "eps": 1.03,
    "epsdiluted": 1.03,
    "weightedAverageShsOut": 228055000,
    "weightedAverageShsOutDil": 228055000,
    "link": "https://www.sec.gov/Archives/edgar/data/1032208/000008652104000004/0000086521-04-000004-index.htm",
    "finalLink": "https://www.sec.gov/Archives/edgar/data/1032208/000008652104000004/sempra10k2003.txt"
  },
  {
    "date": "2003-09-30",
    "symbol": "SRE",
    "reportedCurrency": "USD",
    "cik": "0001032208",
    "fillingDate": "2003-11-06",
    "acceptedDate": "2003-11-06 17:23:25",
    "calendarYear": "2003",
    "period": "Q3",
    "revenue": 2058000000,
    "costOfRevenue": 500000000,
    "grossProfit": 1558000000,
    "grossProfitRatio": 0.7570456754,
    "researchAndDevelopmentExpenses": 0,
    "generalAndAdministrativeExpenses": 0,
    "sellingAndMarketingExpenses": 0,
    "sellingGeneralAndAdministrativeExpenses": 0,
    "otherExpenses": 1251000000,
    "operatingExpenses": 1251000000,
    "costAndExpenses": 1751000000,
    "interestIncome": 8000000,
    "interestExpense": 78000000,
    "depreciationAndAmortization": 158000000,
    "ebitda": 465000000,
    "ebitdaratio": 0.2259475219,
    "operatingIncome": 307000000,
    "operatingIncomeRatio": 0.1491739553,
    "totalOtherIncomeExpensesNet": -38000000,
    "incomeBeforeTax": 269000000,
    "incomeBeforeTaxRatio": 0.1307094266,
    "incomeTaxExpense": 58000000,
    "netIncome": 211000000,
    "netIncomeRatio": 0.102526725,
    "eps": 0.51,
    "epsdiluted": 0.5,
    "weightedAverageShsOut": 208816000,
    "weightedAverageShsOutDil": 212273000,
    "link": "https://www.sec.gov/Archives/edgar/data/1032208/000008652103000033/0000086521-03-000033-index.htm",
    "finalLink": "https://www.sec.gov/Archives/edgar/data/1032208/000008652103000033/se3q10q2003.txt"
  },
  {
    "date": "2003-06-30",
    "symbol": "SRE",
    "reportedCurrency": "USD",
    "cik": "0001032208",
    "fillingDate": "2003-08-07",
    "acceptedDate": "2003-08-07 16:35:32",
    "calendarYear": "2003",
    "period": "Q2",
    "revenue": 1840000000,
    "costOfRevenue": 137000000,
    "grossProfit": 1703000000,
    "grossProfitRatio": 0.9255434783,
    "researchAndDevelopmentExpenses": 0,
    "generalAndAdministrativeExpenses": 0,
    "sellingAndMarketingExpenses": 0,
    "sellingGeneralAndAdministrativeExpenses": 0,
    "otherExpenses": 1500000000,
    "operatingExpenses": 1500000000,
    "costAndExpenses": 1637000000,
    "interestIncome": 0,
    "interestExpense": 0,
    "depreciationAndAmortization": 149000000,
    "ebitda": 352000000,
    "ebitdaratio": 0.1913043478,
    "operatingIncome": 203000000,
    "operatingIncomeRatio": 0.110326087,
    "totalOtherIncomeExpensesNet": -60000000,
    "incomeBeforeTax": 143000000,
    "incomeBeforeTaxRatio": 0.0777173913,
    "incomeTaxExpense": 27000000,
    "netIncome": 116000000,
    "netIncomeRatio": 0.0630434783,
    "eps": 0.28,
    "epsdiluted": 0.28,
    "weightedAverageShsOut": 207626000,
    "weightedAverageShsOutDil": 210164000,
    "link": "https://www.sec.gov/Archives/edgar/data/1032208/000008652103000022/0000086521-03-000022-index.htm",
    "finalLink": "https://www.sec.gov/Archives/edgar/data/1032208/000008652103000022/se10q0603.txt"
  },
  {
    "date": "2003-03-31",
    "symbol": "SRE",
    "reportedCurrency": "USD",
    "cik": "0001032208",
    "fillingDate": "2003-05-06",
    "acceptedDate": "2003-05-05 18:59:17",
    "calendarYear": "2003",
    "period": "Q1",
    "revenue": 1923000000,
    "costOfRevenue": 163000000,
    "grossProfit": 1760000000,
    "grossProfitRatio": 0.9152366095,
    "researchAndDevelopmentExpenses": 0,
    "generalAndAdministrativeExpenses": 0,
    "sellingAndMarketingExpenses": 0,
    "sellingGeneralAndAdministrativeExpenses": 0,
    "otherExpenses": 1545000000,
    "operatingExpenses": 1545000000,
    "costAndExpenses": 1708000000,
    "interestIncome": 0,
    "interestExpense": 0,
    "depreciationAndAmortization": 148000000,
    "ebitda": 363000000,
    "ebitdaratio": 0.1887675507,
    "operatingIncome": 215000000,
    "operatingIncomeRatio": 0.1118044722,
    "totalOtherIncomeExpensesNet": -74000000,
    "incomeBeforeTax": 141000000,
    "incomeBeforeTaxRatio": 0.0733229329,
    "incomeTaxExpense": 24000000,
    "netIncome": 88000000,
    "netIncomeRatio": 0.0457618305,
    "eps": 0.22,
    "epsdiluted": 0.42,
    "weightedAverageShsOut": 206393000,
    "weightedAverageShsOutDil": 415646000,
    "link": "https://www.sec.gov/Archives/edgar/data/1032208/000008652103000016/0000086521-03-000016-index.htm",
    "finalLink": "https://www.sec.gov/Archives/edgar/data/1032208/000008652103000016/se10qtr0303a.txt"
  },
  {
    "date": "2002-12-31",
    "symbol": "SRE",
    "reportedCurrency": "USD",
    "cik": "0001032208",
    "fillingDate": "2003-02-26",
    "acceptedDate": "2003-02-26 17:24:00",
    "calendarYear": "2002",
    "period": "Q4",
    "revenue": 1682000000,
    "costOfRevenue": 512000000,
    "grossProfit": 1170000000,
    "grossProfitRatio": 0.6956004756,
    "researchAndDevelopmentExpenses": 0,
    "generalAndAdministrativeExpenses": 0,
    "sellingAndMarketingExpenses": 0,
    "sellingGeneralAndAdministrativeExpenses": 194000000,
    "otherExpenses": 976000000,
    "operatingExpenses": 1170000000,
    "costAndExpenses": 1488000000,
    "interestIncome": 0,
    "interestExpense": 0,
    "depreciationAndAmortization": 149000000,
    "ebitda": 343000000,
    "ebitdaratio": 0.2039239001,
    "operatingIncome": 194000000,
    "operatingIncomeRatio": 0.1153388823,
    "totalOtherIncomeExpensesNet": -61000000,
    "incomeBeforeTax": 133000000,
    "incomeBeforeTaxRatio": 0.0790725327,
    "incomeTaxExpense": 1000000,
    "netIncome": 148000000,
    "netIncomeRatio": 0.0879904875,
    "eps": 0.72,
    "epsdiluted": 0.72,
    "weightedAverageShsOut": 206393000,
    "weightedAverageShsOutDil": 206393000,
    "link": "https://www.sec.gov/Archives/edgar/data/1032208/000008652103000005/0000086521-03-000005-index.htm",
    "finalLink": "https://www.sec.gov/Archives/edgar/data/1032208/000008652103000005/se10k2002.txt"
  },
  {
    "date": "2002-09-30",
    "symbol": "SRE",
    "reportedCurrency": "USD",
    "cik": "0001032208",
    "fillingDate": "2002-11-08",
    "acceptedDate": "2002-11-08 16:26:12",
    "calendarYear": "2002",
    "period": "Q3",
    "revenue": 1385000000,
    "costOfRevenue": 297000000,
    "grossProfit": 1088000000,
    "grossProfitRatio": 0.7855595668,
    "researchAndDevelopmentExpenses": 0,
    "generalAndAdministrativeExpenses": 0,
    "sellingAndMarketingExpenses": 0,
    "sellingGeneralAndAdministrativeExpenses": 311000000,
    "otherExpenses": 777000000,
    "operatingExpenses": 1088000000,
    "costAndExpenses": 1074000000,
    "interestIncome": 0,
    "interestExpense": 0,
    "depreciationAndAmortization": 147000000,
    "ebitda": 458000000,
    "ebitdaratio": 0.3306859206,
    "operatingIncome": 311000000,
    "operatingIncomeRatio": 0.2245487365,
    "totalOtherIncomeExpensesNet": -92000000,
    "incomeBeforeTax": 219000000,
    "incomeBeforeTaxRatio": 0.1581227437,
    "incomeTaxExpense": 69000000,
    "netIncome": 150000000,
    "netIncomeRatio": 0.1083032491,
    "eps": 0.37,
    "epsdiluted": 0.37,
    "weightedAverageShsOut": 204932000,
    "weightedAverageShsOutDil": 205366000,
    "link": "https://www.sec.gov/Archives/edgar/data/1032208/000008652102000030/0000086521-02-000030-index.htm",
    "finalLink": "https://www.sec.gov/Archives/edgar/data/1032208/000008652102000030/se10q902.txt"
  },
  {
    "date": "2002-06-30",
    "symbol": "SRE",
    "reportedCurrency": "USD",
    "cik": "0001032208",
    "fillingDate": "2002-08-13",
    "acceptedDate": "2002-08-13 13:12:00",
    "calendarYear": "2002",
    "period": "Q2",
    "revenue": 1494000000,
    "costOfRevenue": 384000000,
    "grossProfit": 1110000000,
    "grossProfitRatio": 0.7429718876,
    "researchAndDevelopmentExpenses": 0,
    "generalAndAdministrativeExpenses": 0,
    "sellingAndMarketingExpenses": 0,
    "sellingGeneralAndAdministrativeExpenses": 0,
    "otherExpenses": 878000000,
    "operatingExpenses": 878000000,
    "costAndExpenses": 1262000000,
    "interestIncome": 0,
    "interestExpense": 76000000,
    "depreciationAndAmortization": 152000000,
    "ebitda": 384000000,
    "ebitdaratio": 0.2570281124,
    "operatingIncome": 232000000,
    "operatingIncomeRatio": 0.1552878179,
    "totalOtherIncomeExpensesNet": -68000000,
    "incomeBeforeTax": 164000000,
    "incomeBeforeTaxRatio": 0.109772423,
    "incomeTaxExpense": 17000000,
    "netIncome": 147000000,
    "netIncomeRatio": 0.0983935743,
    "eps": 0.36,
    "epsdiluted": 0.36,
    "weightedAverageShsOut": 205354000,
    "weightedAverageShsOutDil": 207084000,
    "link": "https://www.sec.gov/Archives/edgar/data/1032208/000008652102000019/0000086521-02-000019-index.htm",
    "finalLink": "https://www.sec.gov/Archives/edgar/data/1032208/000008652102000019/se10q602a.txt"
  },
  {
    "date": "2002-03-31",
    "symbol": "SRE",
    "reportedCurrency": "USD",
    "cik": "0001032208",
    "fillingDate": "2002-05-10",
    "acceptedDate": "2002-05-10 14:47:23",
    "calendarYear": "2002",
    "period": "Q1",
    "revenue": 1525000000,
    "costOfRevenue": 61000000,
    "grossProfit": 1464000000,
    "grossProfitRatio": 0.96,
    "researchAndDevelopmentExpenses": 0,
    "generalAndAdministrativeExpenses": 0,
    "sellingAndMarketingExpenses": 0,
    "sellingGeneralAndAdministrativeExpenses": 0,
    "otherExpenses": 1213000000,
    "operatingExpenses": 1213000000,
    "costAndExpenses": 1274000000,
    "interestIncome": 0,
    "interestExpense": 0,
    "depreciationAndAmortization": 148000000,
    "ebitda": 399000000,
    "ebitdaratio": 0.2616393443,
    "operatingIncome": 251000000,
    "operatingIncomeRatio": 0.1645901639,
    "totalOtherIncomeExpensesNet": -46000000,
    "incomeBeforeTax": 205000000,
    "incomeBeforeTaxRatio": 0.1344262295,
    "incomeTaxExpense": 59000000,
    "netIncome": 146000000,
    "netIncomeRatio": 0.0957377049,
    "eps": 0.36,
    "epsdiluted": 0.36,
    "weightedAverageShsOut": 204853000,
    "weightedAverageShsOutDil": 206416000,
    "link": "https://www.sec.gov/Archives/edgar/data/1032208/000008652102000012/0000086521-02-000012-index.htm",
    "finalLink": "https://www.sec.gov/Archives/edgar/data/1032208/000008652102000012/se10q302.txt"
  },
  {
    "date": "2001-12-31",
    "symbol": "SRE",
    "reportedCurrency": "USD",
    "cik": "0001032208",
    "fillingDate": "2002-03-19",
    "acceptedDate": "2002-03-19 00:00:00",
    "calendarYear": "2001",
    "period": "Q4",
    "revenue": 1085000000,
    "costOfRevenue": 2343000000,
    "grossProfit": -1258000000,
    "grossProfitRatio": -1.1594470046,
    "researchAndDevelopmentExpenses": 0,
    "generalAndAdministrativeExpenses": 0,
    "sellingAndMarketingExpenses": 0,
    "sellingGeneralAndAdministrativeExpenses": 138000000,
    "otherExpenses": -1396000000,
    "operatingExpenses": -1258000000,
    "costAndExpenses": 947000000,
    "interestIncome": 0,
    "interestExpense": 0,
    "depreciationAndAmortization": 151000000,
    "ebitda": 289000000,
    "ebitdaratio": 0.266359447,
    "operatingIncome": 138000000,
    "operatingIncomeRatio": 0.1271889401,
    "totalOtherIncomeExpensesNet": -70000000,
    "incomeBeforeTax": 68000000,
    "incomeBeforeTaxRatio": 0.0626728111,
    "incomeTaxExpense": -40000000,
    "netIncome": 108000000,
    "netIncomeRatio": 0.0995391705,
    "eps": 0.53,
    "epsdiluted": 0.53,
    "weightedAverageShsOut": 316000000,
    "weightedAverageShsOutDil": 316000000,
    "link": "https://www.sec.gov/Archives/edgar/data/1032208/000008652102000006/0000086521-02-000006-index.htm",
    "finalLink": "https://www.sec.gov/Archives/edgar/data/1032208/000008652102000006/se10k2001tags.txt"
  },
  {
    "date": "2001-09-30",
    "symbol": "SRE",
    "reportedCurrency": "USD",
    "cik": "0001032208",
    "fillingDate": "2001-11-14",
    "acceptedDate": "2001-11-14 00:00:00",
    "calendarYear": "2001",
    "period": "Q3",
    "revenue": 1627000000,
    "costOfRevenue": 205000000,
    "grossProfit": 1422000000,
    "grossProfitRatio": 0.8740012293,
    "researchAndDevelopmentExpenses": 0,
    "generalAndAdministrativeExpenses": 0,
    "sellingAndMarketingExpenses": 0,
    "sellingGeneralAndAdministrativeExpenses": 0,
    "otherExpenses": 1212000000,
    "operatingExpenses": 1212000000,
    "costAndExpenses": 1382000000,
    "interestIncome": 0,
    "interestExpense": 0,
    "depreciationAndAmortization": 147000000,
    "ebitda": 366000000,
    "ebitdaratio": 0.2249539029,
    "operatingIncome": 219000000,
    "operatingIncomeRatio": 0.1346035648,
    "totalOtherIncomeExpensesNet": -66000000,
    "incomeBeforeTax": 153000000,
    "incomeBeforeTaxRatio": 0.0940381069,
    "incomeTaxExpense": 57000000,
    "netIncome": 96000000,
    "netIncomeRatio": 0.0590043024,
    "eps": 0.24,
    "epsdiluted": 0.23,
    "weightedAverageShsOut": 204180000,
    "weightedAverageShsOutDil": 413172000,
    "link": "https://www.sec.gov/Archives/edgar/data/1032208/000104186401500011/0001041864-01-500011-index.htm",
    "finalLink": "https://www.sec.gov/Archives/edgar/data/1032208/000104186401500011/se10q901.txt"
  },
  {
    "date": "2001-06-30",
    "symbol": "SRE",
    "reportedCurrency": "USD",
    "cik": "0001032208",
    "fillingDate": "2001-08-10",
    "acceptedDate": "2001-08-10 00:00:00",
    "calendarYear": "2001",
    "period": "Q2",
    "revenue": 1895000000,
    "costOfRevenue": 203000000,
    "grossProfit": 1692000000,
    "grossProfitRatio": 0.8928759894,
    "researchAndDevelopmentExpenses": 0,
    "generalAndAdministrativeExpenses": 0,
    "sellingAndMarketingExpenses": 0,
    "sellingGeneralAndAdministrativeExpenses": -455000000,
    "otherExpenses": 1591000000,
    "operatingExpenses": 1136000000,
    "costAndExpenses": 1794000000,
    "interestIncome": 0,
    "interestExpense": 0,
    "depreciationAndAmortization": 139000000,
    "ebitda": 411000000,
    "ebitdaratio": 0.2168865435,
    "operatingIncome": 272000000,
    "operatingIncomeRatio": 0.1435356201,
    "totalOtherIncomeExpensesNet": -71000000,
    "incomeBeforeTax": 201000000,
    "incomeBeforeTaxRatio": 0.1060686016,
    "incomeTaxExpense": 64000000,
    "netIncome": 137000000,
    "netIncomeRatio": 0.0722955145,
    "eps": 0.34,
    "epsdiluted": 0.33,
    "weightedAverageShsOut": 406800000,
    "weightedAverageShsOutDil": 411926000,
    "link": "https://www.sec.gov/Archives/edgar/data/1032208/000008652101500023/0000086521-01-500023-index.htm",
    "finalLink": "https://www.sec.gov/Archives/edgar/data/1032208/000008652101500023/se10q601.txt"
  },
  {
    "date": "2001-03-31",
    "symbol": "SRE",
    "reportedCurrency": "USD",
    "cik": "0001032208",
    "fillingDate": "2001-05-04",
    "acceptedDate": "2001-05-04 00:00:00",
    "calendarYear": "2001",
    "period": "Q1",
    "revenue": 3242000000,
    "costOfRevenue": 585000000,
    "grossProfit": 2657000000,
    "grossProfitRatio": 0.8195558297,
    "researchAndDevelopmentExpenses": 0,
    "generalAndAdministrativeExpenses": 0,
    "sellingAndMarketingExpenses": 0,
    "sellingGeneralAndAdministrativeExpenses": 0,
    "otherExpenses": 2327000000,
    "operatingExpenses": 2327000000,
    "costAndExpenses": 2912000000,
    "interestIncome": 0,
    "interestExpense": 120000000,
    "depreciationAndAmortization": 142000000,
    "ebitda": 485000000,
    "ebitdaratio": 0.149599013,
    "operatingIncome": 343000000,
    "operatingIncomeRatio": 0.1057988896,
    "totalOtherIncomeExpensesNet": -33000000,
    "incomeBeforeTax": 310000000,
    "incomeBeforeTaxRatio": 0.0956199877,
    "incomeTaxExpense": 132000000,
    "netIncome": 178000000,
    "netIncomeRatio": 0.05490438,
    "eps": 0.44,
    "epsdiluted": 0.44,
    "weightedAverageShsOut": 202285000,
    "weightedAverageShsOutDil": 203033000,
    "link": "https://www.sec.gov/Archives/edgar/data/1032208/000008652101500010/0000086521-01-500010-index.htm",
    "finalLink": "https://www.sec.gov/Archives/edgar/data/1032208/000008652101500010/se10q301ta.htm"
  },
  {
    "date": "2000-12-31",
    "symbol": "SRE",
    "reportedCurrency": "USD",
    "cik": "0001032208",
    "fillingDate": "2001-03-13",
    "acceptedDate": "2001-03-13 00:00:00",
    "calendarYear": "2000",
    "period": "Q4",
    "revenue": 2298000000,
    "costOfRevenue": 2084000000,
    "grossProfit": 214000000,
    "grossProfitRatio": 0.093124456,
    "researchAndDevelopmentExpenses": 0,
    "generalAndAdministrativeExpenses": 0,
    "sellingAndMarketingExpenses": 0,
    "sellingGeneralAndAdministrativeExpenses": 0,
    "otherExpenses": -76000000,
    "operatingExpenses": -76000000,
    "costAndExpenses": 2008000000,
    "interestIncome": 0,
    "interestExpense": 70000000,
    "depreciationAndAmortization": 143000000,
    "ebitda": 433000000,
    "ebitdaratio": 0.1884247171,
    "operatingIncome": 290000000,
    "operatingIncomeRatio": 0.1261966928,
    "totalOtherIncomeExpensesNet": -92000000,
    "incomeBeforeTax": 198000000,
    "incomeBeforeTaxRatio": 0.0861618799,
    "incomeTaxExpense": 103000000,
    "netIncome": 95000000,
    "netIncomeRatio": 0.0413402959,
    "eps": 0.47,
    "epsdiluted": 0.47,
    "weightedAverageShsOut": 202285000,
    "weightedAverageShsOutDil": 202285000,
    "link": "https://www.sec.gov/Archives/edgar/data/1032208/000008652101000006/0000086521-01-000006-index.htm",
    "finalLink": "https://www.sec.gov/Archives/edgar/data/1032208/000008652101000006/0000086521-01-000006-0001.txt"
  },
  {
    "date": "2000-09-30",
    "symbol": "SRE",
    "reportedCurrency": "USD",
    "cik": "0001032208",
    "fillingDate": "2000-11-13",
    "acceptedDate": "2000-11-13 00:00:00",
    "calendarYear": "2000",
    "period": "Q3",
    "revenue": 1810000000,
    "costOfRevenue": 444000000,
    "grossProfit": 1366000000,
    "grossProfitRatio": 0.7546961326,
    "researchAndDevelopmentExpenses": 0,
    "generalAndAdministrativeExpenses": 0,
    "sellingAndMarketingExpenses": 0,
    "sellingGeneralAndAdministrativeExpenses": 0,
    "otherExpenses": 1180000000,
    "operatingExpenses": 1180000000,
    "costAndExpenses": 1624000000,
    "interestIncome": 0,
    "interestExpense": 0,
    "depreciationAndAmortization": 142000000,
    "ebitda": 350000000,
    "ebitdaratio": 0.1933701657,
    "operatingIncome": 208000000,
    "operatingIncomeRatio": 0.1149171271,
    "totalOtherIncomeExpensesNet": -48000000,
    "incomeBeforeTax": 160000000,
    "incomeBeforeTaxRatio": 0.0883977901,
    "incomeTaxExpense": 50000000,
    "netIncome": 110000000,
    "netIncomeRatio": 0.0607734807,
    "eps": 0.28,
    "epsdiluted": 0.28,
    "weightedAverageShsOut": 201338000,
    "weightedAverageShsOutDil": 201497000,
    "link": "https://www.sec.gov/Archives/edgar/data/1032208/000008652100000031/0000086521-00-000031-index.htm",
    "finalLink": "https://www.sec.gov/Archives/edgar/data/1032208/000008652100000031/0000086521-00-000031-0001.txt"
  },
  {
    "date": "2000-06-30",
    "symbol": "SRE",
    "reportedCurrency": "USD",
    "cik": "0001032208",
    "fillingDate": "2000-08-14",
    "acceptedDate": "2000-08-14 00:00:00",
    "calendarYear": "2000",
    "period": "Q2",
    "revenue": 1536000000,
    "costOfRevenue": 264000000,
    "grossProfit": 1272000000,
    "grossProfitRatio": 0.828125,
    "researchAndDevelopmentExpenses": 0,
    "generalAndAdministrativeExpenses": 0,
    "sellingAndMarketingExpenses": 0,
    "sellingGeneralAndAdministrativeExpenses": 0,
    "otherExpenses": 1030000000,
    "operatingExpenses": 1030000000,
    "costAndExpenses": 1294000000,
    "interestIncome": 0,
    "interestExpense": 0,
    "depreciationAndAmortization": 144000000,
    "ebitda": 386000000,
    "ebitdaratio": 0.2513020833,
    "operatingIncome": 242000000,
    "operatingIncomeRatio": 0.1575520833,
    "totalOtherIncomeExpensesNet": -83000000,
    "incomeBeforeTax": 159000000,
    "incomeBeforeTaxRatio": 0.103515625,
    "incomeTaxExpense": 49000000,
    "netIncome": 110000000,
    "netIncomeRatio": 0.0716145833,
    "eps": 0.28,
    "epsdiluted": 0.27,
    "weightedAverageShsOut": 201386000,
    "weightedAverageShsOutDil": 201484000,
    "link": "https://www.sec.gov/Archives/edgar/data/1032208/000008652100000024/0000086521-00-000024-index.htm",
    "finalLink": "https://www.sec.gov/Archives/edgar/data/1032208/000008652100000024/0000086521-00-000024-0001.txt"
  },
  {
    "date": "2000-03-31",
    "symbol": "SRE",
    "reportedCurrency": "USD",
    "cik": "0001032208",
    "fillingDate": "2000-05-05",
    "acceptedDate": "2000-05-05 00:00:00",
    "calendarYear": "2000",
    "period": "Q1",
    "revenue": 1442000000,
    "costOfRevenue": 133000000,
    "grossProfit": 1309000000,
    "grossProfitRatio": 0.9077669903,
    "researchAndDevelopmentExpenses": 0,
    "generalAndAdministrativeExpenses": 0,
    "sellingAndMarketingExpenses": 0,
    "sellingGeneralAndAdministrativeExpenses": 0,
    "otherExpenses": 1074000000,
    "operatingExpenses": 1074000000,
    "costAndExpenses": 1207000000,
    "interestIncome": 0,
    "interestExpense": 0,
    "depreciationAndAmortization": 134000000,
    "ebitda": 369000000,
    "ebitdaratio": 0.2558945908,
    "operatingIncome": 235000000,
    "operatingIncomeRatio": 0.1629680999,
    "totalOtherIncomeExpensesNet": -54000000,
    "incomeBeforeTax": 181000000,
    "incomeBeforeTaxRatio": 0.125520111,
    "incomeTaxExpense": 68000000,
    "netIncome": 113000000,
    "netIncomeRatio": 0.0783633842,
    "eps": 0.49,
    "epsdiluted": 0.49,
    "weightedAverageShsOut": 456582000,
    "weightedAverageShsOutDil": 456582000,
    "link": "https://www.sec.gov/Archives/edgar/data/1032208/000008652100000019/0000086521-00-000019-index.html",
    "finalLink": "https://www.sec.gov/Archives/edgar/data/1032208/000008652100000019/0000086521-00-000019.txt"
  },
  {
    "date": "1999-12-31",
    "symbol": "SRE",
    "reportedCurrency": "USD",
    "cik": "0001032208",
    "fillingDate": "2000-03-29",
    "acceptedDate": "2000-03-29 00:00:00",
    "calendarYear": "1999",
    "period": "Q4",
    "revenue": 1466000000,
    "costOfRevenue": 1309000000,
    "grossProfit": 157000000,
    "grossProfitRatio": 0.1070941337,
    "researchAndDevelopmentExpenses": 0,
    "generalAndAdministrativeExpenses": 0,
    "sellingAndMarketingExpenses": 0,
    "sellingGeneralAndAdministrativeExpenses": 0,
    "otherExpenses": -35000000,
    "operatingExpenses": -35000000,
    "costAndExpenses": 1274000000,
    "interestIncome": 0,
    "interestExpense": 0,
    "depreciationAndAmortization": -7000000,
    "ebitda": 185000000,
    "ebitdaratio": 0.1261937244,
    "operatingIncome": 192000000,
    "operatingIncomeRatio": 0.1309686221,
    "totalOtherIncomeExpensesNet": -39000000,
    "incomeBeforeTax": 153000000,
    "incomeBeforeTaxRatio": 0.1043656207,
    "incomeTaxExpense": 48000000,
    "netIncome": 105000000,
    "netIncomeRatio": 0.0716234652,
    "eps": 0.46,
    "epsdiluted": 0.46,
    "weightedAverageShsOut": 228291000,
    "weightedAverageShsOutDil": 228291000,
    "link": "https://www.sec.gov/Archives/edgar/data/1032208/000008652100000007/0000086521-00-000007-index.html",
    "finalLink": "https://www.sec.gov/Archives/edgar/data/1032208/000008652100000007/0000086521-00-000007.txt"
  },
  {
    "date": "1999-09-30",
    "symbol": "SRE",
    "reportedCurrency": "USD",
    "cik": "0001032208",
    "fillingDate": "1999-11-12",
    "acceptedDate": "1999-11-12 00:00:00",
    "calendarYear": "1999",
    "period": "Q3",
    "revenue": 1221000000,
    "costOfRevenue": 180000000,
    "grossProfit": 1041000000,
    "grossProfitRatio": 0.8525798526,
    "researchAndDevelopmentExpenses": 0,
    "generalAndAdministrativeExpenses": 0,
    "sellingAndMarketingExpenses": 0,
    "sellingGeneralAndAdministrativeExpenses": 218000000,
    "otherExpenses": 823000000,
    "operatingExpenses": 1041000000,
    "costAndExpenses": 1003000000,
    "interestIncome": 0,
    "interestExpense": 0,
    "depreciationAndAmortization": 107000000,
    "ebitda": 325000000,
    "ebitdaratio": 0.2661752662,
    "operatingIncome": 218000000,
    "operatingIncomeRatio": 0.1785421785,
    "totalOtherIncomeExpensesNet": -43000000,
    "incomeBeforeTax": 175000000,
    "incomeBeforeTaxRatio": 0.1433251433,
    "incomeTaxExpense": 67000000,
    "netIncome": 108000000,
    "netIncomeRatio": 0.0884520885,
    "eps": 0.23,
    "epsdiluted": 0.23,
    "weightedAverageShsOut": 240000000,
    "weightedAverageShsOutDil": 240000000,
    "link": "https://www.sec.gov/Archives/edgar/data/1032208/000008652199000050/0000086521-99-000050-index.html",
    "finalLink": "https://www.sec.gov/Archives/edgar/data/1032208/000008652199000050/0000086521-99-000050.txt"
  },
  {
    "date": "1999-06-30",
    "symbol": "SRE",
    "reportedCurrency": "USD",
    "cik": "0001032208",
    "fillingDate": "1999-08-13",
    "acceptedDate": "1999-08-13 00:00:00",
    "calendarYear": "1999",
    "period": "Q2",
    "revenue": 1512000000,
    "costOfRevenue": 109000000,
    "grossProfit": 1403000000,
    "grossProfitRatio": 0.9279100529,
    "researchAndDevelopmentExpenses": 0,
    "generalAndAdministrativeExpenses": 0,
    "sellingAndMarketingExpenses": 0,
    "sellingGeneralAndAdministrativeExpenses": 0,
    "otherExpenses": 1268000000,
    "operatingExpenses": 1268000000,
    "costAndExpenses": 1377000000,
    "interestIncome": 0,
    "interestExpense": 0,
    "depreciationAndAmortization": 467000000,
    "ebitda": 602000000,
    "ebitdaratio": 0.3981481481,
    "operatingIncome": 135000000,
    "operatingIncomeRatio": 0.0892857143,
    "totalOtherIncomeExpensesNet": -52000000,
    "incomeBeforeTax": 83000000,
    "incomeBeforeTaxRatio": 0.0548941799,
    "incomeTaxExpense": 1000000,
    "netIncome": 82000000,
    "netIncomeRatio": 0.0542328042,
    "eps": 0.18,
    "epsdiluted": 0.18,
    "weightedAverageShsOut": 234285714,
    "weightedAverageShsOutDil": 234285714,
    "link": "https://www.sec.gov/Archives/edgar/data/1032208/000008652199000042/0000086521-99-000042-index.html",
    "finalLink": "https://www.sec.gov/Archives/edgar/data/1032208/000008652199000042/0000086521-99-000042.txt"
  },
  {
    "date": "1999-03-31",
    "symbol": "SRE",
    "reportedCurrency": "USD",
    "cik": "0001032208",
    "fillingDate": "1999-05-17",
    "acceptedDate": "1999-05-17 00:00:00",
    "calendarYear": "1999",
    "period": "Q1",
    "revenue": 1169000000,
    "costOfRevenue": 392000000,
    "grossProfit": 777000000,
    "grossProfitRatio": 0.6646706587,
    "researchAndDevelopmentExpenses": 0,
    "generalAndAdministrativeExpenses": 0,
    "sellingAndMarketingExpenses": 0,
    "sellingGeneralAndAdministrativeExpenses": 0,
    "otherExpenses": 576000000,
    "operatingExpenses": 576000000,
    "costAndExpenses": 968000000,
    "interestIncome": 0,
    "interestExpense": 0,
    "depreciationAndAmortization": 142000000,
    "ebitda": 343000000,
    "ebitdaratio": 0.2934131737,
    "operatingIncome": 201000000,
    "operatingIncomeRatio": 0.1719418306,
    "totalOtherIncomeExpensesNet": -39000000,
    "incomeBeforeTax": 162000000,
    "incomeBeforeTaxRatio": 0.1385799829,
    "incomeTaxExpense": 63000000,
    "netIncome": 99000000,
    "netIncomeRatio": 0.0846877673,
    "eps": 0.21,
    "epsdiluted": 0.21,
    "weightedAverageShsOut": 240119972,
    "weightedAverageShsOutDil": 240119972,
    "link": "https://www.sec.gov/Archives/edgar/data/1032208/000008652199000017/0000086521-99-000017-index.html",
    "finalLink": "https://www.sec.gov/Archives/edgar/data/1032208/0000086521-99-000017.txt"
  },
  {
    "date": "1998-12-31",
    "symbol": "SRE",
    "reportedCurrency": "USD",
    "cik": "0001032208",
    "fillingDate": "1999-03-09",
    "acceptedDate": "1999-03-09 00:00:00",
    "calendarYear": "1998",
    "period": "Q4",
    "revenue": 1432000000,
    "costOfRevenue": 237000000,
    "grossProfit": 1195000000,
    "grossProfitRatio": 0.8344972067,
    "researchAndDevelopmentExpenses": 0,
    "generalAndAdministrativeExpenses": 0,
    "sellingAndMarketingExpenses": 0,
    "sellingGeneralAndAdministrativeExpenses": 0,
    "otherExpenses": 1041000000,
    "operatingExpenses": 1041000000,
    "costAndExpenses": 1278000000,
    "interestIncome": 0,
    "interestExpense": 0,
    "depreciationAndAmortization": 161000000,
    "ebitda": 315000000,
    "ebitdaratio": 0.219972067,
    "operatingIncome": 154000000,
    "operatingIncomeRatio": 0.1075418994,
    "totalOtherIncomeExpensesNet": -39000000,
    "incomeBeforeTax": 115000000,
    "incomeBeforeTaxRatio": 0.0803072626,
    "incomeTaxExpense": 30000000,
    "netIncome": 85000000,
    "netIncomeRatio": 0.0593575419,
    "eps": 0.35,
    "epsdiluted": 0.35,
    "weightedAverageShsOut": 240119972,
    "weightedAverageShsOutDil": 240119972,
    "link": "https://www.sec.gov/Archives/edgar/data/1032208/000008652199000003/0000086521-99-000003-index.html",
    "finalLink": "https://www.sec.gov/Archives/edgar/data/1032208/0000086521-99-000003.txt"
  },
  {
    "date": "1998-09-30",
    "symbol": "SRE",
    "reportedCurrency": "USD",
    "cik": "0001032208",
    "fillingDate": "1998-11-02",
    "acceptedDate": "1998-11-02 00:00:00",
    "calendarYear": "1998",
    "period": "Q3",
    "revenue": 1383000000,
    "costOfRevenue": 109000000,
    "grossProfit": 1274000000,
    "grossProfitRatio": 0.9211858279,
    "researchAndDevelopmentExpenses": 0,
    "generalAndAdministrativeExpenses": 0,
    "sellingAndMarketingExpenses": 0,
    "sellingGeneralAndAdministrativeExpenses": 0,
    "otherExpenses": 828000000,
    "operatingExpenses": 828000000,
    "costAndExpenses": 1189000000,
    "interestIncome": 0,
    "interestExpense": 58000000,
    "depreciationAndAmortization": 192000000,
    "ebitda": 386000000,
    "ebitdaratio": 0.2791033984,
    "operatingIncome": 194000000,
    "operatingIncomeRatio": 0.140274765,
    "totalOtherIncomeExpensesNet": -46000000,
    "incomeBeforeTax": 148000000,
    "incomeBeforeTaxRatio": 0.1070137383,
    "incomeTaxExpense": 57000000,
    "netIncome": 91000000,
    "netIncomeRatio": 0.0657989877,
    "eps": 0.38,
    "epsdiluted": 0.38,
    "weightedAverageShsOut": 478947368,
    "weightedAverageShsOutDil": 478947368,
    "link": "https://www.sec.gov/Archives/edgar/data/1032208/000008652198000029/0000086521-98-000029-index.html",
    "finalLink": "https://www.sec.gov/Archives/edgar/data/1032208/0000086521-98-000029.txt"
  },
  {
    "date": "1998-06-30",
    "symbol": "SRE",
    "reportedCurrency": "USD",
    "cik": "0001032208",
    "fillingDate": "1998-08-14",
    "acceptedDate": "1998-08-14 00:00:00",
    "calendarYear": "1998",
    "period": "Q2",
    "revenue": 1331000000,
    "costOfRevenue": 98000000,
    "grossProfit": 1233000000,
    "grossProfitRatio": 0.9263711495,
    "researchAndDevelopmentExpenses": 0,
    "generalAndAdministrativeExpenses": 0,
    "sellingAndMarketingExpenses": 0,
    "sellingGeneralAndAdministrativeExpenses": 0,
    "otherExpenses": 1035000000,
    "operatingExpenses": 1035000000,
    "costAndExpenses": 1247000000,
    "interestIncome": 0,
    "interestExpense": 0,
    "depreciationAndAmortization": 272000000,
    "ebitda": 356000000,
    "ebitdaratio": 0.2674680691,
    "operatingIncome": 84000000,
    "operatingIncomeRatio": 0.0631104433,
    "totalOtherIncomeExpensesNet": -46000000,
    "incomeBeforeTax": 38000000,
    "incomeBeforeTaxRatio": 0.0285499624,
    "incomeTaxExpense": 7000000,
    "netIncome": 31000000,
    "netIncomeRatio": 0.0232907588,
    "eps": 0.13,
    "epsdiluted": 0.13,
    "weightedAverageShsOut": 476923077,
    "weightedAverageShsOutDil": 476923077,
    "link": "https://www.sec.gov/Archives/edgar/data/1032208/000008652198000021/0000086521-98-000021-index.html",
    "finalLink": "https://www.sec.gov/Archives/edgar/data/1032208/0000086521-98-000021.txt"
  },
  {
    "date": "1998-03-31",
    "symbol": "SRE",
    "reportedCurrency": "USD",
    "cik": "0001032208",
    "fillingDate": "1998-03-31",
    "acceptedDate": "1998-03-31 00:00:00",
    "calendarYear": "1998",
    "period": "Q1",
    "revenue": 616900000,
    "costOfRevenue": 179000000,
    "grossProfit": 437900000,
    "grossProfitRatio": 0.7098395202,
    "researchAndDevelopmentExpenses": 0,
    "generalAndAdministrativeExpenses": 0,
    "sellingAndMarketingExpenses": 0,
    "sellingGeneralAndAdministrativeExpenses": 47700000,
    "otherExpenses": 291800000,
    "operatingExpenses": 339500000,
    "costAndExpenses": 518500000,
    "interestIncome": 0,
    "interestExpense": 0,
    "depreciationAndAmortization": 275000000,
    "ebitda": 450000000,
    "ebitdaratio": 0.7294537202,
    "operatingIncome": 98400000,
    "operatingIncomeRatio": 0.1595072135,
    "totalOtherIncomeExpensesNet": 32600000,
    "incomeBeforeTax": 131000000,
    "incomeBeforeTaxRatio": 0.212352083,
    "incomeTaxExpense": 44000000,
    "netIncome": 87000000,
    "netIncomeRatio": 0.1410277192,
    "eps": 0.37,
    "epsdiluted": 0.37,
    "weightedAverageShsOut": 227230000,
    "weightedAverageShsOutDil": 227230000,
    "link": null,
    "finalLink": null
  },
  {
    "date": "1997-12-31",
    "symbol": "SRE",
    "reportedCurrency": "USD",
    "cik": "0001032208",
    "fillingDate": "1997-12-31",
    "acceptedDate": "1997-12-31 00:00:00",
    "calendarYear": "1997",
    "period": "Q4",
    "revenue": 626600000,
    "costOfRevenue": 230100000,
    "grossProfit": 396500000,
    "grossProfitRatio": 0.632780083,
    "researchAndDevelopmentExpenses": 0,
    "generalAndAdministrativeExpenses": 0,
    "sellingAndMarketingExpenses": 0,
    "sellingGeneralAndAdministrativeExpenses": 74900000,
    "otherExpenses": 181100000,
    "operatingExpenses": 256000000,
    "costAndExpenses": 486100000,
    "interestIncome": 0,
    "interestExpense": 0,
    "depreciationAndAmortization": 67700000,
    "ebitda": 208200000,
    "ebitdaratio": 0.3322693904,
    "operatingIncome": 140500000,
    "operatingIncomeRatio": 0.2242259815,
    "totalOtherIncomeExpensesNet": -12900000,
    "incomeBeforeTax": 127600000,
    "incomeBeforeTaxRatio": 0.203638685,
    "incomeTaxExpense": 46400000,
    "netIncome": 81200000,
    "netIncomeRatio": 0.1295882541,
    "eps": 0.71,
    "epsdiluted": 0.71,
    "weightedAverageShsOut": 114210526,
    "weightedAverageShsOutDil": 114210526,
    "link": null,
    "finalLink": null
  },
  {
    "date": "1997-09-30",
    "symbol": "SRE",
    "reportedCurrency": "USD",
    "cik": "0001032208",
    "fillingDate": "1997-09-30",
    "acceptedDate": "1997-09-30 00:00:00",
    "calendarYear": "1997",
    "period": "Q3",
    "revenue": 581100000,
    "costOfRevenue": 212600000,
    "grossProfit": 368500000,
    "grossProfitRatio": 0.6341421442,
    "researchAndDevelopmentExpenses": 0,
    "generalAndAdministrativeExpenses": 0,
    "sellingAndMarketingExpenses": 0,
    "sellingGeneralAndAdministrativeExpenses": 52300000,
    "otherExpenses": 173800000,
    "operatingExpenses": 1056000000,
    "costAndExpenses": 438700000,
    "interestIncome": 0,
    "interestExpense": 0,
    "depreciationAndAmortization": 2600000,
    "ebitda": 226600000,
    "ebitdaratio": 0.3899500946,
    "operatingIncome": 142400000,
    "operatingIncomeRatio": 0.2450524867,
    "totalOtherIncomeExpensesNet": 38600000,
    "incomeBeforeTax": 181000000,
    "incomeBeforeTaxRatio": 0.3114782309,
    "incomeTaxExpense": 79000000,
    "netIncome": 102000000,
    "netIncomeRatio": 0.1755291688,
    "eps": 0.57,
    "epsdiluted": 0.57,
    "weightedAverageShsOut": 228913043,
    "weightedAverageShsOutDil": 228913043,
    "link": null,
    "finalLink": null
  },
  {
    "date": "1997-06-30",
    "symbol": "SRE",
    "reportedCurrency": "USD",
    "cik": "0001032208",
    "fillingDate": "1997-06-30",
    "acceptedDate": "1997-06-30 00:00:00",
    "calendarYear": "1997",
    "period": "Q2",
    "revenue": 501500000,
    "costOfRevenue": 128000000,
    "grossProfit": 373500000,
    "grossProfitRatio": 0.7447657029,
    "researchAndDevelopmentExpenses": 0,
    "generalAndAdministrativeExpenses": 0,
    "sellingAndMarketingExpenses": 0,
    "sellingGeneralAndAdministrativeExpenses": 51200000,
    "otherExpenses": 171900000,
    "operatingExpenses": 223100000,
    "costAndExpenses": 373600000,
    "interestIncome": 0,
    "interestExpense": 0,
    "depreciationAndAmortization": 79200000,
    "ebitda": 207100000,
    "ebitdaratio": 0.4129611167,
    "operatingIncome": 127900000,
    "operatingIncomeRatio": 0.2550348953,
    "totalOtherIncomeExpensesNet": 72100000,
    "incomeBeforeTax": 200000000,
    "incomeBeforeTaxRatio": 0.3988035892,
    "incomeTaxExpense": 88000000,
    "netIncome": 112000000,
    "netIncomeRatio": 0.22333001,
    "eps": 0.5,
    "epsdiluted": 0.5,
    "weightedAverageShsOut": 232857143,
    "weightedAverageShsOutDil": 232857143,
    "link": null,
    "finalLink": null
  },
  {
    "date": "1997-03-31",
    "symbol": "SRE",
    "reportedCurrency": "USD",
    "cik": "0001032208",
    "fillingDate": "1997-03-31",
    "acceptedDate": "1997-03-31 00:00:00",
    "calendarYear": "1997",
    "period": "Q1",
    "revenue": 508000000,
    "costOfRevenue": 195400000,
    "grossProfit": 312600000,
    "grossProfitRatio": 0.6153543307,
    "researchAndDevelopmentExpenses": 0,
    "generalAndAdministrativeExpenses": 0,
    "sellingAndMarketingExpenses": 0,
    "sellingGeneralAndAdministrativeExpenses": 44600000,
    "otherExpenses": 174300000,
    "operatingExpenses": 218900000,
    "costAndExpenses": 414300000,
    "interestIncome": 0,
    "interestExpense": 0,
    "depreciationAndAmortization": 73100000,
    "ebitda": 166800000,
    "ebitdaratio": 0.3283464567,
    "operatingIncome": 93700000,
    "operatingIncomeRatio": 0.1844488189,
    "totalOtherIncomeExpensesNet": -20400000,
    "incomeBeforeTax": 73300000,
    "incomeBeforeTaxRatio": 0.1442913386,
    "incomeTaxExpense": 24400000,
    "netIncome": 48900000,
    "netIncomeRatio": 0.0962598425,
    "eps": 0.42,
    "epsdiluted": 0.42,
    "weightedAverageShsOut": 232857143,
    "weightedAverageShsOutDil": 232857143,
    "link": null,
    "finalLink": null
  },
  {
    "date": "1996-12-31",
    "symbol": "SRE",
    "reportedCurrency": "USD",
    "cik": "0001032208",
    "fillingDate": "1996-12-31",
    "acceptedDate": "1996-12-31 00:00:00",
    "calendarYear": "1996",
    "period": "Q4",
    "revenue": 549000000,
    "costOfRevenue": 178100000,
    "grossProfit": 370900000,
    "grossProfitRatio": 0.6755919854,
    "researchAndDevelopmentExpenses": 0,
    "generalAndAdministrativeExpenses": 0,
    "sellingAndMarketingExpenses": 0,
    "sellingGeneralAndAdministrativeExpenses": 105100000,
    "otherExpenses": 162600000,
    "operatingExpenses": 267700000,
    "costAndExpenses": 445800000,
    "interestIncome": 0,
    "interestExpense": 0,
    "depreciationAndAmortization": 68700000,
    "ebitda": 171900000,
    "ebitdaratio": 0.3131147541,
    "operatingIncome": 103200000,
    "operatingIncomeRatio": 0.1879781421,
    "totalOtherIncomeExpensesNet": -25300000,
    "incomeBeforeTax": 77900000,
    "incomeBeforeTaxRatio": 0.1418943534,
    "incomeTaxExpense": 23100000,
    "netIncome": 54800000,
    "netIncomeRatio": 0.0998178506,
    "eps": 0.47,
    "epsdiluted": 0.47,
    "weightedAverageShsOut": 116111111,
    "weightedAverageShsOutDil": 116111111,
    "link": null,
    "finalLink": null
  },
  {
    "date": "1996-09-30",
    "symbol": "SRE",
    "reportedCurrency": "USD",
    "cik": "0001032208",
    "fillingDate": "1996-09-30",
    "acceptedDate": "1996-09-30 00:00:00",
    "calendarYear": "1996",
    "period": "Q3",
    "revenue": 507600000,
    "costOfRevenue": 152700000,
    "grossProfit": 354900000,
    "grossProfitRatio": 0.6991725768,
    "researchAndDevelopmentExpenses": 0,
    "generalAndAdministrativeExpenses": 0,
    "sellingAndMarketingExpenses": 0,
    "sellingGeneralAndAdministrativeExpenses": 59000000,
    "otherExpenses": 162300000,
    "operatingExpenses": 221300000,
    "costAndExpenses": 374000000,
    "interestIncome": 0,
    "interestExpense": 27900000,
    "depreciationAndAmortization": 72000000,
    "ebitda": 205600000,
    "ebitdaratio": 0.4050433412,
    "operatingIncome": 133600000,
    "operatingIncomeRatio": 0.2631993696,
    "totalOtherIncomeExpensesNet": -24600000,
    "incomeBeforeTax": 109000000,
    "incomeBeforeTaxRatio": 0.2147360126,
    "incomeTaxExpense": 46300000,
    "netIncome": 62700000,
    "netIncomeRatio": 0.1235224586,
    "eps": 0.54,
    "epsdiluted": 0.54,
    "weightedAverageShsOut": 232222222,
    "weightedAverageShsOutDil": 232222222,
    "link": null,
    "finalLink": null
  },
  {
    "date": "1996-06-30",
    "symbol": "SRE",
    "reportedCurrency": "USD",
    "cik": "0001032208",
    "fillingDate": "1996-06-30",
    "acceptedDate": "1996-06-30 00:00:00",
    "calendarYear": "1996",
    "period": "Q2",
    "revenue": 471000000,
    "costOfRevenue": 135800000,
    "grossProfit": 335200000,
    "grossProfitRatio": 0.7116772824,
    "researchAndDevelopmentExpenses": 0,
    "generalAndAdministrativeExpenses": 0,
    "sellingAndMarketingExpenses": 0,
    "sellingGeneralAndAdministrativeExpenses": 52300000,
    "otherExpenses": 171300000,
    "operatingExpenses": 223600000,
    "costAndExpenses": 359400000,
    "interestIncome": 0,
    "interestExpense": 0,
    "depreciationAndAmortization": 87000000,
    "ebitda": 197100000,
    "ebitdaratio": 0.4184713376,
    "operatingIncome": 111600000,
    "operatingIncomeRatio": 0.2369426752,
    "totalOtherIncomeExpensesNet": -27200000,
    "incomeBeforeTax": 84400000,
    "incomeBeforeTaxRatio": 0.1791932059,
    "incomeTaxExpense": 37000000,
    "netIncome": 47400000,
    "netIncomeRatio": 0.1006369427,
    "eps": 0.21,
    "epsdiluted": 0.21,
    "weightedAverageShsOut": 115609756,
    "weightedAverageShsOutDil": 115609756,
    "link": null,
    "finalLink": null
  },
  {
    "date": "1996-03-31",
    "symbol": "SRE",
    "reportedCurrency": "USD",
    "cik": "0001032208",
    "fillingDate": "1996-03-31",
    "acceptedDate": "1996-03-31 00:00:00",
    "calendarYear": "1996",
    "period": "Q1",
    "revenue": 465900000,
    "costOfRevenue": 130900000,
    "grossProfit": 335000000,
    "grossProfitRatio": 0.7190384203,
    "researchAndDevelopmentExpenses": 0,
    "generalAndAdministrativeExpenses": 0,
    "sellingAndMarketingExpenses": 0,
    "sellingGeneralAndAdministrativeExpenses": 45600000,
    "otherExpenses": 150800000,
    "operatingExpenses": 196400000,
    "costAndExpenses": 327300000,
    "interestIncome": 0,
    "interestExpense": 0,
    "depreciationAndAmortization": 63900000,
    "ebitda": 202400000,
    "ebitdaratio": 0.4344279888,
    "operatingIncome": 138600000,
    "operatingIncomeRatio": 0.2974887315,
    "totalOtherIncomeExpensesNet": -27000000,
    "incomeBeforeTax": 111600000,
    "incomeBeforeTaxRatio": 0.2395363812,
    "incomeTaxExpense": 45500000,
    "netIncome": 66100000,
    "netIncomeRatio": 0.141875939,
    "eps": 0.57,
    "epsdiluted": 0.57,
    "weightedAverageShsOut": 231929825,
    "weightedAverageShsOutDil": 231929825,
    "link": null,
    "finalLink": null
  },
  {
    "date": "1995-12-31",
    "symbol": "SRE",
    "reportedCurrency": "USD",
    "cik": "0001032208",
    "fillingDate": "1995-12-31",
    "acceptedDate": "1995-12-31 00:00:00",
    "calendarYear": "1995",
    "period": "Q4",
    "revenue": 468700000,
    "costOfRevenue": 134600000,
    "grossProfit": 334100000,
    "grossProfitRatio": 0.7128227011,
    "researchAndDevelopmentExpenses": 0,
    "generalAndAdministrativeExpenses": 0,
    "sellingAndMarketingExpenses": 0,
    "sellingGeneralAndAdministrativeExpenses": 69700000,
    "otherExpenses": 171100000,
    "operatingExpenses": 240800000,
    "costAndExpenses": 375400000,
    "interestIncome": 0,
    "interestExpense": 0,
    "depreciationAndAmortization": 64600000,
    "ebitda": 156400000,
    "ebitdaratio": 0.3336889268,
    "operatingIncome": 93300000,
    "operatingIncomeRatio": 0.1990612332,
    "totalOtherIncomeExpensesNet": -27900000,
    "incomeBeforeTax": 65400000,
    "incomeBeforeTaxRatio": 0.1395348837,
    "incomeTaxExpense": 11200000,
    "netIncome": 62500000,
    "netIncomeRatio": 0.1333475571,
    "eps": 0.53,
    "epsdiluted": 0.53,
    "weightedAverageShsOut": 117450980,
    "weightedAverageShsOutDil": 117450980,
    "link": null,
    "finalLink": null
  },
  {
    "date": "1995-09-30",
    "symbol": "SRE",
    "reportedCurrency": "USD",
    "cik": "0001032208",
    "fillingDate": "1995-09-30",
    "acceptedDate": "1995-09-30 00:00:00",
    "calendarYear": "1995",
    "period": "Q3",
    "revenue": 478700000,
    "costOfRevenue": 142200000,
    "grossProfit": 336500000,
    "grossProfitRatio": 0.7029454773,
    "researchAndDevelopmentExpenses": 0,
    "generalAndAdministrativeExpenses": 0,
    "sellingAndMarketingExpenses": 0,
    "sellingGeneralAndAdministrativeExpenses": 54900000,
    "otherExpenses": 150100000,
    "operatingExpenses": 205000000,
    "costAndExpenses": 347200000,
    "interestIncome": 0,
    "interestExpense": 0,
    "depreciationAndAmortization": 70600000,
    "ebitda": 199600000,
    "ebitdaratio": 0.4169626071,
    "operatingIncome": 131500000,
    "operatingIncomeRatio": 0.2747023188,
    "totalOtherIncomeExpensesNet": -30400000,
    "incomeBeforeTax": 101100000,
    "incomeBeforeTaxRatio": 0.2111969919,
    "incomeTaxExpense": 41200000,
    "netIncome": 59900000,
    "netIncomeRatio": 0.1251305619,
    "eps": 0.26,
    "epsdiluted": 0.26,
    "weightedAverageShsOut": 117450980,
    "weightedAverageShsOutDil": 117450980,
    "link": null,
    "finalLink": null
  }
]