[
  {
    "date": "2025-06-30",
    "symbol": "STE",
    "reportedCurrency": "USD",
    "cik": "0001757898",
    "fillingDate": "2025-08-07",
    "acceptedDate": "2025-08-07 16:04:50",
    "calendarYear": "2026",
    "period": "Q1",
    "revenue": 1391100000,
    "costOfRevenue": 763100000,
    "grossProfit": 628000000,
    "grossProfitRatio": 0.4514413054,
    "researchAndDevelopmentExpenses": 26400000,
    "generalAndAdministrativeExpenses": 0,
    "sellingAndMarketingExpenses": 0,
    "sellingGeneralAndAdministrativeExpenses": 353800000,
    "otherExpenses": 1800000,
    "operatingExpenses": 382000000,
    "costAndExpenses": 1145100000,
    "interestIncome": 1800000,
    "interestExpense": 15900000,
    "depreciationAndAmortization": 119400000,
    "ebitda": 367200000,
    "ebitdaratio": 0.2639637697,
    "operatingIncome": 246000000,
    "operatingIncomeRatio": 0.1768384732,
    "totalOtherIncomeExpensesNet": -14100000,
    "incomeBeforeTax": 231900000,
    "incomeBeforeTaxRatio": 0.1667026094,
    "incomeTaxExpense": 53900000,
    "netIncome": 177400000,
    "netIncomeRatio": 0.1275249802,
    "eps": 1.8,
    "epsdiluted": 1.79,
    "weightedAverageShsOut": 98400000,
    "weightedAverageShsOutDil": 98800000,
    "link": "https://www.sec.gov/Archives/edgar/data/1757898/000175789825000008/0001757898-25-000008-index.htm",
    "finalLink": "https://www.sec.gov/Archives/edgar/data/1757898/000175789825000008/ste-20250630.htm"
  },
  {
    "date": "2025-03-31",
    "symbol": "STE",
    "reportedCurrency": "USD",
    "cik": "0001757898",
    "fillingDate": "2025-05-29",
    "acceptedDate": "2025-05-29 16:36:38",
    "calendarYear": "2025",
    "period": "Q4",
    "revenue": 1480531000,
    "costOfRevenue": 839320000,
    "grossProfit": 641211000,
    "grossProfitRatio": 0.4330952881,
    "researchAndDevelopmentExpenses": 27686000,
    "generalAndAdministrativeExpenses": 0,
    "sellingAndMarketingExpenses": 0,
    "sellingGeneralAndAdministrativeExpenses": 333902000,
    "otherExpenses": 63472000,
    "operatingExpenses": 425060000,
    "costAndExpenses": 1264380000,
    "interestIncome": 3533000,
    "interestExpense": 17115000,
    "depreciationAndAmortization": 122349000,
    "ebitda": 336775000,
    "ebitdaratio": 0.2274690635,
    "operatingIncome": 216151000,
    "operatingIncomeRatio": 0.1459955921,
    "totalOtherIncomeExpensesNet": -18840000,
    "incomeBeforeTax": 197311000,
    "incomeBeforeTaxRatio": 0.133270428,
    "incomeTaxExpense": 50450000,
    "netIncome": 145672000,
    "netIncomeRatio": 0.0983917257,
    "eps": 1.48,
    "epsdiluted": 1.48,
    "weightedAverageShsOut": 98273000,
    "weightedAverageShsOutDil": 98756000,
    "link": "https://www.sec.gov/Archives/edgar/data/1757898/000175789825000005/0001757898-25-000005-index.htm",
    "finalLink": "https://www.sec.gov/Archives/edgar/data/1757898/000175789825000005/ste-20250331.htm"
  },
  {
    "date": "2024-12-31",
    "symbol": "STE",
    "reportedCurrency": "USD",
    "cik": "0001757898",
    "fillingDate": "2025-02-07",
    "acceptedDate": "2025-02-07 16:32:28",
    "calendarYear": "2025",
    "period": "Q3",
    "revenue": 1370570000,
    "costOfRevenue": 760238000,
    "grossProfit": 610332000,
    "grossProfitRatio": 0.4453125342,
    "researchAndDevelopmentExpenses": 27358000,
    "generalAndAdministrativeExpenses": 0,
    "sellingAndMarketingExpenses": 0,
    "sellingGeneralAndAdministrativeExpenses": 335450000,
    "otherExpenses": 2231000,
    "operatingExpenses": 365039000,
    "costAndExpenses": 1125277000,
    "interestIncome": 2434000,
    "interestExpense": 19094000,
    "depreciationAndAmortization": 125913000,
    "ebitda": 373752000,
    "ebitdaratio": 0.2726982204,
    "operatingIncome": 245293000,
    "operatingIncomeRatio": 0.1789715228,
    "totalOtherIncomeExpensesNet": -16548000,
    "incomeBeforeTax": 228745000,
    "incomeBeforeTaxRatio": 0.1668977141,
    "incomeTaxExpense": 55384000,
    "netIncome": 173534000,
    "netIncomeRatio": 0.1266144743,
    "eps": 1.76,
    "epsdiluted": 1.75,
    "weightedAverageShsOut": 98490000,
    "weightedAverageShsOutDil": 98942000,
    "link": "https://www.sec.gov/Archives/edgar/data/1757898/000175789825000002/0001757898-25-000002-index.htm",
    "finalLink": "https://www.sec.gov/Archives/edgar/data/1757898/000175789825000002/ste-20241231.htm"
  },
  {
    "date": "2024-09-30",
    "symbol": "STE",
    "reportedCurrency": "USD",
    "cik": "0001757898",
    "fillingDate": "2024-11-07",
    "acceptedDate": "2024-11-07 07:53:10",
    "calendarYear": "2025",
    "period": "Q2",
    "revenue": 1328912000,
    "costOfRevenue": 750121000,
    "grossProfit": 578791000,
    "grossProfitRatio": 0.4355374923,
    "researchAndDevelopmentExpenses": 27031000,
    "generalAndAdministrativeExpenses": 0,
    "sellingAndMarketingExpenses": 0,
    "sellingGeneralAndAdministrativeExpenses": 329298000,
    "otherExpenses": 2796000,
    "operatingExpenses": 359125000,
    "costAndExpenses": 1109246000,
    "interestIncome": 1126000,
    "interestExpense": 19668000,
    "depreciationAndAmortization": 115253000,
    "ebitda": 329813000,
    "ebitdaratio": 0.2481827239,
    "operatingIncome": 219666000,
    "operatingIncomeRatio": 0.1652976269,
    "totalOtherIncomeExpensesNet": -24774000,
    "incomeBeforeTax": 194892000,
    "incomeBeforeTaxRatio": 0.146655309,
    "incomeTaxExpense": 43506000,
    "netIncome": 150034000,
    "netIncomeRatio": 0.112899876,
    "eps": 1.52,
    "epsdiluted": 1.51,
    "weightedAverageShsOut": 98669000,
    "weightedAverageShsOutDil": 99204000,
    "link": "https://www.sec.gov/Archives/edgar/data/1757898/000175789824000018/0001757898-24-000018-index.htm",
    "finalLink": "https://www.sec.gov/Archives/edgar/data/1757898/000175789824000018/ste-20240930.htm"
  },
  {
    "date": "2024-06-30",
    "symbol": "STE",
    "reportedCurrency": "USD",
    "cik": "0001757898",
    "fillingDate": "2024-08-08",
    "acceptedDate": "2024-08-08 16:32:18",
    "calendarYear": "2025",
    "period": "Q1",
    "revenue": 1279500000,
    "costOfRevenue": 707100000,
    "grossProfit": 572400000,
    "grossProfitRatio": 0.4473622509,
    "researchAndDevelopmentExpenses": 25600000,
    "generalAndAdministrativeExpenses": 0,
    "sellingAndMarketingExpenses": 0,
    "sellingGeneralAndAdministrativeExpenses": 335600000,
    "otherExpenses": 25700000,
    "operatingExpenses": 386900000,
    "costAndExpenses": 1094000000,
    "interestIncome": 1300000,
    "interestExpense": 30400000,
    "depreciationAndAmortization": 112700000,
    "ebitda": 318300000,
    "ebitdaratio": 0.2487690504,
    "operatingIncome": 185500000,
    "operatingIncomeRatio": 0.1449785072,
    "totalOtherIncomeExpensesNet": -10300000,
    "incomeBeforeTax": 175200000,
    "incomeBeforeTaxRatio": 0.1369284877,
    "incomeTaxExpense": 35300000,
    "netIncome": 145401000,
    "netIncomeRatio": 0.1136389215,
    "eps": 1.47,
    "epsdiluted": 1.46,
    "weightedAverageShsOut": 98869000,
    "weightedAverageShsOutDil": 99376000,
    "link": "https://www.sec.gov/Archives/edgar/data/1757898/000175789824000016/0001757898-24-000016-index.htm",
    "finalLink": "https://www.sec.gov/Archives/edgar/data/1757898/000175789824000016/ste-20240630.htm"
  },
  {
    "date": "2024-03-31",
    "symbol": "STE",
    "reportedCurrency": "USD",
    "cik": "0001757898",
    "fillingDate": "2024-05-29",
    "acceptedDate": "2024-05-29 16:35:52",
    "calendarYear": "2024",
    "period": "Q4",
    "revenue": 1116154000,
    "costOfRevenue": 667577000,
    "grossProfit": 448577000,
    "grossProfitRatio": 0.4018952582,
    "researchAndDevelopmentExpenses": 25220000,
    "generalAndAdministrativeExpenses": 0,
    "sellingAndMarketingExpenses": 0,
    "sellingGeneralAndAdministrativeExpenses": 152091000,
    "otherExpenses": 26043000,
    "operatingExpenses": 203354000,
    "costAndExpenses": 870931000,
    "interestIncome": 6333000,
    "interestExpense": 36103000,
    "depreciationAndAmortization": 134438000,
    "ebitda": 385994000,
    "ebitdaratio": 0.3458250385,
    "operatingIncome": 245223000,
    "operatingIncomeRatio": 0.2197035535,
    "totalOtherIncomeExpensesNet": -29770000,
    "incomeBeforeTax": 215453000,
    "incomeBeforeTaxRatio": 0.1930316067,
    "incomeTaxExpense": 43254000,
    "netIncome": -1377000,
    "netIncomeRatio": -0.0012337007,
    "eps": -0.0139,
    "epsdiluted": -0.0139,
    "weightedAverageShsOut": 98851000,
    "weightedAverageShsOutDil": 98851000,
    "link": "https://www.sec.gov/Archives/edgar/data/1757898/000175789824000008/0001757898-24-000008-index.htm",
    "finalLink": "https://www.sec.gov/Archives/edgar/data/1757898/000175789824000008/ste-20240331.htm"
  },
  {
    "date": "2023-12-31",
    "symbol": "STE",
    "reportedCurrency": "USD",
    "cik": "0001757898",
    "fillingDate": "2024-02-08",
    "acceptedDate": "2024-02-08 16:36:30",
    "calendarYear": "2024",
    "period": "Q3",
    "revenue": 1297724000,
    "costOfRevenue": 737698000,
    "grossProfit": 560026000,
    "grossProfitRatio": 0.4315447661,
    "researchAndDevelopmentExpenses": 25255000,
    "generalAndAdministrativeExpenses": 0,
    "sellingAndMarketingExpenses": 0,
    "sellingGeneralAndAdministrativeExpenses": 308295000,
    "otherExpenses": 6000,
    "operatingExpenses": 333556000,
    "costAndExpenses": 1071254000,
    "interestIncome": 2080000,
    "interestExpense": 38948000,
    "depreciationAndAmortization": 140629000,
    "ebitda": 369179000,
    "ebitdaratio": 0.2844819083,
    "operatingIncome": 226470000,
    "operatingIncomeRatio": 0.1745132247,
    "totalOtherIncomeExpensesNet": -36868000,
    "incomeBeforeTax": 189602000,
    "incomeBeforeTaxRatio": 0.1461034858,
    "incomeTaxExpense": 40999000,
    "netIncome": 140743000,
    "netIncomeRatio": 0.1084537236,
    "eps": 1.42,
    "epsdiluted": 1.42,
    "weightedAverageShsOut": 98802000,
    "weightedAverageShsOutDil": 99354000,
    "link": "https://www.sec.gov/Archives/edgar/data/1757898/000175789824000002/0001757898-24-000002-index.htm",
    "finalLink": "https://www.sec.gov/Archives/edgar/data/1757898/000175789824000002/ste-20231231.htm"
  },
  {
    "date": "2023-09-30",
    "symbol": "STE",
    "reportedCurrency": "USD",
    "cik": "0001757898",
    "fillingDate": "2023-11-07",
    "acceptedDate": "2023-11-07 16:39:30",
    "calendarYear": "2024",
    "period": "Q2",
    "revenue": 1238204000,
    "costOfRevenue": 691976000,
    "grossProfit": 546228000,
    "grossProfitRatio": 0.4411454009,
    "researchAndDevelopmentExpenses": 26268000,
    "generalAndAdministrativeExpenses": 0,
    "sellingAndMarketingExpenses": 0,
    "sellingGeneralAndAdministrativeExpenses": 328430000,
    "otherExpenses": -23000,
    "operatingExpenses": 354675000,
    "costAndExpenses": 1046651000,
    "interestIncome": 1237000,
    "interestExpense": 36938000,
    "depreciationAndAmortization": 152252000,
    "ebitda": 345042000,
    "ebitdaratio": 0.2786632897,
    "operatingIncome": 191553000,
    "operatingIncomeRatio": 0.1547022946,
    "totalOtherIncomeExpensesNet": -35701000,
    "incomeBeforeTax": 155852000,
    "incomeBeforeTaxRatio": 0.1258694044,
    "incomeTaxExpense": 35055000,
    "netIncome": 115319000,
    "netIncomeRatio": 0.0931340878,
    "eps": 1.17,
    "epsdiluted": 1.16,
    "weightedAverageShsOut": 98785000,
    "weightedAverageShsOutDil": 99406000,
    "link": "https://www.sec.gov/Archives/edgar/data/1757898/000175789823000013/0001757898-23-000013-index.htm",
    "finalLink": "https://www.sec.gov/Archives/edgar/data/1757898/000175789823000013/ste-20230930.htm"
  },
  {
    "date": "2023-06-30",
    "symbol": "STE",
    "reportedCurrency": "USD",
    "cik": "0001757898",
    "fillingDate": "2023-08-08",
    "acceptedDate": "2023-08-08 16:53:43",
    "calendarYear": "2024",
    "period": "Q1",
    "revenue": 1183386000,
    "costOfRevenue": 654382000,
    "grossProfit": 529004000,
    "grossProfitRatio": 0.447025738,
    "researchAndDevelopmentExpenses": 24694000,
    "generalAndAdministrativeExpenses": 0,
    "sellingAndMarketingExpenses": 0,
    "sellingGeneralAndAdministrativeExpenses": 306530000,
    "otherExpenses": 19000,
    "operatingExpenses": 331243000,
    "costAndExpenses": 985625000,
    "interestIncome": 1377000,
    "interestExpense": 32357000,
    "depreciationAndAmortization": 137925000,
    "ebitda": 337063000,
    "ebitdaratio": 0.2848292949,
    "operatingIncome": 197761000,
    "operatingIncomeRatio": 0.1671145341,
    "totalOtherIncomeExpensesNet": -30980000,
    "incomeBeforeTax": 166781000,
    "incomeBeforeTaxRatio": 0.1409354175,
    "incomeTaxExpense": 36200000,
    "netIncome": 123554000,
    "netIncomeRatio": 0.1044071841,
    "eps": 1.25,
    "epsdiluted": 1.25,
    "weightedAverageShsOut": 98708000,
    "weightedAverageShsOutDil": 99239000,
    "link": "https://www.sec.gov/Archives/edgar/data/1757898/000175789823000010/0001757898-23-000010-index.htm",
    "finalLink": "https://www.sec.gov/Archives/edgar/data/1757898/000175789823000010/ste-20230630.htm"
  },
  {
    "date": "2023-03-31",
    "symbol": "STE",
    "reportedCurrency": "USD",
    "cik": "0001757898",
    "fillingDate": "2023-05-10",
    "acceptedDate": "2023-05-10 16:36:57",
    "calendarYear": "2023",
    "period": "Q4",
    "revenue": 1384837000,
    "costOfRevenue": 796775000,
    "grossProfit": 588062000,
    "grossProfitRatio": 0.4246434779,
    "researchAndDevelopmentExpenses": 26388000,
    "generalAndAdministrativeExpenses": 0,
    "sellingAndMarketingExpenses": 0,
    "sellingGeneralAndAdministrativeExpenses": 335914000,
    "otherExpenses": 358000,
    "operatingExpenses": 362660000,
    "costAndExpenses": 1159435000,
    "interestIncome": 0,
    "interestExpense": 30281000,
    "depreciationAndAmortization": 142204000,
    "ebitda": 367606000,
    "ebitdaratio": 0.2654507354,
    "operatingIncome": 225402000,
    "operatingIncomeRatio": 0.162764282,
    "totalOtherIncomeExpensesNet": -30281000,
    "incomeBeforeTax": 195121000,
    "incomeBeforeTaxRatio": 0.1408981707,
    "incomeTaxExpense": 8157000,
    "netIncome": 187225000,
    "netIncomeRatio": 0.1351964166,
    "eps": 1.89,
    "epsdiluted": 1.88,
    "weightedAverageShsOut": 99055000,
    "weightedAverageShsOutDil": 99568000,
    "link": "https://www.sec.gov/Archives/edgar/data/1757898/000175789823000005/0001757898-23-000005-index.htm",
    "finalLink": "https://www.sec.gov/Archives/edgar/data/1757898/000175789823000005/ste-20230331.htm"
  },
  {
    "date": "2022-12-31",
    "symbol": "STE",
    "reportedCurrency": "USD",
    "cik": "0001757898",
    "fillingDate": "2023-02-08",
    "acceptedDate": "2023-02-08 16:34:46",
    "calendarYear": "2023",
    "period": "Q3",
    "revenue": 1215994000,
    "costOfRevenue": 694497000,
    "grossProfit": 521497000,
    "grossProfitRatio": 0.4288647806,
    "researchAndDevelopmentExpenses": 25514000,
    "generalAndAdministrativeExpenses": 0,
    "sellingAndMarketingExpenses": 0,
    "sellingGeneralAndAdministrativeExpenses": 305141000,
    "otherExpenses": 39000,
    "operatingExpenses": 330694000,
    "costAndExpenses": 1025191000,
    "interestIncome": 0,
    "interestExpense": 30465000,
    "depreciationAndAmortization": 137951000,
    "ebitda": 328754000,
    "ebitdaratio": 0.2703582419,
    "operatingIncome": 190803000,
    "operatingIncomeRatio": 0.1569111361,
    "totalOtherIncomeExpensesNet": -30465000,
    "incomeBeforeTax": 160338000,
    "incomeBeforeTaxRatio": 0.1318575585,
    "incomeTaxExpense": 37013000,
    "netIncome": 123828000,
    "netIncomeRatio": 0.1018327393,
    "eps": 1.24,
    "epsdiluted": 1.24,
    "weightedAverageShsOut": 99716000,
    "weightedAverageShsOutDil": 100166000,
    "link": "https://www.sec.gov/Archives/edgar/data/1757898/000175789823000002/0001757898-23-000002-index.htm",
    "finalLink": "https://www.sec.gov/Archives/edgar/data/1757898/000175789823000002/ste-20221231.htm"
  },
  {
    "date": "2022-09-30",
    "symbol": "STE",
    "reportedCurrency": "USD",
    "cik": "0001757898",
    "fillingDate": "2022-11-09",
    "acceptedDate": "2022-11-09 16:38:31",
    "calendarYear": "2023",
    "period": "Q2",
    "revenue": 1200517000,
    "costOfRevenue": 668182000,
    "grossProfit": 532335000,
    "grossProfitRatio": 0.4434214593,
    "researchAndDevelopmentExpenses": 24928000,
    "generalAndAdministrativeExpenses": 0,
    "sellingAndMarketingExpenses": 0,
    "sellingGeneralAndAdministrativeExpenses": 323195000,
    "otherExpenses": 490627000,
    "operatingExpenses": 838750000,
    "costAndExpenses": 1506932000,
    "interestIncome": 0,
    "interestExpense": 26647000,
    "depreciationAndAmortization": 133879000,
    "ebitda": -172536000,
    "ebitdaratio": -0.1437180815,
    "operatingIncome": -306415000,
    "operatingIncomeRatio": -0.2552358692,
    "totalOtherIncomeExpensesNet": -26647000,
    "incomeBeforeTax": -333062000,
    "incomeBeforeTaxRatio": -0.2774321397,
    "incomeTaxExpense": -17831000,
    "netIncome": -315285000,
    "netIncomeRatio": -0.2626243527,
    "eps": -3.15,
    "epsdiluted": -3.15,
    "weightedAverageShsOut": 99969000,
    "weightedAverageShsOutDil": 99969000,
    "link": "https://www.sec.gov/Archives/edgar/data/1757898/000175789822000021/0001757898-22-000021-index.htm",
    "finalLink": "https://www.sec.gov/Archives/edgar/data/1757898/000175789822000021/ste-20220930.htm"
  },
  {
    "date": "2022-06-30",
    "symbol": "STE",
    "reportedCurrency": "USD",
    "cik": "0001757898",
    "fillingDate": "2022-08-08",
    "acceptedDate": "2022-08-08 16:33:56",
    "calendarYear": "2023",
    "period": "Q1",
    "revenue": 1156491000,
    "costOfRevenue": 638693000,
    "grossProfit": 517798000,
    "grossProfitRatio": 0.4477319754,
    "researchAndDevelopmentExpenses": 24751000,
    "generalAndAdministrativeExpenses": 0,
    "sellingAndMarketingExpenses": 0,
    "sellingGeneralAndAdministrativeExpenses": 334626000,
    "otherExpenses": 26000,
    "operatingExpenses": 359403000,
    "costAndExpenses": 998096000,
    "interestIncome": 0,
    "interestExpense": 23444000,
    "depreciationAndAmortization": 138863000,
    "ebitda": 297258000,
    "ebitdaratio": 0.2570344257,
    "operatingIncome": 158395000,
    "operatingIncomeRatio": 0.136961723,
    "totalOtherIncomeExpensesNet": -23444000,
    "incomeBeforeTax": 134951000,
    "incomeBeforeTaxRatio": 0.1166900564,
    "incomeTaxExpense": 24196000,
    "netIncome": 111262000,
    "netIncomeRatio": 0.096206542,
    "eps": 1.11,
    "epsdiluted": 1.1,
    "weightedAverageShsOut": 100082000,
    "weightedAverageShsOutDil": 100722000,
    "link": "https://www.sec.gov/Archives/edgar/data/1757898/000175789822000019/0001757898-22-000019-index.htm",
    "finalLink": "https://www.sec.gov/Archives/edgar/data/1757898/000175789822000019/ste-20220630.htm"
  },
  {
    "date": "2022-03-31",
    "symbol": "STE",
    "reportedCurrency": "USD",
    "cik": "0001757898",
    "fillingDate": "2022-05-31",
    "acceptedDate": "2022-05-31 09:26:06",
    "calendarYear": "2022",
    "period": "Q4",
    "revenue": 1210686000,
    "costOfRevenue": 639064000,
    "grossProfit": 571622000,
    "grossProfitRatio": 0.4721471959,
    "researchAndDevelopmentExpenses": 26097000,
    "generalAndAdministrativeExpenses": 0,
    "sellingAndMarketingExpenses": 0,
    "sellingGeneralAndAdministrativeExpenses": 453636000,
    "otherExpenses": 31000,
    "operatingExpenses": 479764000,
    "costAndExpenses": 1118828000,
    "interestIncome": 1379000,
    "interestExpense": 21773000,
    "depreciationAndAmortization": 233831000,
    "ebitda": 327068000,
    "ebitdaratio": 0.2701509723,
    "operatingIncome": 91858000,
    "operatingIncomeRatio": 0.0758726871,
    "totalOtherIncomeExpensesNet": -20394000,
    "incomeBeforeTax": 71464000,
    "incomeBeforeTaxRatio": 0.0590276917,
    "incomeTaxExpense": 19411000,
    "netIncome": 52261000,
    "netIncomeRatio": 0.0431664362,
    "eps": 0.52,
    "epsdiluted": 0.52,
    "weightedAverageShsOut": 100101000,
    "weightedAverageShsOutDil": 100795000,
    "link": "https://www.sec.gov/Archives/edgar/data/1757898/000175789822000011/0001757898-22-000011-index.htm",
    "finalLink": "https://www.sec.gov/Archives/edgar/data/1757898/000175789822000011/ste-20220331.htm"
  },
  {
    "date": "2021-12-31",
    "symbol": "STE",
    "reportedCurrency": "USD",
    "cik": "0001757898",
    "fillingDate": "2022-02-09",
    "acceptedDate": "2022-02-09 08:14:49",
    "calendarYear": "2022",
    "period": "Q3",
    "revenue": 1208971000,
    "costOfRevenue": 670857000,
    "grossProfit": 538114000,
    "grossProfitRatio": 0.4451008337,
    "researchAndDevelopmentExpenses": 24824000,
    "generalAndAdministrativeExpenses": 0,
    "sellingAndMarketingExpenses": 0,
    "sellingGeneralAndAdministrativeExpenses": 310564000,
    "otherExpenses": -207000,
    "operatingExpenses": 335181000,
    "costAndExpenses": 1006038000,
    "interestIncome": 2447000,
    "interestExpense": 22971000,
    "depreciationAndAmortization": 117610000,
    "ebitda": 322990000,
    "ebitdaratio": 0.2671610816,
    "operatingIncome": 202933000,
    "operatingIncomeRatio": 0.1678559701,
    "totalOtherIncomeExpensesNet": -20524000,
    "incomeBeforeTax": 182409000,
    "incomeBeforeTaxRatio": 0.1508795496,
    "incomeTaxExpense": 39315000,
    "netIncome": 143623000,
    "netIncomeRatio": 0.1187977214,
    "eps": 1.44,
    "epsdiluted": 1.42,
    "weightedAverageShsOut": 100038000,
    "weightedAverageShsOutDil": 100826000,
    "link": "https://www.sec.gov/Archives/edgar/data/1757898/000175789822000005/0001757898-22-000005-index.htm",
    "finalLink": "https://www.sec.gov/Archives/edgar/data/1757898/000175789822000005/ste-20211231.htm"
  },
  {
    "date": "2021-09-30",
    "symbol": "STE",
    "reportedCurrency": "USD",
    "cik": "0001757898",
    "fillingDate": "2021-11-08",
    "acceptedDate": "2021-11-08 08:39:49",
    "calendarYear": "2022",
    "period": "Q2",
    "revenue": 1196985000,
    "costOfRevenue": 716641000,
    "grossProfit": 480344000,
    "grossProfitRatio": 0.4012949202,
    "researchAndDevelopmentExpenses": 18832000,
    "generalAndAdministrativeExpenses": 0,
    "sellingAndMarketingExpenses": 0,
    "sellingGeneralAndAdministrativeExpenses": 344799000,
    "otherExpenses": 210000,
    "operatingExpenses": 363841000,
    "costAndExpenses": 1080482000,
    "interestIncome": 1023000,
    "interestExpense": 23036000,
    "depreciationAndAmortization": 118042000,
    "ebitda": 230685000,
    "ebitdaratio": 0.1927217133,
    "operatingIncome": 116503000,
    "operatingIncomeRatio": 0.0973303759,
    "totalOtherIncomeExpensesNet": -26896000,
    "incomeBeforeTax": 89607000,
    "incomeBeforeTaxRatio": 0.0748605872,
    "incomeTaxExpense": 19982000,
    "netIncome": 69811000,
    "netIncomeRatio": 0.0583223683,
    "eps": 0.7,
    "epsdiluted": 0.69,
    "weightedAverageShsOut": 99848000,
    "weightedAverageShsOutDil": 100689000,
    "link": "https://www.sec.gov/Archives/edgar/data/1757898/000175789821000034/0001757898-21-000034-index.htm",
    "finalLink": "https://www.sec.gov/Archives/edgar/data/1757898/000175789821000034/ste-20210930.htm"
  },
  {
    "date": "2021-06-30",
    "symbol": "STE",
    "reportedCurrency": "USD",
    "cik": "0001757898",
    "fillingDate": "2021-08-09",
    "acceptedDate": "2021-08-09 16:54:48",
    "calendarYear": "2022",
    "period": "Q1",
    "revenue": 968422000,
    "costOfRevenue": 542140000,
    "grossProfit": 426282000,
    "grossProfitRatio": 0.4401820694,
    "researchAndDevelopmentExpenses": 18192000,
    "generalAndAdministrativeExpenses": 0,
    "sellingAndMarketingExpenses": 0,
    "sellingGeneralAndAdministrativeExpenses": 393752000,
    "otherExpenses": 14000,
    "operatingExpenses": 411958000,
    "costAndExpenses": 954098000,
    "interestIncome": 1434000,
    "interestExpense": 21812000,
    "depreciationAndAmortization": 83621000,
    "ebitda": 76456000,
    "ebitdaratio": 0.0789490532,
    "operatingIncome": 14324000,
    "operatingIncomeRatio": 0.0147910725,
    "totalOtherIncomeExpensesNet": -43301000,
    "incomeBeforeTax": -28977000,
    "incomeBeforeTaxRatio": -0.0299218729,
    "incomeTaxExpense": -7075000,
    "netIncome": -21807000,
    "netIncomeRatio": -0.0225180758,
    "eps": -0.24,
    "epsdiluted": -0.24,
    "weightedAverageShsOut": 90152000,
    "weightedAverageShsOutDil": 90992000,
    "link": "https://www.sec.gov/Archives/edgar/data/1757898/000175789821000027/0001757898-21-000027-index.htm",
    "finalLink": "https://www.sec.gov/Archives/edgar/data/1757898/000175789821000027/ste-20210630.htm"
  },
  {
    "date": "2021-03-31",
    "symbol": "STE",
    "reportedCurrency": "USD",
    "cik": "0001757898",
    "fillingDate": "2021-05-28",
    "acceptedDate": "2021-05-28 07:46:11",
    "calendarYear": "2021",
    "period": "Q4",
    "revenue": 873531000,
    "costOfRevenue": 491897000,
    "grossProfit": 381634000,
    "grossProfitRatio": 0.4368866131,
    "researchAndDevelopmentExpenses": 17514000,
    "generalAndAdministrativeExpenses": 0,
    "sellingAndMarketingExpenses": 0,
    "sellingGeneralAndAdministrativeExpenses": 221070000,
    "otherExpenses": -3024000,
    "operatingExpenses": 235560000,
    "costAndExpenses": 727457000,
    "interestIncome": 1569000,
    "interestExpense": 10124000,
    "depreciationAndAmortization": 59044000,
    "ebitda": 206687000,
    "ebitdaratio": 0.2366109503,
    "operatingIncome": 146074000,
    "operatingIncomeRatio": 0.1672224569,
    "totalOtherIncomeExpensesNet": -8555000,
    "incomeBeforeTax": 137519000,
    "incomeBeforeTaxRatio": 0.157428872,
    "incomeTaxExpense": 49369000,
    "netIncome": 87443000,
    "netIncomeRatio": 0.1001029156,
    "eps": 1.02,
    "epsdiluted": 1.02,
    "weightedAverageShsOut": 85352000,
    "weightedAverageShsOutDil": 86038000,
    "link": "https://www.sec.gov/Archives/edgar/data/1757898/000175789821000017/0001757898-21-000017-index.htm",
    "finalLink": "https://www.sec.gov/Archives/edgar/data/1757898/000175789821000017/ste-20210331.htm"
  },
  {
    "date": "2020-12-31",
    "symbol": "STE",
    "reportedCurrency": "USD",
    "cik": "0001757898",
    "fillingDate": "2021-02-09",
    "acceptedDate": "2021-02-09 08:00:20",
    "calendarYear": "2021",
    "period": "Q3",
    "revenue": 808924000,
    "costOfRevenue": 463063000,
    "grossProfit": 345861000,
    "grossProfitRatio": 0.4275568533,
    "researchAndDevelopmentExpenses": 16438000,
    "generalAndAdministrativeExpenses": 0,
    "sellingAndMarketingExpenses": 0,
    "sellingGeneralAndAdministrativeExpenses": 182373000,
    "otherExpenses": 20000,
    "operatingExpenses": 198831000,
    "costAndExpenses": 661894000,
    "interestIncome": 1299000,
    "interestExpense": 8899000,
    "depreciationAndAmortization": 56821000,
    "ebitda": 205150000,
    "ebitdaratio": 0.2536084972,
    "operatingIncome": 147030000,
    "operatingIncomeRatio": 0.1817599676,
    "totalOtherIncomeExpensesNet": -7600000,
    "incomeBeforeTax": 139430000,
    "incomeBeforeTaxRatio": 0.172364771,
    "incomeTaxExpense": 24842000,
    "netIncome": 114501000,
    "netIncomeRatio": 0.14154729,
    "eps": 1.34,
    "epsdiluted": 1.33,
    "weightedAverageShsOut": 85330000,
    "weightedAverageShsOutDil": 86032000,
    "link": "https://www.sec.gov/Archives/edgar/data/1757898/000175789821000007/0001757898-21-000007-index.htm",
    "finalLink": "https://www.sec.gov/Archives/edgar/data/1757898/000175789821000007/ste-20201231.htm"
  },
  {
    "date": "2020-09-30",
    "symbol": "STE",
    "reportedCurrency": "USD",
    "cik": "0001757898",
    "fillingDate": "2020-11-06",
    "acceptedDate": "2020-11-06 08:28:43",
    "calendarYear": "2021",
    "period": "Q2",
    "revenue": 756132000,
    "costOfRevenue": 426095000,
    "grossProfit": 330037000,
    "grossProfitRatio": 0.4364806674,
    "researchAndDevelopmentExpenses": 16143000,
    "generalAndAdministrativeExpenses": 0,
    "sellingAndMarketingExpenses": 0,
    "sellingGeneralAndAdministrativeExpenses": 172707000,
    "otherExpenses": -76000,
    "operatingExpenses": 188774000,
    "costAndExpenses": 614869000,
    "interestIncome": 1188000,
    "interestExpense": 8665000,
    "depreciationAndAmortization": 54418000,
    "ebitda": 196869000,
    "ebitdaratio": 0.2603632699,
    "operatingIncome": 141263000,
    "operatingIncomeRatio": 0.1868232002,
    "totalOtherIncomeExpensesNet": -7477000,
    "incomeBeforeTax": 133786000,
    "incomeBeforeTaxRatio": 0.1769347151,
    "incomeTaxExpense": 27778000,
    "netIncome": 105858000,
    "netIncomeRatio": 0.1399993652,
    "eps": 1.24,
    "epsdiluted": 1.23,
    "weightedAverageShsOut": 85170000,
    "weightedAverageShsOutDil": 85844000,
    "link": "https://www.sec.gov/Archives/edgar/data/1757898/000175789820000028/0001757898-20-000028-index.htm",
    "finalLink": "https://www.sec.gov/Archives/edgar/data/1757898/000175789820000028/ste-20200930.htm"
  },
  {
    "date": "2020-06-30",
    "symbol": "STE",
    "reportedCurrency": "USD",
    "cik": "0001757898",
    "fillingDate": "2020-08-07",
    "acceptedDate": "2020-08-07 08:39:58",
    "calendarYear": "2021",
    "period": "Q1",
    "revenue": 668932000,
    "costOfRevenue": 381548000,
    "grossProfit": 287384000,
    "grossProfitRatio": 0.4296161643,
    "researchAndDevelopmentExpenses": 16231000,
    "generalAndAdministrativeExpenses": 0,
    "sellingAndMarketingExpenses": 0,
    "sellingGeneralAndAdministrativeExpenses": 155170000,
    "otherExpenses": 166000,
    "operatingExpenses": 171567000,
    "costAndExpenses": 553115000,
    "interestIncome": 2289000,
    "interestExpense": 9492000,
    "depreciationAndAmortization": 48954000,
    "ebitda": 167060000,
    "ebitdaratio": 0.2497413788,
    "operatingIncome": 115817000,
    "operatingIncomeRatio": 0.1731371799,
    "totalOtherIncomeExpensesNet": -7203000,
    "incomeBeforeTax": 108614000,
    "incomeBeforeTaxRatio": 0.1623692692,
    "incomeTaxExpense": 20490000,
    "netIncome": 88190000,
    "netIncomeRatio": 0.1318370178,
    "eps": 1.05,
    "epsdiluted": 1.05,
    "weightedAverageShsOut": 84959000,
    "weightedAverageShsOutDil": 85676000,
    "link": "https://www.sec.gov/Archives/edgar/data/1757898/000175789820000022/0001757898-20-000022-index.htm",
    "finalLink": "https://www.sec.gov/Archives/edgar/data/1757898/000175789820000022/ste0630202010-q.htm"
  },
  {
    "date": "2020-03-31",
    "symbol": "STE",
    "reportedCurrency": "USD",
    "cik": "0001757898",
    "fillingDate": "2020-05-29",
    "acceptedDate": "2020-05-29 08:54:05",
    "calendarYear": "2020",
    "period": "Q4",
    "revenue": 822991000,
    "costOfRevenue": 458931000,
    "grossProfit": 364060000,
    "grossProfitRatio": 0.4423620671,
    "researchAndDevelopmentExpenses": 17225000,
    "generalAndAdministrativeExpenses": 0,
    "sellingAndMarketingExpenses": 0,
    "sellingGeneralAndAdministrativeExpenses": 189064000,
    "otherExpenses": 6000,
    "operatingExpenses": 206295000,
    "costAndExpenses": 665226000,
    "interestIncome": 0,
    "interestExpense": 9753000,
    "depreciationAndAmortization": 50941000,
    "ebitda": 208530000,
    "ebitdaratio": 0.2533806567,
    "operatingIncome": 157765000,
    "operatingIncomeRatio": 0.1916971145,
    "totalOtherIncomeExpensesNet": -9753000,
    "incomeBeforeTax": 148012000,
    "incomeBeforeTaxRatio": 0.1798464382,
    "incomeTaxExpense": 24793000,
    "netIncome": 123316000,
    "netIncomeRatio": 0.1498388196,
    "eps": 1.45,
    "epsdiluted": 1.44,
    "weightedAverageShsOut": 84891000,
    "weightedAverageShsOutDil": 85676000,
    "link": "https://www.sec.gov/Archives/edgar/data/1757898/000175789820000012/0001757898-20-000012-index.htm",
    "finalLink": "https://www.sec.gov/Archives/edgar/data/1757898/000175789820000012/ste03312020.htm"
  },
  {
    "date": "2019-12-31",
    "symbol": "STE",
    "reportedCurrency": "USD",
    "cik": "0001757898",
    "fillingDate": "2020-02-10",
    "acceptedDate": "2020-02-10 16:34:18",
    "calendarYear": "2020",
    "period": "Q3",
    "revenue": 774261000,
    "costOfRevenue": 442908000,
    "grossProfit": 331353000,
    "grossProfitRatio": 0.427960339,
    "researchAndDevelopmentExpenses": 16487000,
    "generalAndAdministrativeExpenses": 0,
    "sellingAndMarketingExpenses": 0,
    "sellingGeneralAndAdministrativeExpenses": 172927000,
    "otherExpenses": -448000,
    "operatingExpenses": 188966000,
    "costAndExpenses": 631874000,
    "interestIncome": 1378000,
    "interestExpense": 9813000,
    "depreciationAndAmortization": 49558000,
    "ebitda": 193323000,
    "ebitdaratio": 0.249687121,
    "operatingIncome": 142387000,
    "operatingIncomeRatio": 0.1839005193,
    "totalOtherIncomeExpensesNet": -8435000,
    "incomeBeforeTax": 133952000,
    "incomeBeforeTaxRatio": 0.1730062602,
    "incomeTaxExpense": 29285000,
    "netIncome": 104930000,
    "netIncomeRatio": 0.1355227759,
    "eps": 1.24,
    "epsdiluted": 1.23,
    "weightedAverageShsOut": 84788000,
    "weightedAverageShsOutDil": 85628000,
    "link": "https://www.sec.gov/Archives/edgar/data/1757898/000175789820000003/0001757898-20-000003-index.htm",
    "finalLink": "https://www.sec.gov/Archives/edgar/data/1757898/000175789820000003/ste1231201910-q.htm"
  },
  {
    "date": "2019-09-30",
    "symbol": "STE",
    "reportedCurrency": "USD",
    "cik": "0001757898",
    "fillingDate": "2019-11-07",
    "acceptedDate": "2019-11-07 08:19:36",
    "calendarYear": "2020",
    "period": "Q2",
    "revenue": 736840000,
    "costOfRevenue": 418173000,
    "grossProfit": 318667000,
    "grossProfitRatio": 0.4324778785,
    "researchAndDevelopmentExpenses": 16249000,
    "generalAndAdministrativeExpenses": 0,
    "sellingAndMarketingExpenses": 0,
    "sellingGeneralAndAdministrativeExpenses": 175959000,
    "otherExpenses": -274000,
    "operatingExpenses": 191934000,
    "costAndExpenses": 610107000,
    "interestIncome": 1018000,
    "interestExpense": 10444000,
    "depreciationAndAmortization": 49634000,
    "ebitda": 177385000,
    "ebitdaratio": 0.2407374735,
    "operatingIncome": 126733000,
    "operatingIncomeRatio": 0.1719952771,
    "totalOtherIncomeExpensesNet": -9426000,
    "incomeBeforeTax": 117307000,
    "incomeBeforeTaxRatio": 0.159202812,
    "incomeTaxExpense": 22165000,
    "netIncome": 94769000,
    "netIncomeRatio": 0.1286154389,
    "eps": 1.12,
    "epsdiluted": 1.11,
    "weightedAverageShsOut": 84795000,
    "weightedAverageShsOutDil": 85695000,
    "link": "https://www.sec.gov/Archives/edgar/data/1757898/000175789819000018/0001757898-19-000018-index.htm",
    "finalLink": "https://www.sec.gov/Archives/edgar/data/1757898/000175789819000018/ste0930201910-q.htm"
  },
  {
    "date": "2019-06-30",
    "symbol": "STE",
    "reportedCurrency": "USD",
    "cik": "0001757898",
    "fillingDate": "2019-08-07",
    "acceptedDate": "2019-08-07 08:35:51",
    "calendarYear": "2020",
    "period": "Q1",
    "revenue": 696803000,
    "costOfRevenue": 390960000,
    "grossProfit": 305843000,
    "grossProfitRatio": 0.4389231964,
    "researchAndDevelopmentExpenses": 15585000,
    "generalAndAdministrativeExpenses": 0,
    "sellingAndMarketingExpenses": 0,
    "sellingGeneralAndAdministrativeExpenses": 178781000,
    "otherExpenses": 1389000,
    "operatingExpenses": 195755000,
    "costAndExpenses": 586715000,
    "interestIncome": 0,
    "interestExpense": 10678000,
    "depreciationAndAmortization": 47102000,
    "ebitda": 157190000,
    "ebitdaratio": 0.2255874329,
    "operatingIncome": 110088000,
    "operatingIncomeRatio": 0.1579901349,
    "totalOtherIncomeExpensesNet": -10678000,
    "incomeBeforeTax": 99410000,
    "incomeBeforeTaxRatio": 0.1426658611,
    "incomeTaxExpense": 14633000,
    "netIncome": 84590000,
    "netIncomeRatio": 0.1213972959,
    "eps": 1,
    "epsdiluted": 0.99,
    "weightedAverageShsOut": 84638000,
    "weightedAverageShsOutDil": 85566000,
    "link": "https://www.sec.gov/Archives/edgar/data/1757898/000175789819000012/0001757898-19-000012-index.htm",
    "finalLink": "https://www.sec.gov/Archives/edgar/data/1757898/000175789819000012/ste0630201910-q.htm"
  },
  {
    "date": "2019-03-31",
    "symbol": "STE",
    "reportedCurrency": "USD",
    "cik": "0001757898",
    "fillingDate": "2019-05-30",
    "acceptedDate": "2019-05-30 09:25:06",
    "calendarYear": "2019",
    "period": "Q4",
    "revenue": 768213000,
    "costOfRevenue": 433497000,
    "grossProfit": 334716000,
    "grossProfitRatio": 0.4357072843,
    "researchAndDevelopmentExpenses": 15878000,
    "generalAndAdministrativeExpenses": 0,
    "sellingAndMarketingExpenses": 0,
    "sellingGeneralAndAdministrativeExpenses": 173120000,
    "otherExpenses": 4840000,
    "operatingExpenses": 193838000,
    "costAndExpenses": 627335000,
    "interestIncome": 0,
    "interestExpense": 10498000,
    "depreciationAndAmortization": 50263000,
    "ebitda": 194161000,
    "ebitdaratio": 0.2527437052,
    "operatingIncome": 140878000,
    "operatingIncomeRatio": 0.1833840354,
    "totalOtherIncomeExpensesNet": -7478000,
    "incomeBeforeTax": 133400000,
    "incomeBeforeTaxRatio": 0.173649756,
    "incomeTaxExpense": 24523000,
    "netIncome": 108745000,
    "netIncomeRatio": 0.1415557925,
    "eps": 1.29,
    "epsdiluted": 1.27,
    "weightedAverageShsOut": 84546000,
    "weightedAverageShsOutDil": 85447000,
    "link": "https://www.sec.gov/Archives/edgar/data/1757898/000175789819000005/0001757898-19-000005-index.htm",
    "finalLink": "https://www.sec.gov/Archives/edgar/data/1757898/000175789819000005/ste3312019.htm"
  },
  {
    "date": "2018-12-31",
    "symbol": "STE",
    "reportedCurrency": "USD",
    "cik": "0001757898",
    "fillingDate": "2018-12-31",
    "acceptedDate": "2018-12-30 19:00:00",
    "calendarYear": "2019",
    "period": "Q3",
    "revenue": 696238000,
    "costOfRevenue": 409241000,
    "grossProfit": 286997000,
    "grossProfitRatio": 0.4122110543,
    "researchAndDevelopmentExpenses": 15167000,
    "generalAndAdministrativeExpenses": 0,
    "sellingAndMarketingExpenses": 0,
    "sellingGeneralAndAdministrativeExpenses": 176099000,
    "otherExpenses": 26147000,
    "operatingExpenses": 217413000,
    "costAndExpenses": 626654000,
    "interestIncome": 0,
    "interestExpense": 11824000,
    "depreciationAndAmortization": 82687000,
    "ebitda": 152271000,
    "ebitdaratio": 0.2187053852,
    "operatingIncome": 69584000,
    "operatingIncomeRatio": 0.0999428356,
    "totalOtherIncomeExpensesNet": -11824000,
    "incomeBeforeTax": 57760000,
    "incomeBeforeTaxRatio": 0.0829601372,
    "incomeTaxExpense": 9334000,
    "netIncome": 47858000,
    "netIncomeRatio": 0.068737989,
    "eps": 0.57,
    "epsdiluted": 0.56,
    "weightedAverageShsOut": 84540000,
    "weightedAverageShsOutDil": 85441000,
    "link": null,
    "finalLink": null
  },
  {
    "date": "2018-09-30",
    "symbol": "STE",
    "reportedCurrency": "USD",
    "cik": "0001757898",
    "fillingDate": "2018-09-30",
    "acceptedDate": "2018-09-30 00:00:00",
    "calendarYear": "2019",
    "period": "Q2",
    "revenue": 678961000,
    "costOfRevenue": 394297000,
    "grossProfit": 284664000,
    "grossProfitRatio": 0.4192641404,
    "researchAndDevelopmentExpenses": 15773000,
    "generalAndAdministrativeExpenses": 0,
    "sellingAndMarketingExpenses": 0,
    "sellingGeneralAndAdministrativeExpenses": 162312000,
    "otherExpenses": 0,
    "operatingExpenses": 178085000,
    "costAndExpenses": 572382000,
    "interestIncome": 73000,
    "interestExpense": 11393000,
    "depreciationAndAmortization": 46117000,
    "ebitda": 152769000,
    "ebitdaratio": 0.2250040871,
    "operatingIncome": 106579000,
    "operatingIncomeRatio": 0.1569736701,
    "totalOtherIncomeExpensesNet": -11320000,
    "incomeBeforeTax": 95259000,
    "incomeBeforeTaxRatio": 0.1403011366,
    "incomeTaxExpense": 17764000,
    "netIncome": 77457000,
    "netIncomeRatio": 0.114081663,
    "eps": 0.92,
    "epsdiluted": 0.91,
    "weightedAverageShsOut": 84537000,
    "weightedAverageShsOutDil": 85477000,
    "link": null,
    "finalLink": null
  },
  {
    "date": "2018-06-30",
    "symbol": "STE",
    "reportedCurrency": "USD",
    "cik": "0001757898",
    "fillingDate": "2018-12-31",
    "acceptedDate": "2018-06-30 00:00:00",
    "calendarYear": "2019",
    "period": "Q1",
    "revenue": 638758000,
    "costOfRevenue": 369708000,
    "grossProfit": 269050000,
    "grossProfitRatio": 0.4212080318,
    "researchAndDevelopmentExpenses": 16220000,
    "generalAndAdministrativeExpenses": 0,
    "sellingAndMarketingExpenses": 0,
    "sellingGeneralAndAdministrativeExpenses": 158406000,
    "otherExpenses": 0,
    "operatingExpenses": 174626000,
    "costAndExpenses": 544334000,
    "interestIncome": 367000,
    "interestExpense": 11740000,
    "depreciationAndAmortization": 46854000,
    "ebitda": 141645000,
    "ebitdaratio": 0.2217506474,
    "operatingIncome": 94424000,
    "operatingIncomeRatio": 0.1478243717,
    "totalOtherIncomeExpensesNet": -11373000,
    "incomeBeforeTax": 83051000,
    "incomeBeforeTaxRatio": 0.1300195066,
    "incomeTaxExpense": 12773000,
    "netIncome": 69991000,
    "netIncomeRatio": 0.1095735787,
    "eps": 0.83,
    "epsdiluted": 0.82,
    "weightedAverageShsOut": 84685000,
    "weightedAverageShsOutDil": 85509000,
    "link": null,
    "finalLink": null
  },
  {
    "date": "2018-03-31",
    "symbol": "STE",
    "reportedCurrency": "USD",
    "cik": "0001757898",
    "fillingDate": "2018-03-31",
    "acceptedDate": "2018-03-31 00:00:00",
    "calendarYear": "2018",
    "period": "Q4",
    "revenue": 715973000,
    "costOfRevenue": 423220000,
    "grossProfit": 292753000,
    "grossProfitRatio": 0.408888324,
    "researchAndDevelopmentExpenses": 17609000,
    "generalAndAdministrativeExpenses": 0,
    "sellingAndMarketingExpenses": 0,
    "sellingGeneralAndAdministrativeExpenses": 161574000,
    "otherExpenses": -53000,
    "operatingExpenses": 179130000,
    "costAndExpenses": 602350000,
    "interestIncome": 841000,
    "interestExpense": 13019000,
    "depreciationAndAmortization": 44477000,
    "ebitda": 158941000,
    "ebitdaratio": 0.2219930081,
    "operatingIncome": 113623000,
    "operatingIncomeRatio": 0.1586973252,
    "totalOtherIncomeExpensesNet": -12178000,
    "incomeBeforeTax": 101445000,
    "incomeBeforeTaxRatio": 0.1416883039,
    "incomeTaxExpense": 27822000,
    "netIncome": 73598000,
    "netIncomeRatio": 0.1027943791,
    "eps": 0.87,
    "epsdiluted": 0.86,
    "weightedAverageShsOut": 84819000,
    "weightedAverageShsOutDil": 85544000,
    "link": null,
    "finalLink": null
  },
  {
    "date": "2017-12-31",
    "symbol": "STE",
    "reportedCurrency": "USD",
    "cik": "0001757898",
    "fillingDate": "2017-12-31",
    "acceptedDate": "2017-12-30 19:00:00",
    "calendarYear": "2018",
    "period": "Q3",
    "revenue": 661900000,
    "costOfRevenue": 383683000,
    "grossProfit": 278217000,
    "grossProfitRatio": 0.4203308657,
    "researchAndDevelopmentExpenses": 15195000,
    "generalAndAdministrativeExpenses": 0,
    "sellingAndMarketingExpenses": 0,
    "sellingGeneralAndAdministrativeExpenses": 159664000,
    "otherExpenses": 78000,
    "operatingExpenses": 174937000,
    "costAndExpenses": 558620000,
    "interestIncome": 1117000,
    "interestExpense": 12461000,
    "depreciationAndAmortization": 44656000,
    "ebitda": 149053000,
    "ebitdaratio": 0.2251896057,
    "operatingIncome": 103280000,
    "operatingIncomeRatio": 0.1560356549,
    "totalOtherIncomeExpensesNet": -11344000,
    "incomeBeforeTax": 91936000,
    "incomeBeforeTaxRatio": 0.1388971144,
    "incomeTaxExpense": -3404000,
    "netIncome": 94781000,
    "netIncomeRatio": 0.1431953467,
    "eps": 1.12,
    "epsdiluted": 1.11,
    "weightedAverageShsOut": 85004000,
    "weightedAverageShsOutDil": 85719000,
    "link": null,
    "finalLink": null
  },
  {
    "date": "2017-09-30",
    "symbol": "STE",
    "reportedCurrency": "USD",
    "cik": "0001757898",
    "fillingDate": "2017-09-30",
    "acceptedDate": "2017-09-30 00:00:00",
    "calendarYear": "2018",
    "period": "Q2",
    "revenue": 634159000,
    "costOfRevenue": 367762000,
    "grossProfit": 266397000,
    "grossProfitRatio": 0.4200791915,
    "researchAndDevelopmentExpenses": 13974000,
    "generalAndAdministrativeExpenses": 0,
    "sellingAndMarketingExpenses": 0,
    "sellingGeneralAndAdministrativeExpenses": 153879000,
    "otherExpenses": 27000,
    "operatingExpenses": 167880000,
    "costAndExpenses": 535642000,
    "interestIncome": 1513000,
    "interestExpense": 12683000,
    "depreciationAndAmortization": 45548000,
    "ebitda": 145578000,
    "ebitdaratio": 0.2295607253,
    "operatingIncome": 98517000,
    "operatingIncomeRatio": 0.1553506297,
    "totalOtherIncomeExpensesNet": -11170000,
    "incomeBeforeTax": 87347000,
    "incomeBeforeTaxRatio": 0.1377367506,
    "incomeTaxExpense": 22903000,
    "netIncome": 64459000,
    "netIncomeRatio": 0.1016448556,
    "eps": 0.76,
    "epsdiluted": 0.75,
    "weightedAverageShsOut": 85199000,
    "weightedAverageShsOutDil": 85869000,
    "link": null,
    "finalLink": null
  },
  {
    "date": "2017-06-30",
    "symbol": "STE",
    "reportedCurrency": "USD",
    "cik": "0001757898",
    "fillingDate": "2017-12-31",
    "acceptedDate": "2017-06-30 00:00:00",
    "calendarYear": "2018",
    "period": "Q1",
    "revenue": 607964000,
    "costOfRevenue": 352198000,
    "grossProfit": 255766000,
    "grossProfitRatio": 0.4206926726,
    "researchAndDevelopmentExpenses": 14004000,
    "generalAndAdministrativeExpenses": 0,
    "sellingAndMarketingExpenses": 0,
    "sellingGeneralAndAdministrativeExpenses": 156336000,
    "otherExpenses": 51000,
    "operatingExpenses": 170391000,
    "costAndExpenses": 522589000,
    "interestIncome": 1345000,
    "interestExpense": 12466000,
    "depreciationAndAmortization": 43651000,
    "ebitda": 130371000,
    "ebitdaratio": 0.2144386839,
    "operatingIncome": 85375000,
    "operatingIncomeRatio": 0.1404277227,
    "totalOtherIncomeExpensesNet": -11121000,
    "incomeBeforeTax": 74254000,
    "incomeBeforeTaxRatio": 0.1221355212,
    "incomeTaxExpense": 16039000,
    "netIncome": 58077000,
    "netIncomeRatio": 0.0955270378,
    "eps": 0.68,
    "epsdiluted": 0.68,
    "weightedAverageShsOut": 85090000,
    "weightedAverageShsOutDil": 85720000,
    "link": null,
    "finalLink": null
  },
  {
    "date": "2017-03-31",
    "symbol": "STE",
    "reportedCurrency": "USD",
    "cik": "0001757898",
    "fillingDate": "2017-03-31",
    "acceptedDate": "2017-03-31 00:00:00",
    "calendarYear": "2017",
    "period": "Q4",
    "revenue": 681189000,
    "costOfRevenue": 401064000,
    "grossProfit": 280125000,
    "grossProfitRatio": 0.4112294826,
    "researchAndDevelopmentExpenses": 15761000,
    "generalAndAdministrativeExpenses": 0,
    "sellingAndMarketingExpenses": 0,
    "sellingGeneralAndAdministrativeExpenses": 205743000,
    "otherExpenses": -5000,
    "operatingExpenses": 221499000,
    "costAndExpenses": 622563000,
    "interestIncome": 254000,
    "interestExpense": 11545000,
    "depreciationAndAmortization": 52897000,
    "ebitda": 111777000,
    "ebitdaratio": 0.1640910232,
    "operatingIncome": 58626000,
    "operatingIncomeRatio": 0.0860642201,
    "totalOtherIncomeExpensesNet": -11291000,
    "incomeBeforeTax": 47335000,
    "incomeBeforeTaxRatio": 0.0694887909,
    "incomeTaxExpense": 21270000,
    "netIncome": 26143000,
    "netIncomeRatio": 0.0383784823,
    "eps": 0.31,
    "epsdiluted": 0.31,
    "weightedAverageShsOut": 84934000,
    "weightedAverageShsOutDil": 85529000,
    "link": null,
    "finalLink": null
  },
  {
    "date": "2016-12-31",
    "symbol": "STE",
    "reportedCurrency": "USD",
    "cik": "0001757898",
    "fillingDate": "2016-12-31",
    "acceptedDate": "2016-12-30 19:00:00",
    "calendarYear": "2017",
    "period": "Q3",
    "revenue": 646774000,
    "costOfRevenue": 389165000,
    "grossProfit": 257609000,
    "grossProfitRatio": 0.3982983237,
    "researchAndDevelopmentExpenses": 14591000,
    "generalAndAdministrativeExpenses": 0,
    "sellingAndMarketingExpenses": 0,
    "sellingGeneralAndAdministrativeExpenses": 158760000,
    "otherExpenses": 58374000,
    "operatingExpenses": 231725000,
    "costAndExpenses": 620890000,
    "interestIncome": 539000,
    "interestExpense": 10980000,
    "depreciationAndAmortization": 31384000,
    "ebitda": 57807000,
    "ebitdaratio": 0.0893774332,
    "operatingIncome": 25884000,
    "operatingIncomeRatio": 0.0400201616,
    "totalOtherIncomeExpensesNet": -10441000,
    "incomeBeforeTax": 15443000,
    "incomeBeforeTaxRatio": 0.0238769648,
    "incomeTaxExpense": 19790000,
    "netIncome": -4996000,
    "netIncomeRatio": -0.0077244911,
    "eps": -0.06,
    "epsdiluted": -0.06,
    "weightedAverageShsOut": 83267000,
    "weightedAverageShsOutDil": 85074000,
    "link": null,
    "finalLink": null
  },
  {
    "date": "2016-09-30",
    "symbol": "STE",
    "reportedCurrency": "USD",
    "cik": "0001757898",
    "fillingDate": "2016-09-30",
    "acceptedDate": "2016-09-30 00:00:00",
    "calendarYear": "2017",
    "period": "Q2",
    "revenue": 646415000,
    "costOfRevenue": 398507000,
    "grossProfit": 247908000,
    "grossProfitRatio": 0.38351214,
    "researchAndDevelopmentExpenses": 14617000,
    "generalAndAdministrativeExpenses": 0,
    "sellingAndMarketingExpenses": 0,
    "sellingGeneralAndAdministrativeExpenses": 163680000,
    "otherExpenses": 48000,
    "operatingExpenses": 178345000,
    "costAndExpenses": 576852000,
    "interestIncome": 284000,
    "interestExpense": 10924000,
    "depreciationAndAmortization": 50077000,
    "ebitda": 119924000,
    "ebitdaratio": 0.185521685,
    "operatingIncome": 69563000,
    "operatingIncomeRatio": 0.10761353,
    "totalOtherIncomeExpensesNet": -10640000,
    "incomeBeforeTax": 58923000,
    "incomeBeforeTaxRatio": 0.0911535159,
    "incomeTaxExpense": 18721000,
    "netIncome": 40416000,
    "netIncomeRatio": 0.0625233016,
    "eps": 0.47,
    "epsdiluted": 0.47,
    "weightedAverageShsOut": 85851000,
    "weightedAverageShsOutDil": 86333000,
    "link": null,
    "finalLink": null
  },
  {
    "date": "2016-06-30",
    "symbol": "STE",
    "reportedCurrency": "USD",
    "cik": "0001757898",
    "fillingDate": "2016-12-31",
    "acceptedDate": "2016-06-30 00:00:00",
    "calendarYear": "2017",
    "period": "Q1",
    "revenue": 638378000,
    "costOfRevenue": 398388000,
    "grossProfit": 239990000,
    "grossProfitRatio": 0.3759371407,
    "researchAndDevelopmentExpenses": 14428000,
    "generalAndAdministrativeExpenses": 0,
    "sellingAndMarketingExpenses": 0,
    "sellingGeneralAndAdministrativeExpenses": 151886000,
    "otherExpenses": 154000,
    "operatingExpenses": 166468000,
    "costAndExpenses": 564856000,
    "interestIncome": 493000,
    "interestExpense": 11071000,
    "depreciationAndAmortization": 53784000,
    "ebitda": 127799000,
    "ebitdaratio": 0.2001933024,
    "operatingIncome": 73522000,
    "operatingIncomeRatio": 0.115170009,
    "totalOtherIncomeExpensesNet": -10578000,
    "incomeBeforeTax": 62944000,
    "incomeBeforeTaxRatio": 0.0985998891,
    "incomeTaxExpense": 14234000,
    "netIncome": 48401000,
    "netIncomeRatio": 0.0758187156,
    "eps": 0.56,
    "epsdiluted": 0.56,
    "weightedAverageShsOut": 86038000,
    "weightedAverageShsOutDil": 86519000,
    "link": null,
    "finalLink": null
  },
  {
    "date": "2016-03-31",
    "symbol": "STE",
    "reportedCurrency": "USD",
    "cik": "0001757898",
    "fillingDate": "2016-03-31",
    "acceptedDate": "2016-03-31 00:00:00",
    "calendarYear": "2016",
    "period": "Q4",
    "revenue": 690277000,
    "costOfRevenue": 426388000,
    "grossProfit": 263889000,
    "grossProfitRatio": 0.3822943543,
    "researchAndDevelopmentExpenses": 14310000,
    "generalAndAdministrativeExpenses": 0,
    "sellingAndMarketingExpenses": 0,
    "sellingGeneralAndAdministrativeExpenses": 150097000,
    "otherExpenses": 156000,
    "operatingExpenses": 164563000,
    "costAndExpenses": 590951000,
    "interestIncome": 549000,
    "interestExpense": 11396000,
    "depreciationAndAmortization": 52815000,
    "ebitda": 152690000,
    "ebitdaratio": 0.2212010541,
    "operatingIncome": 99326000,
    "operatingIncomeRatio": 0.1438929589,
    "totalOtherIncomeExpensesNet": -10847000,
    "incomeBeforeTax": 88479000,
    "incomeBeforeTaxRatio": 0.1281789774,
    "incomeTaxExpense": 30610000,
    "netIncome": 57740000,
    "netIncomeRatio": 0.0836475792,
    "eps": 0.67,
    "epsdiluted": 0.67,
    "weightedAverageShsOut": 85907000,
    "weightedAverageShsOutDil": 86367000,
    "link": null,
    "finalLink": null
  },
  {
    "date": "2015-12-31",
    "symbol": "STE",
    "reportedCurrency": "USD",
    "cik": "0001757898",
    "fillingDate": "2015-12-31",
    "acceptedDate": "2015-12-30 19:00:00",
    "calendarYear": "2016",
    "period": "Q3",
    "revenue": 618688000,
    "costOfRevenue": 380507000,
    "grossProfit": 238181000,
    "grossProfitRatio": 0.3849775654,
    "researchAndDevelopmentExpenses": 14334000,
    "generalAndAdministrativeExpenses": 0,
    "sellingAndMarketingExpenses": 0,
    "sellingGeneralAndAdministrativeExpenses": 177319000,
    "otherExpenses": -194000,
    "operatingExpenses": 191459000,
    "costAndExpenses": 571966000,
    "interestIncome": 406000,
    "interestExpense": 17706000,
    "depreciationAndAmortization": 44827000,
    "ebitda": 91955000,
    "ebitdaratio": 0.1486290343,
    "operatingIncome": 46722000,
    "operatingIncomeRatio": 0.0755178701,
    "totalOtherIncomeExpensesNet": -17300000,
    "incomeBeforeTax": 29422000,
    "incomeBeforeTaxRatio": 0.0475554722,
    "incomeTaxExpense": 8268000,
    "netIncome": 20045000,
    "netIncomeRatio": 0.0323992061,
    "eps": 0.26,
    "epsdiluted": 0.26,
    "weightedAverageShsOut": 77221000,
    "weightedAverageShsOutDil": 77712000,
    "link": null,
    "finalLink": null
  },
  {
    "date": "2015-09-30",
    "symbol": "STE",
    "reportedCurrency": "USD",
    "cik": "0001757898",
    "fillingDate": "2015-09-30",
    "acceptedDate": "2015-09-30 00:00:00",
    "calendarYear": "2016",
    "period": "Q2",
    "revenue": 489897000,
    "costOfRevenue": 280576000,
    "grossProfit": 209321000,
    "grossProfitRatio": 0.4272755293,
    "researchAndDevelopmentExpenses": 14255000,
    "generalAndAdministrativeExpenses": 0,
    "sellingAndMarketingExpenses": 0,
    "sellingGeneralAndAdministrativeExpenses": 172459000,
    "otherExpenses": -56000,
    "operatingExpenses": 186658000,
    "costAndExpenses": 467234000,
    "interestIncome": 227000,
    "interestExpense": 7485000,
    "depreciationAndAmortization": 23745000,
    "ebitda": 46635000,
    "ebitdaratio": 0.0951934794,
    "operatingIncome": 22663000,
    "operatingIncomeRatio": 0.0462607446,
    "totalOtherIncomeExpensesNet": -7258000,
    "incomeBeforeTax": 15405000,
    "incomeBeforeTaxRatio": 0.0314453855,
    "incomeTaxExpense": 7154000,
    "netIncome": 8687000,
    "netIncomeRatio": 0.0177322988,
    "eps": 0.15,
    "epsdiluted": 0.14,
    "weightedAverageShsOut": 59897000,
    "weightedAverageShsOutDil": 60370000,
    "link": null,
    "finalLink": null
  },
  {
    "date": "2015-06-30",
    "symbol": "STE",
    "reportedCurrency": "USD",
    "cik": "0001757898",
    "fillingDate": "2015-12-31",
    "acceptedDate": "2015-06-30 00:00:00",
    "calendarYear": "2016",
    "period": "Q1",
    "revenue": 439902000,
    "costOfRevenue": 255812000,
    "grossProfit": 184090000,
    "grossProfitRatio": 0.4184795704,
    "researchAndDevelopmentExpenses": 13765000,
    "generalAndAdministrativeExpenses": 0,
    "sellingAndMarketingExpenses": 0,
    "sellingGeneralAndAdministrativeExpenses": 126835000,
    "otherExpenses": -726000,
    "operatingExpenses": 139874000,
    "costAndExpenses": 395686000,
    "interestIncome": 482000,
    "interestExpense": 6120000,
    "depreciationAndAmortization": 22353000,
    "ebitda": 67051000,
    "ebitdaratio": 0.152422585,
    "operatingIncome": 44216000,
    "operatingIncomeRatio": 0.1005132961,
    "totalOtherIncomeExpensesNet": -5638000,
    "incomeBeforeTax": 38578000,
    "incomeBeforeTaxRatio": 0.0876968052,
    "incomeTaxExpense": 14267000,
    "netIncome": 24291000,
    "netIncomeRatio": 0.055219117,
    "eps": 0.41,
    "epsdiluted": 0.4,
    "weightedAverageShsOut": 59768000,
    "weightedAverageShsOutDil": 60286000,
    "link": null,
    "finalLink": null
  },
  {
    "date": "2015-03-31",
    "symbol": "STE",
    "reportedCurrency": "USD",
    "cik": "0001757898",
    "fillingDate": "2015-03-31",
    "acceptedDate": "2015-03-31 00:00:00",
    "calendarYear": "2015",
    "period": "Q4",
    "revenue": 501647000,
    "costOfRevenue": 288587000,
    "grossProfit": 213060000,
    "grossProfitRatio": 0.4247209691,
    "researchAndDevelopmentExpenses": 14175000,
    "generalAndAdministrativeExpenses": 0,
    "sellingAndMarketingExpenses": 0,
    "sellingGeneralAndAdministrativeExpenses": 130992000,
    "otherExpenses": -381000,
    "operatingExpenses": 144786000,
    "costAndExpenses": 433373000,
    "interestIncome": 123000,
    "interestExpense": 4735000,
    "depreciationAndAmortization": 22101000,
    "ebitda": 90498000,
    "ebitdaratio": 0.1804017566,
    "operatingIncome": 68274000,
    "operatingIncomeRatio": 0.1360996876,
    "totalOtherIncomeExpensesNet": -4612000,
    "incomeBeforeTax": 63662000,
    "incomeBeforeTaxRatio": 0.1269059717,
    "incomeTaxExpense": 22263000,
    "netIncome": 41399000,
    "netIncomeRatio": 0.0825261588,
    "eps": 0.69,
    "epsdiluted": 0.69,
    "weightedAverageShsOut": 59634000,
    "weightedAverageShsOutDil": 60201000,
    "link": null,
    "finalLink": null
  },
  {
    "date": "2014-12-31",
    "symbol": "STE",
    "reportedCurrency": "USD",
    "cik": "0001757898",
    "fillingDate": "2014-12-31",
    "acceptedDate": "2014-12-30 19:00:00",
    "calendarYear": "2015",
    "period": "Q3",
    "revenue": 473244000,
    "costOfRevenue": 276088000,
    "grossProfit": 197156000,
    "grossProfitRatio": 0.4166053875,
    "researchAndDevelopmentExpenses": 14549000,
    "generalAndAdministrativeExpenses": 0,
    "sellingAndMarketingExpenses": 0,
    "sellingGeneralAndAdministrativeExpenses": 122370000,
    "otherExpenses": -1109000,
    "operatingExpenses": 135810000,
    "costAndExpenses": 411898000,
    "interestIncome": 417000,
    "interestExpense": 4822000,
    "depreciationAndAmortization": 21605000,
    "ebitda": 83368000,
    "ebitdaratio": 0.1761628251,
    "operatingIncome": 61346000,
    "operatingIncomeRatio": 0.1296286905,
    "totalOtherIncomeExpensesNet": -4405000,
    "incomeBeforeTax": 56941000,
    "incomeBeforeTaxRatio": 0.1203205957,
    "incomeTaxExpense": 18817000,
    "netIncome": 38124000,
    "netIncomeRatio": 0.080558866,
    "eps": 0.64,
    "epsdiluted": 0.63,
    "weightedAverageShsOut": 59475000,
    "weightedAverageShsOutDil": 60146000,
    "link": null,
    "finalLink": null
  },
  {
    "date": "2014-09-30",
    "symbol": "STE",
    "reportedCurrency": "USD",
    "cik": "0001757898",
    "fillingDate": "2014-09-30",
    "acceptedDate": "2014-09-30 00:00:00",
    "calendarYear": "2015",
    "period": "Q2",
    "revenue": 462729000,
    "costOfRevenue": 268737000,
    "grossProfit": 193992000,
    "grossProfitRatio": 0.4192345844,
    "researchAndDevelopmentExpenses": 13006000,
    "generalAndAdministrativeExpenses": 0,
    "sellingAndMarketingExpenses": 0,
    "sellingGeneralAndAdministrativeExpenses": 126292000,
    "otherExpenses": 1271000,
    "operatingExpenses": 140569000,
    "costAndExpenses": 409306000,
    "interestIncome": 36000,
    "interestExpense": 4948000,
    "depreciationAndAmortization": 27430000,
    "ebitda": 80889000,
    "ebitdaratio": 0.1748085813,
    "operatingIncome": 53423000,
    "operatingIncomeRatio": 0.1154520248,
    "totalOtherIncomeExpensesNet": -4912000,
    "incomeBeforeTax": 48511000,
    "incomeBeforeTaxRatio": 0.1048367403,
    "incomeTaxExpense": 17507000,
    "netIncome": 31004000,
    "netIncomeRatio": 0.0670025004,
    "eps": 0.52,
    "epsdiluted": 0.52,
    "weightedAverageShsOut": 59375000,
    "weightedAverageShsOutDil": 60020000,
    "link": null,
    "finalLink": null
  },
  {
    "date": "2014-06-30",
    "symbol": "STE",
    "reportedCurrency": "USD",
    "cik": "0001757898",
    "fillingDate": "2014-12-31",
    "acceptedDate": "2014-06-30 00:00:00",
    "calendarYear": "2015",
    "period": "Q1",
    "revenue": 412643000,
    "costOfRevenue": 242550000,
    "grossProfit": 170093000,
    "grossProfitRatio": 0.4122037694,
    "researchAndDevelopmentExpenses": 12409000,
    "generalAndAdministrativeExpenses": 0,
    "sellingAndMarketingExpenses": 0,
    "sellingGeneralAndAdministrativeExpenses": 113688000,
    "otherExpenses": -172000,
    "operatingExpenses": 125925000,
    "costAndExpenses": 368475000,
    "interestIncome": 220000,
    "interestExpense": 4682000,
    "depreciationAndAmortization": 20405000,
    "ebitda": 64793000,
    "ebitdaratio": 0.157019506,
    "operatingIncome": 44168000,
    "operatingIncomeRatio": 0.1070368333,
    "totalOtherIncomeExpensesNet": -4462000,
    "incomeBeforeTax": 39706000,
    "incomeBeforeTaxRatio": 0.0962236122,
    "incomeTaxExpense": 15169000,
    "netIncome": 24537000,
    "netIncomeRatio": 0.0594630225,
    "eps": 0.41,
    "epsdiluted": 0.41,
    "weightedAverageShsOut": 59169000,
    "weightedAverageShsOutDil": 59814000,
    "link": null,
    "finalLink": null
  },
  {
    "date": "2014-03-31",
    "symbol": "STE",
    "reportedCurrency": "USD",
    "cik": "0001757898",
    "fillingDate": "2014-03-31",
    "acceptedDate": "2014-03-31 00:00:00",
    "calendarYear": "2014",
    "period": "Q4",
    "revenue": 465287000,
    "costOfRevenue": 280792000,
    "grossProfit": 184495000,
    "grossProfitRatio": 0.3965187078,
    "researchAndDevelopmentExpenses": 11681000,
    "generalAndAdministrativeExpenses": 0,
    "sellingAndMarketingExpenses": 0,
    "sellingGeneralAndAdministrativeExpenses": 100883000,
    "otherExpenses": 12326000,
    "operatingExpenses": 124890000,
    "costAndExpenses": 405682000,
    "interestIncome": 0,
    "interestExpense": 4243000,
    "depreciationAndAmortization": 19960000,
    "ebitda": 79189000,
    "ebitdaratio": 0.1701938803,
    "operatingIncome": 59605000,
    "operatingIncomeRatio": 0.1281037295,
    "totalOtherIncomeExpensesNet": -4619000,
    "incomeBeforeTax": 54986000,
    "incomeBeforeTaxRatio": 0.1181765233,
    "incomeTaxExpense": 16110000,
    "netIncome": 38876000,
    "netIncomeRatio": 0.083552732,
    "eps": 0.66,
    "epsdiluted": 0.65,
    "weightedAverageShsOut": 58946000,
    "weightedAverageShsOutDil": 59743000,
    "link": null,
    "finalLink": null
  },
  {
    "date": "2013-12-31",
    "symbol": "STE",
    "reportedCurrency": "USD",
    "cik": "0001757898",
    "fillingDate": "2013-12-31",
    "acceptedDate": "2013-12-30 19:00:00",
    "calendarYear": "2014",
    "period": "Q3",
    "revenue": 405551000,
    "costOfRevenue": 241776000,
    "grossProfit": 163775000,
    "grossProfitRatio": 0.4038333033,
    "researchAndDevelopmentExpenses": 11580000,
    "generalAndAdministrativeExpenses": 0,
    "sellingAndMarketingExpenses": 0,
    "sellingGeneralAndAdministrativeExpenses": 95497000,
    "otherExpenses": 808000,
    "operatingExpenses": 107885000,
    "costAndExpenses": 349661000,
    "interestIncome": 241000,
    "interestExpense": 4672000,
    "depreciationAndAmortization": 19574000,
    "ebitda": 75705000,
    "ebitdaratio": 0.1866719599,
    "operatingIncome": 55890000,
    "operatingIncomeRatio": 0.1378125069,
    "totalOtherIncomeExpensesNet": -4431000,
    "incomeBeforeTax": 51459000,
    "incomeBeforeTaxRatio": 0.1268866308,
    "incomeTaxExpense": 22953000,
    "netIncome": 28506000,
    "netIncomeRatio": 0.0702895567,
    "eps": 0.48,
    "epsdiluted": 0.48,
    "weightedAverageShsOut": 58885000,
    "weightedAverageShsOutDil": 59685000,
    "link": null,
    "finalLink": null
  },
  {
    "date": "2013-09-30",
    "symbol": "STE",
    "reportedCurrency": "USD",
    "cik": "0001757898",
    "fillingDate": "2013-09-30",
    "acceptedDate": "2013-09-30 00:00:00",
    "calendarYear": "2014",
    "period": "Q2",
    "revenue": 383762000,
    "costOfRevenue": 229256000,
    "grossProfit": 154506000,
    "grossProfitRatio": 0.4026089086,
    "researchAndDevelopmentExpenses": 13527000,
    "generalAndAdministrativeExpenses": 0,
    "sellingAndMarketingExpenses": 0,
    "sellingGeneralAndAdministrativeExpenses": 90661000,
    "otherExpenses": 18000,
    "operatingExpenses": 104206000,
    "costAndExpenses": 333462000,
    "interestIncome": 227000,
    "interestExpense": 4869000,
    "depreciationAndAmortization": 17782000,
    "ebitda": 68309000,
    "ebitdaratio": 0.1779983427,
    "operatingIncome": 50300000,
    "operatingIncomeRatio": 0.1310708199,
    "totalOtherIncomeExpensesNet": -4642000,
    "incomeBeforeTax": 45658000,
    "incomeBeforeTaxRatio": 0.1189747812,
    "incomeTaxExpense": 15915000,
    "netIncome": 29743000,
    "netIncomeRatio": 0.0775037654,
    "eps": 0.5,
    "epsdiluted": 0.5,
    "weightedAverageShsOut": 59027000,
    "weightedAverageShsOutDil": 59762000,
    "link": null,
    "finalLink": null
  },
  {
    "date": "2013-06-30",
    "symbol": "STE",
    "reportedCurrency": "USD",
    "cik": "0001757898",
    "fillingDate": "2013-12-31",
    "acceptedDate": "2013-06-30 00:00:00",
    "calendarYear": "2014",
    "period": "Q1",
    "revenue": 367652000,
    "costOfRevenue": 220806000,
    "grossProfit": 146846000,
    "grossProfitRatio": 0.3994157519,
    "researchAndDevelopmentExpenses": 11853000,
    "generalAndAdministrativeExpenses": 0,
    "sellingAndMarketingExpenses": 0,
    "sellingGeneralAndAdministrativeExpenses": 93929000,
    "otherExpenses": 52000,
    "operatingExpenses": 105834000,
    "costAndExpenses": 326640000,
    "interestIncome": 248000,
    "interestExpense": 4987000,
    "depreciationAndAmortization": 18333000,
    "ebitda": 59593000,
    "ebitdaratio": 0.1620907815,
    "operatingIncome": 41012000,
    "operatingIncomeRatio": 0.1115511408,
    "totalOtherIncomeExpensesNet": -4739000,
    "incomeBeforeTax": 36273000,
    "incomeBeforeTaxRatio": 0.098661234,
    "incomeTaxExpense": 3956000,
    "netIncome": 32317000,
    "netIncomeRatio": 0.0879010586,
    "eps": 0.55,
    "epsdiluted": 0.54,
    "weightedAverageShsOut": 59005000,
    "weightedAverageShsOutDil": 59790000,
    "link": null,
    "finalLink": null
  },
  {
    "date": "2013-03-31",
    "symbol": "STE",
    "reportedCurrency": "USD",
    "cik": "0001757898",
    "fillingDate": "2013-03-31",
    "acceptedDate": "2013-03-31 00:00:00",
    "calendarYear": "2013",
    "period": "Q4",
    "revenue": 428216000,
    "costOfRevenue": 250448000,
    "grossProfit": 177768000,
    "grossProfitRatio": 0.4151362864,
    "researchAndDevelopmentExpenses": 11726000,
    "generalAndAdministrativeExpenses": 0,
    "sellingAndMarketingExpenses": 0,
    "sellingGeneralAndAdministrativeExpenses": 100927000,
    "otherExpenses": 5000,
    "operatingExpenses": 112658000,
    "costAndExpenses": 363106000,
    "interestIncome": 0,
    "interestExpense": 5145000,
    "depreciationAndAmortization": 20527000,
    "ebitda": 85008000,
    "ebitdaratio": 0.1985166365,
    "operatingIncome": 65110000,
    "operatingIncomeRatio": 0.152049433,
    "totalOtherIncomeExpensesNet": -5774000,
    "incomeBeforeTax": 59336000,
    "incomeBeforeTaxRatio": 0.1385655837,
    "incomeTaxExpense": 17955000,
    "netIncome": 41381000,
    "netIncomeRatio": 0.09663581,
    "eps": 0.71,
    "epsdiluted": 0.7,
    "weightedAverageShsOut": 58622000,
    "weightedAverageShsOutDil": 59301000,
    "link": null,
    "finalLink": null
  },
  {
    "date": "2012-12-31",
    "symbol": "STE",
    "reportedCurrency": "USD",
    "cik": "0001757898",
    "fillingDate": "2012-12-31",
    "acceptedDate": "2012-12-30 19:00:00",
    "calendarYear": "2013",
    "period": "Q3",
    "revenue": 380405000,
    "costOfRevenue": 227283000,
    "grossProfit": 153122000,
    "grossProfitRatio": 0.4025236261,
    "researchAndDevelopmentExpenses": 10415000,
    "generalAndAdministrativeExpenses": 0,
    "sellingAndMarketingExpenses": 0,
    "sellingGeneralAndAdministrativeExpenses": 75953000,
    "otherExpenses": -386000,
    "operatingExpenses": 85982000,
    "costAndExpenses": 313265000,
    "interestIncome": 338000,
    "interestExpense": 4207000,
    "depreciationAndAmortization": 18320000,
    "ebitda": 85798000,
    "ebitdaratio": 0.2255438283,
    "operatingIncome": 67140000,
    "operatingIncomeRatio": 0.1764961028,
    "totalOtherIncomeExpensesNet": -3869000,
    "incomeBeforeTax": 63271000,
    "incomeBeforeTaxRatio": 0.1663253638,
    "incomeTaxExpense": 15174000,
    "netIncome": 48097000,
    "netIncomeRatio": 0.1264362982,
    "eps": 0.82,
    "epsdiluted": 0.82,
    "weightedAverageShsOut": 58425000,
    "weightedAverageShsOutDil": 58972000,
    "link": null,
    "finalLink": null
  },
  {
    "date": "2012-09-30",
    "symbol": "STE",
    "reportedCurrency": "USD",
    "cik": "0001757898",
    "fillingDate": "2012-09-30",
    "acceptedDate": "2012-09-30 00:00:00",
    "calendarYear": "2013",
    "period": "Q2",
    "revenue": 356321000,
    "costOfRevenue": 203200000,
    "grossProfit": 153121000,
    "grossProfitRatio": 0.4297276894,
    "researchAndDevelopmentExpenses": 9852000,
    "generalAndAdministrativeExpenses": 0,
    "sellingAndMarketingExpenses": 0,
    "sellingGeneralAndAdministrativeExpenses": 81040000,
    "otherExpenses": -48000,
    "operatingExpenses": 90844000,
    "costAndExpenses": 294044000,
    "interestIncome": 31000,
    "interestExpense": 3406000,
    "depreciationAndAmortization": 15851000,
    "ebitda": 78159000,
    "ebitdaratio": 0.2193499681,
    "operatingIncome": 62277000,
    "operatingIncomeRatio": 0.1747777987,
    "totalOtherIncomeExpensesNet": -3375000,
    "incomeBeforeTax": 58902000,
    "incomeBeforeTaxRatio": 0.1653060022,
    "incomeTaxExpense": 18757000,
    "netIncome": 40145000,
    "netIncomeRatio": 0.1126652653,
    "eps": 0.69,
    "epsdiluted": 0.68,
    "weightedAverageShsOut": 58264000,
    "weightedAverageShsOutDil": 58792000,
    "link": null,
    "finalLink": null
  },
  {
    "date": "2012-06-30",
    "symbol": "STE",
    "reportedCurrency": "USD",
    "cik": "0001757898",
    "fillingDate": "2012-12-31",
    "acceptedDate": "2012-06-30 00:00:00",
    "calendarYear": "2013",
    "period": "Q1",
    "revenue": 336960000,
    "costOfRevenue": 199708000,
    "grossProfit": 137252000,
    "grossProfitRatio": 0.4073243115,
    "researchAndDevelopmentExpenses": 9312000,
    "generalAndAdministrativeExpenses": 0,
    "sellingAndMarketingExpenses": 0,
    "sellingGeneralAndAdministrativeExpenses": 79774000,
    "otherExpenses": -136000,
    "operatingExpenses": 88950000,
    "costAndExpenses": 288658000,
    "interestIncome": 260000,
    "interestExpense": 2972000,
    "depreciationAndAmortization": 14337000,
    "ebitda": 62899000,
    "ebitdaratio": 0.1866660731,
    "operatingIncome": 48302000,
    "operatingIncomeRatio": 0.1433463913,
    "totalOtherIncomeExpensesNet": -2712000,
    "incomeBeforeTax": 45590000,
    "incomeBeforeTaxRatio": 0.1352979582,
    "incomeTaxExpense": 15236000,
    "netIncome": 30354000,
    "netIncomeRatio": 0.0900819088,
    "eps": 0.52,
    "epsdiluted": 0.52,
    "weightedAverageShsOut": 57911000,
    "weightedAverageShsOutDil": 58312000,
    "link": null,
    "finalLink": null
  },
  {
    "date": "2012-03-31",
    "symbol": "STE",
    "reportedCurrency": "USD",
    "cik": "0001757898",
    "fillingDate": "2012-03-31",
    "acceptedDate": "2012-03-31 00:00:00",
    "calendarYear": "2012",
    "period": "Q4",
    "revenue": 390249000,
    "costOfRevenue": 226024000,
    "grossProfit": 164225000,
    "grossProfitRatio": 0.4208210655,
    "researchAndDevelopmentExpenses": 9086000,
    "generalAndAdministrativeExpenses": 0,
    "sellingAndMarketingExpenses": 0,
    "sellingGeneralAndAdministrativeExpenses": 81969000,
    "otherExpenses": -878000,
    "operatingExpenses": 90177000,
    "costAndExpenses": 316201000,
    "interestIncome": 0,
    "interestExpense": 2982000,
    "depreciationAndAmortization": 16618000,
    "ebitda": 90575000,
    "ebitdaratio": 0.2320954058,
    "operatingIncome": 74048000,
    "operatingIncomeRatio": 0.1897455214,
    "totalOtherIncomeExpensesNet": -3073000,
    "incomeBeforeTax": 70975000,
    "incomeBeforeTaxRatio": 0.1818710618,
    "incomeTaxExpense": 26804000,
    "netIncome": 44171000,
    "netIncomeRatio": 0.113186709,
    "eps": 0.76,
    "epsdiluted": 0.76,
    "weightedAverageShsOut": 57686000,
    "weightedAverageShsOutDil": 57782000,
    "link": null,
    "finalLink": null
  },
  {
    "date": "2011-12-31",
    "symbol": "STE",
    "reportedCurrency": "USD",
    "cik": "0001757898",
    "fillingDate": "2011-12-31",
    "acceptedDate": "2011-12-30 19:00:00",
    "calendarYear": "2012",
    "period": "Q3",
    "revenue": 355215000,
    "costOfRevenue": 217209000,
    "grossProfit": 138006000,
    "grossProfitRatio": 0.3885139986,
    "researchAndDevelopmentExpenses": 9196000,
    "generalAndAdministrativeExpenses": 0,
    "sellingAndMarketingExpenses": 0,
    "sellingGeneralAndAdministrativeExpenses": 73922000,
    "otherExpenses": 1164000,
    "operatingExpenses": 84282000,
    "costAndExpenses": 301491000,
    "interestIncome": 373000,
    "interestExpense": 3005000,
    "depreciationAndAmortization": 16101000,
    "ebitda": 70198000,
    "ebitdaratio": 0.197621159,
    "operatingIncome": 53724000,
    "operatingIncomeRatio": 0.151243613,
    "totalOtherIncomeExpensesNet": -2632000,
    "incomeBeforeTax": 51092000,
    "incomeBeforeTaxRatio": 0.143834016,
    "incomeTaxExpense": 17443000,
    "netIncome": 33649000,
    "netIncomeRatio": 0.0947285447,
    "eps": 0.58,
    "epsdiluted": 0.58,
    "weightedAverageShsOut": 57782000,
    "weightedAverageShsOutDil": 58237000,
    "link": null,
    "finalLink": null
  },
  {
    "date": "2011-09-30",
    "symbol": "STE",
    "reportedCurrency": "USD",
    "cik": "0001757898",
    "fillingDate": "2011-09-30",
    "acceptedDate": "2011-09-30 00:00:00",
    "calendarYear": "2012",
    "period": "Q2",
    "revenue": 342707000,
    "costOfRevenue": 209398000,
    "grossProfit": 133309000,
    "grossProfitRatio": 0.3889882611,
    "researchAndDevelopmentExpenses": 8915000,
    "generalAndAdministrativeExpenses": 0,
    "sellingAndMarketingExpenses": 0,
    "sellingGeneralAndAdministrativeExpenses": 76652000,
    "otherExpenses": 99000,
    "operatingExpenses": 85666000,
    "costAndExpenses": 295064000,
    "interestIncome": 682000,
    "interestExpense": 3081000,
    "depreciationAndAmortization": 15752000,
    "ebitda": 64077000,
    "ebitdaratio": 0.1869731286,
    "operatingIncome": 47643000,
    "operatingIncomeRatio": 0.139019629,
    "totalOtherIncomeExpensesNet": -2399000,
    "incomeBeforeTax": 45244000,
    "incomeBeforeTaxRatio": 0.1320194802,
    "incomeTaxExpense": 15680000,
    "netIncome": 29564000,
    "netIncomeRatio": 0.0862661107,
    "eps": 0.5,
    "epsdiluted": 0.5,
    "weightedAverageShsOut": 58744000,
    "weightedAverageShsOutDil": 59380000,
    "link": null,
    "finalLink": null
  },
  {
    "date": "2011-06-30",
    "symbol": "STE",
    "reportedCurrency": "USD",
    "cik": "0001757898",
    "fillingDate": "2011-12-31",
    "acceptedDate": "2011-06-30 00:00:00",
    "calendarYear": "2012",
    "period": "Q1",
    "revenue": 318639000,
    "costOfRevenue": 185714000,
    "grossProfit": 132925000,
    "grossProfitRatio": 0.4171648794,
    "researchAndDevelopmentExpenses": 8757000,
    "generalAndAdministrativeExpenses": 0,
    "sellingAndMarketingExpenses": 0,
    "sellingGeneralAndAdministrativeExpenses": 77009000,
    "otherExpenses": 258000,
    "operatingExpenses": 86024000,
    "costAndExpenses": 271738000,
    "interestIncome": 0,
    "interestExpense": 3104000,
    "depreciationAndAmortization": 14435000,
    "ebitda": 61336000,
    "ebitdaratio": 0.1924936998,
    "operatingIncome": 46901000,
    "operatingIncomeRatio": 0.1471916495,
    "totalOtherIncomeExpensesNet": -3104000,
    "incomeBeforeTax": 43797000,
    "incomeBeforeTaxRatio": 0.137450218,
    "incomeTaxExpense": 15066000,
    "netIncome": 28731000,
    "netIncomeRatio": 0.0901678702,
    "eps": 0.48,
    "epsdiluted": 0.48,
    "weightedAverageShsOut": 59255000,
    "weightedAverageShsOutDil": 60103000,
    "link": null,
    "finalLink": null
  },
  {
    "date": "2011-03-31",
    "symbol": "STE",
    "reportedCurrency": "USD",
    "cik": "0001757898",
    "fillingDate": "2011-03-31",
    "acceptedDate": "2011-03-31 00:00:00",
    "calendarYear": "2011",
    "period": "Q4",
    "revenue": 377760000,
    "costOfRevenue": 221733000,
    "grossProfit": 156027000,
    "grossProfitRatio": 0.4130320839,
    "researchAndDevelopmentExpenses": 9889000,
    "generalAndAdministrativeExpenses": 0,
    "sellingAndMarketingExpenses": 0,
    "sellingGeneralAndAdministrativeExpenses": 87885000,
    "otherExpenses": 779000,
    "operatingExpenses": 98553000,
    "costAndExpenses": 320286000,
    "interestIncome": 0,
    "interestExpense": 2948000,
    "depreciationAndAmortization": 14650000,
    "ebitda": 72060000,
    "ebitdaratio": 0.1907560356,
    "operatingIncome": 57474000,
    "operatingIncomeRatio": 0.1521442186,
    "totalOtherIncomeExpensesNet": -3012000,
    "incomeBeforeTax": 54462000,
    "incomeBeforeTaxRatio": 0.1441709022,
    "incomeTaxExpense": 15463000,
    "netIncome": 39000000,
    "netIncomeRatio": 0.1032401525,
    "eps": 0.66,
    "epsdiluted": 0.65,
    "weightedAverageShsOut": 59239000,
    "weightedAverageShsOutDil": 60109000,
    "link": null,
    "finalLink": null
  },
  {
    "date": "2010-12-31",
    "symbol": "STE",
    "reportedCurrency": "USD",
    "cik": "0001757898",
    "fillingDate": "2010-12-31",
    "acceptedDate": "2010-12-30 19:00:00",
    "calendarYear": "2011",
    "period": "Q3",
    "revenue": 328283000,
    "costOfRevenue": 191269000,
    "grossProfit": 137014000,
    "grossProfitRatio": 0.4173655048,
    "researchAndDevelopmentExpenses": 7739000,
    "generalAndAdministrativeExpenses": 0,
    "sellingAndMarketingExpenses": 0,
    "sellingGeneralAndAdministrativeExpenses": 93467000,
    "otherExpenses": -23000,
    "operatingExpenses": 101183000,
    "costAndExpenses": 292452000,
    "interestIncome": 321000,
    "interestExpense": 3049000,
    "depreciationAndAmortization": 13429000,
    "ebitda": 49581000,
    "ebitdaratio": 0.1510312748,
    "operatingIncome": 35831000,
    "operatingIncomeRatio": 0.1091466814,
    "totalOtherIncomeExpensesNet": -2728000,
    "incomeBeforeTax": 33103000,
    "incomeBeforeTaxRatio": 0.100836778,
    "incomeTaxExpense": 11338000,
    "netIncome": 21765000,
    "netIncomeRatio": 0.0662995038,
    "eps": 0.37,
    "epsdiluted": 0.36,
    "weightedAverageShsOut": 59233000,
    "weightedAverageShsOutDil": 60176000,
    "link": null,
    "finalLink": null
  },
  {
    "date": "2010-09-30",
    "symbol": "STE",
    "reportedCurrency": "USD",
    "cik": "0001757898",
    "fillingDate": "2010-09-30",
    "acceptedDate": "2010-09-30 00:00:00",
    "calendarYear": "2011",
    "period": "Q2",
    "revenue": 312425000,
    "costOfRevenue": 177370000,
    "grossProfit": 135055000,
    "grossProfitRatio": 0.4322797471,
    "researchAndDevelopmentExpenses": 8043000,
    "generalAndAdministrativeExpenses": 0,
    "sellingAndMarketingExpenses": 0,
    "sellingGeneralAndAdministrativeExpenses": 71999000,
    "otherExpenses": 105000,
    "operatingExpenses": 80147000,
    "costAndExpenses": 257517000,
    "interestIncome": 188000,
    "interestExpense": 2996000,
    "depreciationAndAmortization": 13272000,
    "ebitda": 68368000,
    "ebitdaratio": 0.2188301192,
    "operatingIncome": 54908000,
    "operatingIncomeRatio": 0.1757477795,
    "totalOtherIncomeExpensesNet": -2808000,
    "incomeBeforeTax": 52100000,
    "incomeBeforeTaxRatio": 0.1667600224,
    "incomeTaxExpense": 16389000,
    "netIncome": 35711000,
    "netIncomeRatio": 0.1143026326,
    "eps": 0.6,
    "epsdiluted": 0.59,
    "weightedAverageShsOut": 59356000,
    "weightedAverageShsOutDil": 60049000,
    "link": null,
    "finalLink": null
  },
  {
    "date": "2010-06-30",
    "symbol": "STE",
    "reportedCurrency": "USD",
    "cik": "0001757898",
    "fillingDate": "2010-12-31",
    "acceptedDate": "2010-06-30 00:00:00",
    "calendarYear": "2011",
    "period": "Q1",
    "revenue": 188980000,
    "costOfRevenue": 170914000,
    "grossProfit": 18066000,
    "grossProfitRatio": 0.0955974177,
    "researchAndDevelopmentExpenses": 8609000,
    "generalAndAdministrativeExpenses": 0,
    "sellingAndMarketingExpenses": 0,
    "sellingGeneralAndAdministrativeExpenses": 72117000,
    "otherExpenses": 341000,
    "operatingExpenses": 81067000,
    "costAndExpenses": 251981000,
    "interestIncome": 162000,
    "interestExpense": 3007000,
    "depreciationAndAmortization": 13038000,
    "ebitda": -49801000,
    "ebitdaratio": -0.2635252408,
    "operatingIncome": -63001000,
    "operatingIncomeRatio": -0.333373902,
    "totalOtherIncomeExpensesNet": -2845000,
    "incomeBeforeTax": -65846000,
    "incomeBeforeTaxRatio": -0.3484284051,
    "incomeTaxExpense": -20636000,
    "netIncome": -45210000,
    "netIncomeRatio": -0.2392316647,
    "eps": -0.76,
    "epsdiluted": -0.76,
    "weightedAverageShsOut": 59397000,
    "weightedAverageShsOutDil": 59397000,
    "link": null,
    "finalLink": null
  },
  {
    "date": "2010-03-31",
    "symbol": "STE",
    "reportedCurrency": "USD",
    "cik": "0001757898",
    "fillingDate": "2010-03-31",
    "acceptedDate": "2010-03-31 00:00:00",
    "calendarYear": "2010",
    "period": "Q4",
    "revenue": 332129000,
    "costOfRevenue": 189922000,
    "grossProfit": 142207000,
    "grossProfitRatio": 0.4281679709,
    "researchAndDevelopmentExpenses": 9973000,
    "generalAndAdministrativeExpenses": 0,
    "sellingAndMarketingExpenses": 0,
    "sellingGeneralAndAdministrativeExpenses": 75716000,
    "otherExpenses": 5161000,
    "operatingExpenses": 90850000,
    "costAndExpenses": 280772000,
    "interestIncome": 244000,
    "interestExpense": 3667000,
    "depreciationAndAmortization": 14191000,
    "ebitda": 65792000,
    "ebitdaratio": 0.1980917053,
    "operatingIncome": 51357000,
    "operatingIncomeRatio": 0.154629677,
    "totalOtherIncomeExpensesNet": -3423000,
    "incomeBeforeTax": 47934000,
    "incomeBeforeTaxRatio": 0.1443234406,
    "incomeTaxExpense": 18099000,
    "netIncome": 29835000,
    "netIncomeRatio": 0.0898295542,
    "eps": 0.51,
    "epsdiluted": 0.51,
    "weightedAverageShsOut": 58962000,
    "weightedAverageShsOutDil": 58962000,
    "link": null,
    "finalLink": null
  },
  {
    "date": "2009-12-31",
    "symbol": "STE",
    "reportedCurrency": "USD",
    "cik": "0001757898",
    "fillingDate": "2009-12-31",
    "acceptedDate": "2009-12-30 19:00:00",
    "calendarYear": "2010",
    "period": "Q3",
    "revenue": 327832000,
    "costOfRevenue": 188349000,
    "grossProfit": 139483000,
    "grossProfitRatio": 0.4254709729,
    "researchAndDevelopmentExpenses": 8265000,
    "generalAndAdministrativeExpenses": 0,
    "sellingAndMarketingExpenses": 0,
    "sellingGeneralAndAdministrativeExpenses": 71776000,
    "otherExpenses": 14000,
    "operatingExpenses": 80055000,
    "costAndExpenses": 268404000,
    "interestIncome": 535000,
    "interestExpense": 3291000,
    "depreciationAndAmortization": 14188000,
    "ebitda": 74151000,
    "ebitdaratio": 0.2261859733,
    "operatingIncome": 59428000,
    "operatingIncomeRatio": 0.1812757754,
    "totalOtherIncomeExpensesNet": -2756000,
    "incomeBeforeTax": 56672000,
    "incomeBeforeTaxRatio": 0.1728690305,
    "incomeTaxExpense": 15666000,
    "netIncome": 41006000,
    "netIncomeRatio": 0.1250823593,
    "eps": 0.7,
    "epsdiluted": 0.69,
    "weightedAverageShsOut": 58962000,
    "weightedAverageShsOutDil": 59758000,
    "link": null,
    "finalLink": null
  },
  {
    "date": "2009-09-30",
    "symbol": "STE",
    "reportedCurrency": "USD",
    "cik": "0001757898",
    "fillingDate": "2009-09-30",
    "acceptedDate": "2009-09-30 00:00:00",
    "calendarYear": "2010",
    "period": "Q2",
    "revenue": 314229000,
    "costOfRevenue": 181574000,
    "grossProfit": 132655000,
    "grossProfitRatio": 0.4221602716,
    "researchAndDevelopmentExpenses": 8189000,
    "generalAndAdministrativeExpenses": 0,
    "sellingAndMarketingExpenses": 0,
    "sellingGeneralAndAdministrativeExpenses": 74516000,
    "otherExpenses": -115000,
    "operatingExpenses": 82590000,
    "costAndExpenses": 264164000,
    "interestIncome": 278000,
    "interestExpense": 3130000,
    "depreciationAndAmortization": 13951000,
    "ebitda": 64294000,
    "ebitdaratio": 0.2046087408,
    "operatingIncome": 50065000,
    "operatingIncomeRatio": 0.1593264785,
    "totalOtherIncomeExpensesNet": -2852000,
    "incomeBeforeTax": 47213000,
    "incomeBeforeTaxRatio": 0.1502502952,
    "incomeTaxExpense": 15129000,
    "netIncome": 32084000,
    "netIncomeRatio": 0.1021038797,
    "eps": 0.55,
    "epsdiluted": 0.54,
    "weightedAverageShsOut": 58654000,
    "weightedAverageShsOutDil": 59242000,
    "link": null,
    "finalLink": null
  },
  {
    "date": "2009-06-30",
    "symbol": "STE",
    "reportedCurrency": "USD",
    "cik": "0001757898",
    "fillingDate": "2009-12-31",
    "acceptedDate": "2009-06-30 00:00:00",
    "calendarYear": "2010",
    "period": "Q1",
    "revenue": 283543000,
    "costOfRevenue": 158707000,
    "grossProfit": 124836000,
    "grossProfitRatio": 0.4402718459,
    "researchAndDevelopmentExpenses": 7580000,
    "generalAndAdministrativeExpenses": 0,
    "sellingAndMarketingExpenses": 0,
    "sellingGeneralAndAdministrativeExpenses": 74605000,
    "otherExpenses": -211000,
    "operatingExpenses": 81974000,
    "costAndExpenses": 240681000,
    "interestIncome": 218000,
    "interestExpense": 3083000,
    "depreciationAndAmortization": 13888000,
    "ebitda": 56968000,
    "ebitdaratio": 0.2009148524,
    "operatingIncome": 42862000,
    "operatingIncomeRatio": 0.1511657844,
    "totalOtherIncomeExpensesNet": -2865000,
    "incomeBeforeTax": 39997000,
    "incomeBeforeTaxRatio": 0.1410614968,
    "incomeTaxExpense": 14455000,
    "netIncome": 25542000,
    "netIncomeRatio": 0.0900815749,
    "eps": 0.44,
    "epsdiluted": 0.43,
    "weightedAverageShsOut": 58517000,
    "weightedAverageShsOutDil": 58984000,
    "link": null,
    "finalLink": null
  },
  {
    "date": "2009-03-31",
    "symbol": "STE",
    "reportedCurrency": "USD",
    "cik": "0001757898",
    "fillingDate": "2009-03-31",
    "acceptedDate": "2009-03-31 00:00:00",
    "calendarYear": "2009",
    "period": "Q4",
    "revenue": 344366000,
    "costOfRevenue": 204555000,
    "grossProfit": 139811000,
    "grossProfitRatio": 0.4059953654,
    "researchAndDevelopmentExpenses": 8291000,
    "generalAndAdministrativeExpenses": 0,
    "sellingAndMarketingExpenses": 0,
    "sellingGeneralAndAdministrativeExpenses": 83073000,
    "otherExpenses": 828000,
    "operatingExpenses": 92192000,
    "costAndExpenses": 296747000,
    "interestIncome": 0,
    "interestExpense": 0,
    "depreciationAndAmortization": 14897000,
    "ebitda": 61393000,
    "ebitdaratio": 0.1782783434,
    "operatingIncome": 47619000,
    "operatingIncomeRatio": 0.1382802019,
    "totalOtherIncomeExpensesNet": -2749000,
    "incomeBeforeTax": 44870000,
    "incomeBeforeTaxRatio": 0.1302974161,
    "incomeTaxExpense": 17054000,
    "netIncome": 27816000,
    "netIncomeRatio": 0.0807745248,
    "eps": 0.47,
    "epsdiluted": 0.47,
    "weightedAverageShsOut": 58445000,
    "weightedAverageShsOutDil": 58660000,
    "link": null,
    "finalLink": null
  },
  {
    "date": "2008-12-31",
    "symbol": "STE",
    "reportedCurrency": "USD",
    "cik": "0001757898",
    "fillingDate": "2008-12-31",
    "acceptedDate": "2008-12-30 19:00:00",
    "calendarYear": "2009",
    "period": "Q3",
    "revenue": 319467000,
    "costOfRevenue": 195400000,
    "grossProfit": 124067000,
    "grossProfitRatio": 0.3883562308,
    "researchAndDevelopmentExpenses": 8122000,
    "generalAndAdministrativeExpenses": 0,
    "sellingAndMarketingExpenses": 0,
    "sellingGeneralAndAdministrativeExpenses": 67272000,
    "otherExpenses": 2855000,
    "operatingExpenses": 78249000,
    "costAndExpenses": 273649000,
    "interestIncome": 366000,
    "interestExpense": 3214000,
    "depreciationAndAmortization": 14301000,
    "ebitda": 60485000,
    "ebitdaratio": 0.1893309794,
    "operatingIncome": 45818000,
    "operatingIncomeRatio": 0.1434201342,
    "totalOtherIncomeExpensesNet": -2848000,
    "incomeBeforeTax": 42970000,
    "incomeBeforeTaxRatio": 0.1345052854,
    "incomeTaxExpense": 14395000,
    "netIncome": 28575000,
    "netIncomeRatio": 0.0894458583,
    "eps": 0.49,
    "epsdiluted": 0.48,
    "weightedAverageShsOut": 58660000,
    "weightedAverageShsOutDil": 59243000,
    "link": null,
    "finalLink": null
  },
  {
    "date": "2008-09-30",
    "symbol": "STE",
    "reportedCurrency": "USD",
    "cik": "0001757898",
    "fillingDate": "2008-09-30",
    "acceptedDate": "2008-09-30 00:00:00",
    "calendarYear": "2009",
    "period": "Q2",
    "revenue": 323127000,
    "costOfRevenue": 190764000,
    "grossProfit": 132363000,
    "grossProfitRatio": 0.4096315071,
    "researchAndDevelopmentExpenses": 8068000,
    "generalAndAdministrativeExpenses": 0,
    "sellingAndMarketingExpenses": 0,
    "sellingGeneralAndAdministrativeExpenses": 77290000,
    "otherExpenses": 37000,
    "operatingExpenses": 85395000,
    "costAndExpenses": 276159000,
    "interestIncome": 540000,
    "interestExpense": 2518000,
    "depreciationAndAmortization": 14375000,
    "ebitda": 61883000,
    "ebitdaratio": 0.1915129345,
    "operatingIncome": 46968000,
    "operatingIncomeRatio": 0.1453546129,
    "totalOtherIncomeExpensesNet": -1978000,
    "incomeBeforeTax": 44990000,
    "incomeBeforeTaxRatio": 0.1392331808,
    "incomeTaxExpense": 16196000,
    "netIncome": 28794000,
    "netIncomeRatio": 0.0891104736,
    "eps": 0.49,
    "epsdiluted": 0.48,
    "weightedAverageShsOut": 59312000,
    "weightedAverageShsOutDil": 60376000,
    "link": null,
    "finalLink": null
  },
  {
    "date": "2008-06-30",
    "symbol": "STE",
    "reportedCurrency": "USD",
    "cik": "0001757898",
    "fillingDate": "2008-12-31",
    "acceptedDate": "2008-06-30 00:00:00",
    "calendarYear": "2009",
    "period": "Q1",
    "revenue": 311565000,
    "costOfRevenue": 181064000,
    "grossProfit": 130501000,
    "grossProfitRatio": 0.4188564184,
    "researchAndDevelopmentExpenses": 8279000,
    "generalAndAdministrativeExpenses": 0,
    "sellingAndMarketingExpenses": 0,
    "sellingGeneralAndAdministrativeExpenses": 87348000,
    "otherExpenses": -166000,
    "operatingExpenses": 95461000,
    "costAndExpenses": 276525000,
    "interestIncome": 381000,
    "interestExpense": 1766000,
    "depreciationAndAmortization": 15200000,
    "ebitda": 50621000,
    "ebitdaratio": 0.1624733202,
    "operatingIncome": 35040000,
    "operatingIncomeRatio": 0.1124644938,
    "totalOtherIncomeExpensesNet": -1385000,
    "incomeBeforeTax": 33655000,
    "incomeBeforeTaxRatio": 0.1080191934,
    "incomeTaxExpense": 8155000,
    "netIncome": 25500000,
    "netIncomeRatio": 0.0818448799,
    "eps": 0.43,
    "epsdiluted": 0.43,
    "weightedAverageShsOut": 58694000,
    "weightedAverageShsOutDil": 59647000,
    "link": null,
    "finalLink": null
  },
  {
    "date": "2008-03-31",
    "symbol": "STE",
    "reportedCurrency": "USD",
    "cik": "0001757898",
    "fillingDate": "2008-03-31",
    "acceptedDate": "2008-03-31 00:00:00",
    "calendarYear": "2008",
    "period": "Q4",
    "revenue": 375170000,
    "costOfRevenue": 223794000,
    "grossProfit": 151376000,
    "grossProfitRatio": 0.4034864195,
    "researchAndDevelopmentExpenses": 8953000,
    "generalAndAdministrativeExpenses": 0,
    "sellingAndMarketingExpenses": 0,
    "sellingGeneralAndAdministrativeExpenses": 87935000,
    "otherExpenses": 12420000,
    "operatingExpenses": 109308000,
    "costAndExpenses": 333102000,
    "interestIncome": 0,
    "interestExpense": 0,
    "depreciationAndAmortization": 15279000,
    "ebitda": 69767000,
    "ebitdaratio": 0.185961031,
    "operatingIncome": 42068000,
    "operatingIncomeRatio": 0.1121305008,
    "totalOtherIncomeExpensesNet": -1174000,
    "incomeBeforeTax": 40894000,
    "incomeBeforeTaxRatio": 0.1090012528,
    "incomeTaxExpense": 14785000,
    "netIncome": 26109000,
    "netIncomeRatio": 0.0695924514,
    "eps": 0.42,
    "epsdiluted": 0.42,
    "weightedAverageShsOut": 61568000,
    "weightedAverageShsOutDil": 62217000,
    "link": null,
    "finalLink": null
  },
  {
    "date": "2007-12-31",
    "symbol": "STE",
    "reportedCurrency": "USD",
    "cik": "0001757898",
    "fillingDate": "2007-12-31",
    "acceptedDate": "2007-12-30 19:00:00",
    "calendarYear": "2008",
    "period": "Q3",
    "revenue": 313974000,
    "costOfRevenue": 183775000,
    "grossProfit": 130199000,
    "grossProfitRatio": 0.4146808334,
    "researchAndDevelopmentExpenses": 10173000,
    "generalAndAdministrativeExpenses": 0,
    "sellingAndMarketingExpenses": 0,
    "sellingGeneralAndAdministrativeExpenses": 85612000,
    "otherExpenses": 952000,
    "operatingExpenses": 96737000,
    "costAndExpenses": 280512000,
    "interestIncome": 0,
    "interestExpense": 0,
    "depreciationAndAmortization": 16015000,
    "ebitda": 50429000,
    "ebitdaratio": 0.1606152102,
    "operatingIncome": 33462000,
    "operatingIncomeRatio": 0.1065757037,
    "totalOtherIncomeExpensesNet": -935000,
    "incomeBeforeTax": 32527000,
    "incomeBeforeTaxRatio": 0.1035977501,
    "incomeTaxExpense": 10751000,
    "netIncome": 21776000,
    "netIncomeRatio": 0.0693560613,
    "eps": 0.35,
    "epsdiluted": 0.34,
    "weightedAverageShsOut": 62217000,
    "weightedAverageShsOutDil": 64047000,
    "link": null,
    "finalLink": null
  },
  {
    "date": "2007-09-30",
    "symbol": "STE",
    "reportedCurrency": "USD",
    "cik": "0001757898",
    "fillingDate": "2007-09-30",
    "acceptedDate": "2007-09-30 00:00:00",
    "calendarYear": "2008",
    "period": "Q2",
    "revenue": 295002000,
    "costOfRevenue": 174794000,
    "grossProfit": 120208000,
    "grossProfitRatio": 0.4074819832,
    "researchAndDevelopmentExpenses": 8531000,
    "generalAndAdministrativeExpenses": 0,
    "sellingAndMarketingExpenses": 0,
    "sellingGeneralAndAdministrativeExpenses": 84531000,
    "otherExpenses": 698000,
    "operatingExpenses": 93760000,
    "costAndExpenses": 268554000,
    "interestIncome": 0,
    "interestExpense": 0,
    "depreciationAndAmortization": 15902000,
    "ebitda": 43048000,
    "ebitdaratio": 0.1459244344,
    "operatingIncome": 26448000,
    "operatingIncomeRatio": 0.0896536295,
    "totalOtherIncomeExpensesNet": -864000,
    "incomeBeforeTax": 25584000,
    "incomeBeforeTaxRatio": 0.0867248358,
    "incomeTaxExpense": 9566000,
    "netIncome": 16018000,
    "netIncomeRatio": 0.054297937,
    "eps": 0.25,
    "epsdiluted": 0.25,
    "weightedAverageShsOut": 64207000,
    "weightedAverageShsOutDil": 64207000,
    "link": null,
    "finalLink": null
  },
  {
    "date": "2007-06-30",
    "symbol": "STE",
    "reportedCurrency": "USD",
    "cik": "0001757898",
    "fillingDate": "2007-12-31",
    "acceptedDate": "2007-06-30 00:00:00",
    "calendarYear": "2008",
    "period": "Q1",
    "revenue": 280944000,
    "costOfRevenue": 162232000,
    "grossProfit": 118712000,
    "grossProfitRatio": 0.4225468421,
    "researchAndDevelopmentExpenses": 9259000,
    "generalAndAdministrativeExpenses": 0,
    "sellingAndMarketingExpenses": 0,
    "sellingGeneralAndAdministrativeExpenses": 86495000,
    "otherExpenses": 1391000,
    "operatingExpenses": 97145000,
    "costAndExpenses": 259377000,
    "interestIncome": 0,
    "interestExpense": 0,
    "depreciationAndAmortization": 15582000,
    "ebitda": 38540000,
    "ebitdaratio": 0.1371803633,
    "operatingIncome": 21567000,
    "operatingIncomeRatio": 0.0767661883,
    "totalOtherIncomeExpensesNet": -773000,
    "incomeBeforeTax": 20794000,
    "incomeBeforeTaxRatio": 0.0740147503,
    "incomeTaxExpense": 7591000,
    "netIncome": 13203000,
    "netIncomeRatio": 0.0469951307,
    "eps": 0.2,
    "epsdiluted": 0.2,
    "weightedAverageShsOut": 66015000,
    "weightedAverageShsOutDil": 66015000,
    "link": null,
    "finalLink": null
  },
  {
    "date": "2007-03-31",
    "symbol": "STE",
    "reportedCurrency": "USD",
    "cik": "0001757898",
    "fillingDate": "2007-03-31",
    "acceptedDate": "2007-03-31 00:00:00",
    "calendarYear": "2007",
    "period": "Q4",
    "revenue": 349837000,
    "costOfRevenue": 204867000,
    "grossProfit": 144970000,
    "grossProfitRatio": 0.4143929887,
    "researchAndDevelopmentExpenses": 8870000,
    "generalAndAdministrativeExpenses": 0,
    "sellingAndMarketingExpenses": 0,
    "sellingGeneralAndAdministrativeExpenses": 83107000,
    "otherExpenses": 1142000,
    "operatingExpenses": 93119000,
    "costAndExpenses": 297986000,
    "interestIncome": 0,
    "interestExpense": 0,
    "depreciationAndAmortization": 15984000,
    "ebitda": 68977000,
    "ebitdaratio": 0.1971689673,
    "operatingIncome": 51851000,
    "operatingIncomeRatio": 0.14821474,
    "totalOtherIncomeExpensesNet": -983000,
    "incomeBeforeTax": 50868000,
    "incomeBeforeTaxRatio": 0.14540486,
    "incomeTaxExpense": 21060000,
    "netIncome": 29808000,
    "netIncomeRatio": 0.0852053957,
    "eps": 0.46,
    "epsdiluted": 0.46,
    "weightedAverageShsOut": 64508000,
    "weightedAverageShsOutDil": 64542000,
    "link": null,
    "finalLink": null
  },
  {
    "date": "2006-12-31",
    "symbol": "STE",
    "reportedCurrency": "USD",
    "cik": "0001757898",
    "fillingDate": "2006-12-31",
    "acceptedDate": "2006-12-30 19:00:00",
    "calendarYear": "2007",
    "period": "Q3",
    "revenue": 298967000,
    "costOfRevenue": 171266000,
    "grossProfit": 127701000,
    "grossProfitRatio": 0.4271407881,
    "researchAndDevelopmentExpenses": 8078000,
    "generalAndAdministrativeExpenses": 0,
    "sellingAndMarketingExpenses": 0,
    "sellingGeneralAndAdministrativeExpenses": 82594000,
    "otherExpenses": 3179000,
    "operatingExpenses": 93851000,
    "costAndExpenses": 265117000,
    "interestIncome": 0,
    "interestExpense": 0,
    "depreciationAndAmortization": 14596000,
    "ebitda": 51625000,
    "ebitdaratio": 0.172677921,
    "operatingIncome": 33850000,
    "operatingIncomeRatio": 0.1132231985,
    "totalOtherIncomeExpensesNet": -1123000,
    "incomeBeforeTax": 32727000,
    "incomeBeforeTaxRatio": 0.1094669311,
    "incomeTaxExpense": 11859000,
    "netIncome": 21299000,
    "netIncomeRatio": 0.0712419765,
    "eps": 0.33,
    "epsdiluted": 0.33,
    "weightedAverageShsOut": 64542000,
    "weightedAverageShsOutDil": 64542000,
    "link": null,
    "finalLink": null
  },
  {
    "date": "2006-09-30",
    "symbol": "STE",
    "reportedCurrency": "USD",
    "cik": "0001757898",
    "fillingDate": "2006-09-30",
    "acceptedDate": "2006-09-30 00:00:00",
    "calendarYear": "2007",
    "period": "Q2",
    "revenue": 283536000,
    "costOfRevenue": 164775000,
    "grossProfit": 118761000,
    "grossProfitRatio": 0.4188568647,
    "researchAndDevelopmentExpenses": 8283000,
    "generalAndAdministrativeExpenses": 0,
    "sellingAndMarketingExpenses": 0,
    "sellingGeneralAndAdministrativeExpenses": 82786000,
    "otherExpenses": -64535000,
    "operatingExpenses": 26534000,
    "costAndExpenses": 191309000,
    "interestIncome": 0,
    "interestExpense": 0,
    "depreciationAndAmortization": 14793000,
    "ebitda": 108178000,
    "ebitdaratio": 0.3815317984,
    "operatingIncome": 92227000,
    "operatingIncomeRatio": 0.325274392,
    "totalOtherIncomeExpensesNet": -67268000,
    "incomeBeforeTax": 24959000,
    "incomeBeforeTaxRatio": 0.0880276226,
    "incomeTaxExpense": 8599000,
    "netIncome": 16360000,
    "netIncomeRatio": 0.0576999041,
    "eps": 0.25,
    "epsdiluted": 0.25,
    "weightedAverageShsOut": 65440000,
    "weightedAverageShsOutDil": 65440000,
    "link": null,
    "finalLink": null
  },
  {
    "date": "2006-06-30",
    "symbol": "STE",
    "reportedCurrency": "USD",
    "cik": "0001757898",
    "fillingDate": "2006-12-31",
    "acceptedDate": "2006-06-30 00:00:00",
    "calendarYear": "2007",
    "period": "Q1",
    "revenue": 265067000,
    "costOfRevenue": 151692000,
    "grossProfit": 113375000,
    "grossProfitRatio": 0.4277220476,
    "researchAndDevelopmentExpenses": 8395000,
    "generalAndAdministrativeExpenses": 0,
    "sellingAndMarketingExpenses": 0,
    "sellingGeneralAndAdministrativeExpenses": 78414000,
    "otherExpenses": 1105000,
    "operatingExpenses": 87914000,
    "costAndExpenses": 239606000,
    "interestIncome": 0,
    "interestExpense": 0,
    "depreciationAndAmortization": 14884000,
    "ebitda": 41450000,
    "ebitdaratio": 0.1563755579,
    "operatingIncome": 25461000,
    "operatingIncomeRatio": 0.0960549597,
    "totalOtherIncomeExpensesNet": -1090000,
    "incomeBeforeTax": 24371000,
    "incomeBeforeTaxRatio": 0.0919427918,
    "incomeTaxExpense": 10314000,
    "netIncome": 14684000,
    "netIncomeRatio": 0.0553973146,
    "eps": 0.22,
    "epsdiluted": 0.22,
    "weightedAverageShsOut": 66745000,
    "weightedAverageShsOutDil": 66745000,
    "link": null,
    "finalLink": null
  },
  {
    "date": "2006-03-31",
    "symbol": "STE",
    "reportedCurrency": "USD",
    "cik": "0001757898",
    "fillingDate": "2006-03-31",
    "acceptedDate": "2006-03-31 00:00:00",
    "calendarYear": "2006",
    "period": "Q4",
    "revenue": 331274000,
    "costOfRevenue": 197944000,
    "grossProfit": 133330000,
    "grossProfitRatio": 0.4024764998,
    "researchAndDevelopmentExpenses": 8033000,
    "generalAndAdministrativeExpenses": 0,
    "sellingAndMarketingExpenses": 0,
    "sellingGeneralAndAdministrativeExpenses": 81386000,
    "otherExpenses": 25308000,
    "operatingExpenses": 114727000,
    "costAndExpenses": 312671000,
    "interestIncome": 0,
    "interestExpense": 0,
    "depreciationAndAmortization": 15809000,
    "ebitda": 59720000,
    "ebitdaratio": 0.1802737311,
    "operatingIncome": 18603000,
    "operatingIncomeRatio": 0.0561559313,
    "totalOtherIncomeExpensesNet": -845000,
    "incomeBeforeTax": 17758000,
    "incomeBeforeTaxRatio": 0.0536051728,
    "incomeTaxExpense": 10313000,
    "netIncome": 8454000,
    "netIncomeRatio": 0.0255196605,
    "eps": 0.12,
    "epsdiluted": 0.12,
    "weightedAverageShsOut": 66850000,
    "weightedAverageShsOutDil": 68510000,
    "link": null,
    "finalLink": null
  },
  {
    "date": "2005-12-31",
    "symbol": "STE",
    "reportedCurrency": "USD",
    "cik": "0001757898",
    "fillingDate": "2005-12-31",
    "acceptedDate": "2005-12-30 19:00:00",
    "calendarYear": "2006",
    "period": "Q3",
    "revenue": 287492000,
    "costOfRevenue": 165396000,
    "grossProfit": 122096000,
    "grossProfitRatio": 0.4246935567,
    "researchAndDevelopmentExpenses": 8726000,
    "generalAndAdministrativeExpenses": 0,
    "sellingAndMarketingExpenses": 0,
    "sellingGeneralAndAdministrativeExpenses": 74316000,
    "otherExpenses": 0,
    "operatingExpenses": 83042000,
    "costAndExpenses": 248438000,
    "interestIncome": 0,
    "interestExpense": 0,
    "depreciationAndAmortization": 13678000,
    "ebitda": 52732000,
    "ebitdaratio": 0.1834207561,
    "operatingIncome": 39054000,
    "operatingIncomeRatio": 0.13584378,
    "totalOtherIncomeExpensesNet": -503000,
    "incomeBeforeTax": 38551000,
    "incomeBeforeTaxRatio": 0.1340941661,
    "incomeTaxExpense": 15386000,
    "netIncome": 28089000,
    "netIncomeRatio": 0.0977035883,
    "eps": 0.41,
    "epsdiluted": 0.41,
    "weightedAverageShsOut": 68510000,
    "weightedAverageShsOutDil": 68510000,
    "link": null,
    "finalLink": null
  },
  {
    "date": "2005-09-30",
    "symbol": "STE",
    "reportedCurrency": "USD",
    "cik": "0001757898",
    "fillingDate": "2005-09-30",
    "acceptedDate": "2005-09-30 00:00:00",
    "calendarYear": "2006",
    "period": "Q2",
    "revenue": 273436000,
    "costOfRevenue": 160253000,
    "grossProfit": 113183000,
    "grossProfitRatio": 0.4139286707,
    "researchAndDevelopmentExpenses": 9096000,
    "generalAndAdministrativeExpenses": 0,
    "sellingAndMarketingExpenses": 0,
    "sellingGeneralAndAdministrativeExpenses": 78648000,
    "otherExpenses": -62305000,
    "operatingExpenses": 25439000,
    "costAndExpenses": 185692000,
    "interestIncome": 0,
    "interestExpense": 0,
    "depreciationAndAmortization": 14539000,
    "ebitda": 102283000,
    "ebitdaratio": 0.3740655949,
    "operatingIncome": 87744000,
    "operatingIncomeRatio": 0.3208941032,
    "totalOtherIncomeExpensesNet": -63243000,
    "incomeBeforeTax": 24501000,
    "incomeBeforeTaxRatio": 0.0896041487,
    "incomeTaxExpense": 9096000,
    "netIncome": 16415000,
    "netIncomeRatio": 0.0600323293,
    "eps": 0.24,
    "epsdiluted": 0.24,
    "weightedAverageShsOut": 68396000,
    "weightedAverageShsOutDil": 68396000,
    "link": null,
    "finalLink": null
  },
  {
    "date": "2005-06-30",
    "symbol": "STE",
    "reportedCurrency": "USD",
    "cik": "0001757898",
    "fillingDate": "2005-12-31",
    "acceptedDate": "2005-06-30 00:00:00",
    "calendarYear": "2006",
    "period": "Q1",
    "revenue": 268083000,
    "costOfRevenue": 152507000,
    "grossProfit": 115576000,
    "grossProfitRatio": 0.4311202128,
    "researchAndDevelopmentExpenses": 7741000,
    "generalAndAdministrativeExpenses": 0,
    "sellingAndMarketingExpenses": 0,
    "sellingGeneralAndAdministrativeExpenses": 81232000,
    "otherExpenses": 0,
    "operatingExpenses": 88973000,
    "costAndExpenses": 241480000,
    "interestIncome": 0,
    "interestExpense": 0,
    "depreciationAndAmortization": 13893000,
    "ebitda": 40496000,
    "ebitdaratio": 0.1510576948,
    "operatingIncome": 26603000,
    "operatingIncomeRatio": 0.0992341924,
    "totalOtherIncomeExpensesNet": 706000,
    "incomeBeforeTax": 27309000,
    "incomeBeforeTaxRatio": 0.1018677052,
    "incomeTaxExpense": 10377000,
    "netIncome": 17332000,
    "netIncomeRatio": 0.0646516191,
    "eps": 0.25,
    "epsdiluted": 0.25,
    "weightedAverageShsOut": 69328000,
    "weightedAverageShsOutDil": 69328000,
    "link": null,
    "finalLink": null
  },
  {
    "date": "2005-03-31",
    "symbol": "STE",
    "reportedCurrency": "USD",
    "cik": "0001757898",
    "fillingDate": "2005-03-31",
    "acceptedDate": "2005-03-31 00:00:00",
    "calendarYear": "2005",
    "period": "Q4",
    "revenue": 315713000,
    "costOfRevenue": 185004000,
    "grossProfit": 130709000,
    "grossProfitRatio": 0.4140120933,
    "researchAndDevelopmentExpenses": 8374000,
    "generalAndAdministrativeExpenses": 0,
    "sellingAndMarketingExpenses": 0,
    "sellingGeneralAndAdministrativeExpenses": 76136000,
    "otherExpenses": 0,
    "operatingExpenses": 84510000,
    "costAndExpenses": 269514000,
    "interestIncome": 0,
    "interestExpense": 0,
    "depreciationAndAmortization": 13699000,
    "ebitda": 59898000,
    "ebitdaratio": 0.1897229446,
    "operatingIncome": 46199000,
    "operatingIncomeRatio": 0.1463322701,
    "totalOtherIncomeExpensesNet": -1032000,
    "incomeBeforeTax": 45167000,
    "incomeBeforeTaxRatio": 0.1430634785,
    "incomeTaxExpense": 20154000,
    "netIncome": 25013000,
    "netIncomeRatio": 0.0792270195,
    "eps": 0.36,
    "epsdiluted": 0.36,
    "weightedAverageShsOut": 69513000,
    "weightedAverageShsOutDil": 69877000,
    "link": null,
    "finalLink": null
  },
  {
    "date": "2004-12-31",
    "symbol": "STE",
    "reportedCurrency": "USD",
    "cik": "0001757898",
    "fillingDate": "2004-12-31",
    "acceptedDate": "2004-12-30 19:00:00",
    "calendarYear": "2005",
    "period": "Q3",
    "revenue": 273765000,
    "costOfRevenue": 157297000,
    "grossProfit": 116468000,
    "grossProfitRatio": 0.42543057,
    "researchAndDevelopmentExpenses": 8107000,
    "generalAndAdministrativeExpenses": 0,
    "sellingAndMarketingExpenses": 0,
    "sellingGeneralAndAdministrativeExpenses": 69776000,
    "otherExpenses": 0,
    "operatingExpenses": 77883000,
    "costAndExpenses": 235180000,
    "interestIncome": 0,
    "interestExpense": 0,
    "depreciationAndAmortization": 13171000,
    "ebitda": 51756000,
    "ebitdaratio": 0.1890526546,
    "operatingIncome": 38585000,
    "operatingIncomeRatio": 0.1409420488,
    "totalOtherIncomeExpensesNet": -633000,
    "incomeBeforeTax": 37952000,
    "incomeBeforeTaxRatio": 0.1386298468,
    "incomeTaxExpense": 14321000,
    "netIncome": 24457000,
    "netIncomeRatio": 0.0893357442,
    "eps": 0.35,
    "epsdiluted": 0.35,
    "weightedAverageShsOut": 69877000,
    "weightedAverageShsOutDil": 69877000,
    "link": null,
    "finalLink": null
  },
  {
    "date": "2004-09-30",
    "symbol": "STE",
    "reportedCurrency": "USD",
    "cik": "0001757898",
    "fillingDate": "2004-09-30",
    "acceptedDate": "2004-09-30 00:00:00",
    "calendarYear": "2005",
    "period": "Q2",
    "revenue": 264846000,
    "costOfRevenue": 153358000,
    "grossProfit": 111488000,
    "grossProfitRatio": 0.4209540639,
    "researchAndDevelopmentExpenses": 8677000,
    "generalAndAdministrativeExpenses": 0,
    "sellingAndMarketingExpenses": 0,
    "sellingGeneralAndAdministrativeExpenses": 71944000,
    "otherExpenses": 0,
    "operatingExpenses": 80621000,
    "costAndExpenses": 233979000,
    "interestIncome": 0,
    "interestExpense": 0,
    "depreciationAndAmortization": 12620000,
    "ebitda": 43487000,
    "ebitdaratio": 0.1641973071,
    "operatingIncome": 30867000,
    "operatingIncomeRatio": 0.1165469745,
    "totalOtherIncomeExpensesNet": -685000,
    "incomeBeforeTax": 30182000,
    "incomeBeforeTaxRatio": 0.1139605658,
    "incomeTaxExpense": 11289000,
    "netIncome": 18893000,
    "netIncomeRatio": 0.0713357951,
    "eps": 0.27,
    "epsdiluted": 0.27,
    "weightedAverageShsOut": 69974000,
    "weightedAverageShsOutDil": 69974000,
    "link": null,
    "finalLink": null
  },
  {
    "date": "2004-06-30",
    "symbol": "STE",
    "reportedCurrency": "USD",
    "cik": "0001757898",
    "fillingDate": "2004-12-31",
    "acceptedDate": "2004-06-30 00:00:00",
    "calendarYear": "2005",
    "period": "Q1",
    "revenue": 254797000,
    "costOfRevenue": 144905000,
    "grossProfit": 109892000,
    "grossProfitRatio": 0.4312923622,
    "researchAndDevelopmentExpenses": 9311000,
    "generalAndAdministrativeExpenses": 0,
    "sellingAndMarketingExpenses": 0,
    "sellingGeneralAndAdministrativeExpenses": 72566000,
    "otherExpenses": 0,
    "operatingExpenses": 81877000,
    "costAndExpenses": 226782000,
    "interestIncome": 0,
    "interestExpense": 0,
    "depreciationAndAmortization": 11702000,
    "ebitda": 39717000,
    "ebitdaratio": 0.1558770315,
    "operatingIncome": 28015000,
    "operatingIncomeRatio": 0.1099502741,
    "totalOtherIncomeExpensesNet": -701000,
    "incomeBeforeTax": 27314000,
    "incomeBeforeTaxRatio": 0.1071990644,
    "incomeTaxExpense": 9697000,
    "netIncome": 17617000,
    "netIncomeRatio": 0.0691413164,
    "eps": 0.25,
    "epsdiluted": 0.25,
    "weightedAverageShsOut": 70468000,
    "weightedAverageShsOutDil": 70468000,
    "link": null,
    "finalLink": null
  },
  {
    "date": "2004-03-31",
    "symbol": "STE",
    "reportedCurrency": "USD",
    "cik": "0001757898",
    "fillingDate": "2004-03-31",
    "acceptedDate": "2004-03-31 00:00:00",
    "calendarYear": "2004",
    "period": "Q4",
    "revenue": 296057000,
    "costOfRevenue": 170440000,
    "grossProfit": 125617000,
    "grossProfitRatio": 0.4243000503,
    "researchAndDevelopmentExpenses": 6728000,
    "generalAndAdministrativeExpenses": 0,
    "sellingAndMarketingExpenses": 0,
    "sellingGeneralAndAdministrativeExpenses": 74907000,
    "otherExpenses": 0,
    "operatingExpenses": 81635000,
    "costAndExpenses": 252075000,
    "interestIncome": 0,
    "interestExpense": 0,
    "depreciationAndAmortization": 12195000,
    "ebitda": 56177000,
    "ebitdaratio": 0.1897506223,
    "operatingIncome": 43982000,
    "operatingIncomeRatio": 0.1485592301,
    "totalOtherIncomeExpensesNet": -840000,
    "incomeBeforeTax": 43142000,
    "incomeBeforeTaxRatio": 0.1457219387,
    "incomeTaxExpense": 12833000,
    "netIncome": 30309000,
    "netIncomeRatio": 0.1023755561,
    "eps": 0.44,
    "epsdiluted": 0.44,
    "weightedAverageShsOut": 68705000,
    "weightedAverageShsOutDil": 69469000,
    "link": null,
    "finalLink": null
  },
  {
    "date": "2003-12-31",
    "symbol": "STE",
    "reportedCurrency": "USD",
    "cik": "0001757898",
    "fillingDate": "2003-12-31",
    "acceptedDate": "2003-12-30 19:00:00",
    "calendarYear": "2004",
    "period": "Q3",
    "revenue": 274286000,
    "costOfRevenue": 159189000,
    "grossProfit": 115097000,
    "grossProfitRatio": 0.4196240421,
    "researchAndDevelopmentExpenses": 7648000,
    "generalAndAdministrativeExpenses": 0,
    "sellingAndMarketingExpenses": 0,
    "sellingGeneralAndAdministrativeExpenses": 69623000,
    "otherExpenses": 0,
    "operatingExpenses": 77271000,
    "costAndExpenses": 236460000,
    "interestIncome": 0,
    "interestExpense": 0,
    "depreciationAndAmortization": 12583000,
    "ebitda": 50409000,
    "ebitdaratio": 0.1837826211,
    "operatingIncome": 37826000,
    "operatingIncomeRatio": 0.137907148,
    "totalOtherIncomeExpensesNet": -448000,
    "incomeBeforeTax": 37378000,
    "incomeBeforeTaxRatio": 0.1362738164,
    "incomeTaxExpense": 10285000,
    "netIncome": 27093000,
    "netIncomeRatio": 0.0987764596,
    "eps": 0.39,
    "epsdiluted": 0.38,
    "weightedAverageShsOut": 69469000,
    "weightedAverageShsOutDil": 71297000,
    "link": null,
    "finalLink": null
  },
  {
    "date": "2003-09-30",
    "symbol": "STE",
    "reportedCurrency": "USD",
    "cik": "0001757898",
    "fillingDate": "2003-09-30",
    "acceptedDate": "2003-09-30 00:00:00",
    "calendarYear": "2004",
    "period": "Q2",
    "revenue": 257389000,
    "costOfRevenue": 146775000,
    "grossProfit": 110614000,
    "grossProfitRatio": 0.4297541853,
    "researchAndDevelopmentExpenses": 6411000,
    "generalAndAdministrativeExpenses": 0,
    "sellingAndMarketingExpenses": 0,
    "sellingGeneralAndAdministrativeExpenses": 71879000,
    "otherExpenses": 0,
    "operatingExpenses": 78290000,
    "costAndExpenses": 225065000,
    "interestIncome": 0,
    "interestExpense": 0,
    "depreciationAndAmortization": 12222000,
    "ebitda": 44546000,
    "ebitdaratio": 0.1730687792,
    "operatingIncome": 32324000,
    "operatingIncomeRatio": 0.1255842324,
    "totalOtherIncomeExpensesNet": -499000,
    "incomeBeforeTax": 31825000,
    "incomeBeforeTaxRatio": 0.1236455326,
    "incomeTaxExpense": 11456000,
    "netIncome": 20369000,
    "netIncomeRatio": 0.0791370261,
    "eps": 0.29,
    "epsdiluted": 0.29,
    "weightedAverageShsOut": 70238000,
    "weightedAverageShsOutDil": 70238000,
    "link": null,
    "finalLink": null
  },
  {
    "date": "2003-06-30",
    "symbol": "STE",
    "reportedCurrency": "USD",
    "cik": "0001757898",
    "fillingDate": "2003-12-31",
    "acceptedDate": "2003-06-30 00:00:00",
    "calendarYear": "2004",
    "period": "Q1",
    "revenue": 259280000,
    "costOfRevenue": 152709000,
    "grossProfit": 106571000,
    "grossProfitRatio": 0.4110266893,
    "researchAndDevelopmentExpenses": 7667000,
    "generalAndAdministrativeExpenses": 0,
    "sellingAndMarketingExpenses": 0,
    "sellingGeneralAndAdministrativeExpenses": 72680000,
    "otherExpenses": 0,
    "operatingExpenses": 80347000,
    "costAndExpenses": 233056000,
    "interestIncome": 0,
    "interestExpense": 0,
    "depreciationAndAmortization": 11683000,
    "ebitda": 37907000,
    "ebitdaratio": 0.1462010182,
    "operatingIncome": 26224000,
    "operatingIncomeRatio": 0.101141623,
    "totalOtherIncomeExpensesNet": -485000,
    "incomeBeforeTax": 25739000,
    "incomeBeforeTaxRatio": 0.0992710583,
    "incomeTaxExpense": 9267000,
    "netIncome": 16472000,
    "netIncomeRatio": 0.0635297748,
    "eps": 0.24,
    "epsdiluted": 0.23,
    "weightedAverageShsOut": 68633000,
    "weightedAverageShsOutDil": 71617000,
    "link": null,
    "finalLink": null
  },
  {
    "date": "2003-03-31",
    "symbol": "STE",
    "reportedCurrency": "USD",
    "cik": "0001757898",
    "fillingDate": "2003-03-31",
    "acceptedDate": "2003-03-31 00:00:00",
    "calendarYear": "2003",
    "period": "Q4",
    "revenue": 273692000,
    "costOfRevenue": 157024000,
    "grossProfit": 116668000,
    "grossProfitRatio": 0.4262747906,
    "researchAndDevelopmentExpenses": 7985000,
    "generalAndAdministrativeExpenses": 0,
    "sellingAndMarketingExpenses": 0,
    "sellingGeneralAndAdministrativeExpenses": 66719000,
    "otherExpenses": 0,
    "operatingExpenses": 74704000,
    "costAndExpenses": 231728000,
    "interestIncome": 0,
    "interestExpense": 0,
    "depreciationAndAmortization": 11961000,
    "ebitda": 53925000,
    "ebitdaratio": 0.1970280461,
    "operatingIncome": 41964000,
    "operatingIncomeRatio": 0.1533256361,
    "totalOtherIncomeExpensesNet": -231000,
    "incomeBeforeTax": 41733000,
    "incomeBeforeTaxRatio": 0.1524816217,
    "incomeTaxExpense": 15023000,
    "netIncome": 26710000,
    "netIncomeRatio": 0.0975914532,
    "eps": 0.39,
    "epsdiluted": 0.39,
    "weightedAverageShsOut": 69290000,
    "weightedAverageShsOutDil": 69290000,
    "link": null,
    "finalLink": null
  },
  {
    "date": "2002-12-31",
    "symbol": "STE",
    "reportedCurrency": "USD",
    "cik": "0001757898",
    "fillingDate": "2002-12-31",
    "acceptedDate": "2002-12-30 19:00:00",
    "calendarYear": "2003",
    "period": "Q3",
    "revenue": 244312000,
    "costOfRevenue": 140369000,
    "grossProfit": 103943000,
    "grossProfitRatio": 0.4254518812,
    "researchAndDevelopmentExpenses": 6811000,
    "generalAndAdministrativeExpenses": 0,
    "sellingAndMarketingExpenses": 0,
    "sellingGeneralAndAdministrativeExpenses": 63103000,
    "otherExpenses": 0,
    "operatingExpenses": 69914000,
    "costAndExpenses": 210283000,
    "interestIncome": 0,
    "interestExpense": 0,
    "depreciationAndAmortization": 10986000,
    "ebitda": 45015000,
    "ebitdaratio": 0.1842521039,
    "operatingIncome": 34029000,
    "operatingIncomeRatio": 0.1392850126,
    "totalOtherIncomeExpensesNet": -466000,
    "incomeBeforeTax": 33563000,
    "incomeBeforeTaxRatio": 0.1373776155,
    "incomeTaxExpense": 12083000,
    "netIncome": 21480000,
    "netIncomeRatio": 0.0879203641,
    "eps": 0.31,
    "epsdiluted": 0.3,
    "weightedAverageShsOut": 69290000,
    "weightedAverageShsOutDil": 71600000,
    "link": null,
    "finalLink": null
  },
  {
    "date": "2002-09-30",
    "symbol": "STE",
    "reportedCurrency": "USD",
    "cik": "0001757898",
    "fillingDate": "2002-09-30",
    "acceptedDate": "2002-09-30 00:00:00",
    "calendarYear": "2003",
    "period": "Q2",
    "revenue": 232732000,
    "costOfRevenue": 136337000,
    "grossProfit": 96395000,
    "grossProfitRatio": 0.4141888524,
    "researchAndDevelopmentExpenses": 5757000,
    "generalAndAdministrativeExpenses": 0,
    "sellingAndMarketingExpenses": 0,
    "sellingGeneralAndAdministrativeExpenses": 61457000,
    "otherExpenses": 0,
    "operatingExpenses": 67214000,
    "costAndExpenses": 203551000,
    "interestIncome": 0,
    "interestExpense": 0,
    "depreciationAndAmortization": 12317000,
    "ebitda": 41498000,
    "ebitdaratio": 0.1783080969,
    "operatingIncome": 29181000,
    "operatingIncomeRatio": 0.1253845625,
    "totalOtherIncomeExpensesNet": -413000,
    "incomeBeforeTax": 28768000,
    "incomeBeforeTaxRatio": 0.1236099892,
    "incomeTaxExpense": 10357000,
    "netIncome": 18411000,
    "netIncomeRatio": 0.0791081587,
    "eps": 0.27,
    "epsdiluted": 0.26,
    "weightedAverageShsOut": 68189000,
    "weightedAverageShsOutDil": 70812000,
    "link": null,
    "finalLink": null
  },
  {
    "date": "2002-06-30",
    "symbol": "STE",
    "reportedCurrency": "USD",
    "cik": "0001757898",
    "fillingDate": "2002-12-31",
    "acceptedDate": "2002-06-30 00:00:00",
    "calendarYear": "2003",
    "period": "Q1",
    "revenue": 221351000,
    "costOfRevenue": 129537000,
    "grossProfit": 91814000,
    "grossProfitRatio": 0.414789181,
    "researchAndDevelopmentExpenses": 4972000,
    "generalAndAdministrativeExpenses": 0,
    "sellingAndMarketingExpenses": 0,
    "sellingGeneralAndAdministrativeExpenses": 66249000,
    "otherExpenses": 0,
    "operatingExpenses": 71221000,
    "costAndExpenses": 200758000,
    "interestIncome": 0,
    "interestExpense": 0,
    "depreciationAndAmortization": 11251000,
    "ebitda": 31844000,
    "ebitdaratio": 0.143862011,
    "operatingIncome": 20593000,
    "operatingIncomeRatio": 0.0930332368,
    "totalOtherIncomeExpensesNet": -540000,
    "incomeBeforeTax": 20053000,
    "incomeBeforeTaxRatio": 0.0905936725,
    "incomeTaxExpense": 7219000,
    "netIncome": 12834000,
    "netIncomeRatio": 0.0579803118,
    "eps": 0.18,
    "epsdiluted": 0.18,
    "weightedAverageShsOut": 71300000,
    "weightedAverageShsOutDil": 71300000,
    "link": null,
    "finalLink": null
  },
  {
    "date": "2002-03-31",
    "symbol": "STE",
    "reportedCurrency": "USD",
    "cik": "0001757898",
    "fillingDate": "2002-03-31",
    "acceptedDate": "2002-03-31 00:00:00",
    "calendarYear": "2002",
    "period": "Q4",
    "revenue": 244593000,
    "costOfRevenue": 144124000,
    "grossProfit": 100469000,
    "grossProfitRatio": 0.4107599155,
    "researchAndDevelopmentExpenses": 5478000,
    "generalAndAdministrativeExpenses": 0,
    "sellingAndMarketingExpenses": 0,
    "sellingGeneralAndAdministrativeExpenses": 64740000,
    "otherExpenses": 0,
    "operatingExpenses": 70218000,
    "costAndExpenses": 214342000,
    "interestIncome": 0,
    "interestExpense": 0,
    "depreciationAndAmortization": 11527000,
    "ebitda": 41778000,
    "ebitdaratio": 0.1708061964,
    "operatingIncome": 30251000,
    "operatingIncomeRatio": 0.1236789279,
    "totalOtherIncomeExpensesNet": -732000,
    "incomeBeforeTax": 29519000,
    "incomeBeforeTaxRatio": 0.1206862012,
    "incomeTaxExpense": 10922000,
    "netIncome": 18597000,
    "netIncomeRatio": 0.0760324294,
    "eps": 0.27,
    "epsdiluted": 0.27,
    "weightedAverageShsOut": 68795000,
    "weightedAverageShsOutDil": 70015000,
    "link": null,
    "finalLink": null
  },
  {
    "date": "2001-12-31",
    "symbol": "STE",
    "reportedCurrency": "USD",
    "cik": "0001757898",
    "fillingDate": "2001-12-31",
    "acceptedDate": "2001-12-30 19:00:00",
    "calendarYear": "2002",
    "period": "Q3",
    "revenue": 218637000,
    "costOfRevenue": 129792000,
    "grossProfit": 88845000,
    "grossProfitRatio": 0.4063584846,
    "researchAndDevelopmentExpenses": 4958000,
    "generalAndAdministrativeExpenses": 0,
    "sellingAndMarketingExpenses": 0,
    "sellingGeneralAndAdministrativeExpenses": 60377000,
    "otherExpenses": 0,
    "operatingExpenses": 65335000,
    "costAndExpenses": 195127000,
    "interestIncome": 0,
    "interestExpense": 0,
    "depreciationAndAmortization": 11625000,
    "ebitda": 35135000,
    "ebitdaratio": 0.160700156,
    "operatingIncome": 23510000,
    "operatingIncomeRatio": 0.1075298326,
    "totalOtherIncomeExpensesNet": -1283000,
    "incomeBeforeTax": 22227000,
    "incomeBeforeTaxRatio": 0.1016616584,
    "incomeTaxExpense": 8224000,
    "netIncome": 14003000,
    "netIncomeRatio": 0.064046799,
    "eps": 0.2,
    "epsdiluted": 0.2,
    "weightedAverageShsOut": 70015000,
    "weightedAverageShsOutDil": 70015000,
    "link": null,
    "finalLink": null
  },
  {
    "date": "2001-09-30",
    "symbol": "STE",
    "reportedCurrency": "USD",
    "cik": "0001757898",
    "fillingDate": "2001-09-30",
    "acceptedDate": "2001-09-30 00:00:00",
    "calendarYear": "2002",
    "period": "Q2",
    "revenue": 206393000,
    "costOfRevenue": 121719000,
    "grossProfit": 84674000,
    "grossProfitRatio": 0.4102561618,
    "researchAndDevelopmentExpenses": 4978000,
    "generalAndAdministrativeExpenses": 0,
    "sellingAndMarketingExpenses": 0,
    "sellingGeneralAndAdministrativeExpenses": 62963000,
    "otherExpenses": 0,
    "operatingExpenses": 67941000,
    "costAndExpenses": 189660000,
    "interestIncome": 0,
    "interestExpense": 0,
    "depreciationAndAmortization": 11848000,
    "ebitda": 28581000,
    "ebitdaratio": 0.1384785337,
    "operatingIncome": 16733000,
    "operatingIncomeRatio": 0.081073486,
    "totalOtherIncomeExpensesNet": -2099000,
    "incomeBeforeTax": 14634000,
    "incomeBeforeTaxRatio": 0.0709035675,
    "incomeTaxExpense": 5415000,
    "netIncome": 9219000,
    "netIncomeRatio": 0.0446672126,
    "eps": 0.13,
    "epsdiluted": 0.13,
    "weightedAverageShsOut": 70915000,
    "weightedAverageShsOutDil": 70915000,
    "link": null,
    "finalLink": null
  },
  {
    "date": "2001-06-30",
    "symbol": "STE",
    "reportedCurrency": "USD",
    "cik": "0001757898",
    "fillingDate": "2001-12-31",
    "acceptedDate": "2001-06-30 00:00:00",
    "calendarYear": "2002",
    "period": "Q1",
    "revenue": 197074000,
    "costOfRevenue": 115861000,
    "grossProfit": 81213000,
    "grossProfitRatio": 0.4120939343,
    "researchAndDevelopmentExpenses": 6292000,
    "generalAndAdministrativeExpenses": 0,
    "sellingAndMarketingExpenses": 0,
    "sellingGeneralAndAdministrativeExpenses": 64802000,
    "otherExpenses": 0,
    "operatingExpenses": 71094000,
    "costAndExpenses": 186955000,
    "interestIncome": 0,
    "interestExpense": 0,
    "depreciationAndAmortization": 11884000,
    "ebitda": 22003000,
    "ebitdaratio": 0.1116484163,
    "operatingIncome": 10119000,
    "operatingIncomeRatio": 0.0513461948,
    "totalOtherIncomeExpensesNet": -3162000,
    "incomeBeforeTax": 6957000,
    "incomeBeforeTaxRatio": 0.0353014604,
    "incomeTaxExpense": 2574000,
    "netIncome": 4383000,
    "netIncomeRatio": 0.0222403767,
    "eps": 0.06,
    "epsdiluted": 0.06,
    "weightedAverageShsOut": 73050000,
    "weightedAverageShsOutDil": 73050000,
    "link": null,
    "finalLink": null
  },
  {
    "date": "2001-03-31",
    "symbol": "STE",
    "reportedCurrency": "USD",
    "cik": "0001757898",
    "fillingDate": "2001-03-31",
    "acceptedDate": "2001-03-31 00:00:00",
    "calendarYear": "2001",
    "period": "Q4",
    "revenue": 218631000,
    "costOfRevenue": 131939000,
    "grossProfit": 86692000,
    "grossProfitRatio": 0.3965219937,
    "researchAndDevelopmentExpenses": 6923000,
    "generalAndAdministrativeExpenses": 0,
    "sellingAndMarketingExpenses": 0,
    "sellingGeneralAndAdministrativeExpenses": 85845000,
    "otherExpenses": 12603000,
    "operatingExpenses": 105371000,
    "costAndExpenses": 237310000,
    "interestIncome": 0,
    "interestExpense": 0,
    "depreciationAndAmortization": 12603000,
    "ebitda": 40495000,
    "ebitdaratio": 0.1852207601,
    "operatingIncome": -18679000,
    "operatingIncomeRatio": -0.0854361916,
    "totalOtherIncomeExpensesNet": -4273000,
    "incomeBeforeTax": -22952000,
    "incomeBeforeTaxRatio": -0.104980538,
    "incomeTaxExpense": -6326000,
    "netIncome": -16626000,
    "netIncomeRatio": -0.0760459404,
    "eps": -0.24,
    "epsdiluted": -0.24,
    "weightedAverageShsOut": 69273000,
    "weightedAverageShsOutDil": 69273000,
    "link": null,
    "finalLink": null
  },
  {
    "date": "2000-12-31",
    "symbol": "STE",
    "reportedCurrency": "USD",
    "cik": "0001757898",
    "fillingDate": "2000-12-31",
    "acceptedDate": "2000-12-30 19:00:00",
    "calendarYear": "2001",
    "period": "Q3",
    "revenue": 204465000,
    "costOfRevenue": 102189000,
    "grossProfit": 102276000,
    "grossProfitRatio": 0.5002127503,
    "researchAndDevelopmentExpenses": 5752000,
    "generalAndAdministrativeExpenses": 0,
    "sellingAndMarketingExpenses": 0,
    "sellingGeneralAndAdministrativeExpenses": 63447000,
    "otherExpenses": 11769000,
    "operatingExpenses": 80968000,
    "costAndExpenses": 183157000,
    "interestIncome": 0,
    "interestExpense": 0,
    "depreciationAndAmortization": 11769000,
    "ebitda": 33077000,
    "ebitdaratio": 0.1617734087,
    "operatingIncome": 21308000,
    "operatingIncomeRatio": 0.1042134351,
    "totalOtherIncomeExpensesNet": -4682000,
    "incomeBeforeTax": 16626000,
    "incomeBeforeTaxRatio": 0.0813146504,
    "incomeTaxExpense": 6235000,
    "netIncome": 10391000,
    "netIncomeRatio": 0.0508204338,
    "eps": 0.15,
    "epsdiluted": 0.15,
    "weightedAverageShsOut": 69273000,
    "weightedAverageShsOutDil": 69273000,
    "link": null,
    "finalLink": null
  },
  {
    "date": "2000-09-30",
    "symbol": "STE",
    "reportedCurrency": "USD",
    "cik": "0001757898",
    "fillingDate": "2000-09-30",
    "acceptedDate": "2000-09-30 00:00:00",
    "calendarYear": "2001",
    "period": "Q2",
    "revenue": 193178000,
    "costOfRevenue": 96856000,
    "grossProfit": 96322000,
    "grossProfitRatio": 0.498617855,
    "researchAndDevelopmentExpenses": 5479000,
    "generalAndAdministrativeExpenses": 0,
    "sellingAndMarketingExpenses": 0,
    "sellingGeneralAndAdministrativeExpenses": 63717000,
    "otherExpenses": 11187000,
    "operatingExpenses": 80383000,
    "costAndExpenses": 177239000,
    "interestIncome": 0,
    "interestExpense": 0,
    "depreciationAndAmortization": 11187000,
    "ebitda": 27126000,
    "ebitdaratio": 0.1404197165,
    "operatingIncome": 15939000,
    "operatingIncomeRatio": 0.0825093955,
    "totalOtherIncomeExpensesNet": -5191000,
    "incomeBeforeTax": 10748000,
    "incomeBeforeTaxRatio": 0.0556378055,
    "incomeTaxExpense": 4024000,
    "netIncome": 6724000,
    "netIncomeRatio": 0.0348072762,
    "eps": 0.1,
    "epsdiluted": 0.1,
    "weightedAverageShsOut": 67240000,
    "weightedAverageShsOutDil": 67240000,
    "link": null,
    "finalLink": null
  },
  {
    "date": "2000-06-30",
    "symbol": "STE",
    "reportedCurrency": "USD",
    "cik": "0001757898",
    "fillingDate": "2000-12-31",
    "acceptedDate": "2000-06-30 00:00:00",
    "calendarYear": "2001",
    "period": "Q1",
    "revenue": 183813000,
    "costOfRevenue": 94592000,
    "grossProfit": 89221000,
    "grossProfitRatio": 0.4853900431,
    "researchAndDevelopmentExpenses": 5821000,
    "generalAndAdministrativeExpenses": 0,
    "sellingAndMarketingExpenses": 0,
    "sellingGeneralAndAdministrativeExpenses": 66782000,
    "otherExpenses": 11012000,
    "operatingExpenses": 83615000,
    "costAndExpenses": 178207000,
    "interestIncome": 0,
    "interestExpense": 0,
    "depreciationAndAmortization": 11012000,
    "ebitda": 16618000,
    "ebitdaratio": 0.0904070985,
    "operatingIncome": 5606000,
    "operatingIncomeRatio": 0.0304983869,
    "totalOtherIncomeExpensesNet": -4271000,
    "incomeBeforeTax": 1335000,
    "incomeBeforeTaxRatio": 0.007262816,
    "incomeTaxExpense": 507000,
    "netIncome": 828000,
    "netIncomeRatio": 0.004504578,
    "eps": 0.01,
    "epsdiluted": 0.01,
    "weightedAverageShsOut": 82800000,
    "weightedAverageShsOutDil": 82800000,
    "link": null,
    "finalLink": null
  },
  {
    "date": "2000-03-31",
    "symbol": "STE",
    "reportedCurrency": "USD",
    "cik": "0001757898",
    "fillingDate": "2000-03-31",
    "acceptedDate": "2000-03-31 00:00:00",
    "calendarYear": "2000",
    "period": "Q4",
    "revenue": 190126000,
    "costOfRevenue": 124829000,
    "grossProfit": 65297000,
    "grossProfitRatio": 0.3434406657,
    "researchAndDevelopmentExpenses": 6469000,
    "generalAndAdministrativeExpenses": 0,
    "sellingAndMarketingExpenses": 0,
    "sellingGeneralAndAdministrativeExpenses": 84250000,
    "otherExpenses": 9572000,
    "operatingExpenses": 100291000,
    "costAndExpenses": 225120000,
    "interestIncome": 0,
    "interestExpense": 0,
    "depreciationAndAmortization": 9572000,
    "ebitda": -25422000,
    "ebitdaratio": -0.1337113283,
    "operatingIncome": -34994000,
    "operatingIncomeRatio": -0.1840568886,
    "totalOtherIncomeExpensesNet": -3994000,
    "incomeBeforeTax": -38988000,
    "incomeBeforeTaxRatio": -0.2050640102,
    "incomeTaxExpense": -14773000,
    "netIncome": -24215000,
    "netIncomeRatio": -0.1273629067,
    "eps": -0.36,
    "epsdiluted": -0.36,
    "weightedAverageShsOut": 68125000,
    "weightedAverageShsOutDil": 68125000,
    "link": null,
    "finalLink": null
  },
  {
    "date": "1999-12-31",
    "symbol": "STE",
    "reportedCurrency": "USD",
    "cik": "0001757898",
    "fillingDate": "1999-12-31",
    "acceptedDate": "1999-12-30 19:00:00",
    "calendarYear": "2000",
    "period": "Q3",
    "revenue": 195100000,
    "costOfRevenue": 97900000,
    "grossProfit": 97200000,
    "grossProfitRatio": 0.4982060482,
    "researchAndDevelopmentExpenses": 5800000,
    "generalAndAdministrativeExpenses": 0,
    "sellingAndMarketingExpenses": 0,
    "sellingGeneralAndAdministrativeExpenses": 61100000,
    "otherExpenses": 10100000,
    "operatingExpenses": 77000000,
    "costAndExpenses": 174900000,
    "interestIncome": 0,
    "interestExpense": 0,
    "depreciationAndAmortization": 10100000,
    "ebitda": 30300000,
    "ebitdaratio": 0.1553049718,
    "operatingIncome": 20200000,
    "operatingIncomeRatio": 0.1035366479,
    "totalOtherIncomeExpensesNet": -2600000,
    "incomeBeforeTax": 17600000,
    "incomeBeforeTaxRatio": 0.0902101486,
    "incomeTaxExpense": 6700000,
    "netIncome": 10900000,
    "netIncomeRatio": 0.0558687852,
    "eps": 0.16,
    "epsdiluted": 0.16,
    "weightedAverageShsOut": 68125000,
    "weightedAverageShsOutDil": 68125000,
    "link": null,
    "finalLink": null
  },
  {
    "date": "1999-09-30",
    "symbol": "STE",
    "reportedCurrency": "USD",
    "cik": "0001757898",
    "fillingDate": "1999-09-30",
    "acceptedDate": "1999-09-30 00:00:00",
    "calendarYear": "2000",
    "period": "Q2",
    "revenue": 198600000,
    "costOfRevenue": 97900000,
    "grossProfit": 100700000,
    "grossProfitRatio": 0.5070493454,
    "researchAndDevelopmentExpenses": 5700000,
    "generalAndAdministrativeExpenses": 0,
    "sellingAndMarketingExpenses": 0,
    "sellingGeneralAndAdministrativeExpenses": 58600000,
    "otherExpenses": 10100000,
    "operatingExpenses": 74400000,
    "costAndExpenses": 172300000,
    "interestIncome": 0,
    "interestExpense": 0,
    "depreciationAndAmortization": 10100000,
    "ebitda": 36400000,
    "ebitdaratio": 0.1832829809,
    "operatingIncome": 26300000,
    "operatingIncomeRatio": 0.1324269889,
    "totalOtherIncomeExpensesNet": -3100000,
    "incomeBeforeTax": 23200000,
    "incomeBeforeTaxRatio": 0.1168177241,
    "incomeTaxExpense": 8800000,
    "netIncome": 14400000,
    "netIncomeRatio": 0.0725075529,
    "eps": 0.21,
    "epsdiluted": 0.21,
    "weightedAverageShsOut": 68571000,
    "weightedAverageShsOutDil": 68571000,
    "link": null,
    "finalLink": null
  },
  {
    "date": "1999-06-30",
    "symbol": "STE",
    "reportedCurrency": "USD",
    "cik": "0001757898",
    "fillingDate": "1999-12-31",
    "acceptedDate": "1999-06-30 00:00:00",
    "calendarYear": "2000",
    "period": "Q1",
    "revenue": 176813000,
    "costOfRevenue": 84900000,
    "grossProfit": 91913000,
    "grossProfitRatio": 0.5198316866,
    "researchAndDevelopmentExpenses": 6200000,
    "generalAndAdministrativeExpenses": 0,
    "sellingAndMarketingExpenses": 0,
    "sellingGeneralAndAdministrativeExpenses": 57700000,
    "otherExpenses": 9900000,
    "operatingExpenses": 73800000,
    "costAndExpenses": 158700000,
    "interestIncome": 0,
    "interestExpense": 0,
    "depreciationAndAmortization": 9900000,
    "ebitda": 28013000,
    "ebitdaratio": 0.1584329207,
    "operatingIncome": 18113000,
    "operatingIncomeRatio": 0.1024415626,
    "totalOtherIncomeExpensesNet": -3113000,
    "incomeBeforeTax": 15000000,
    "incomeBeforeTaxRatio": 0.0848353911,
    "incomeTaxExpense": 5700000,
    "netIncome": 9300000,
    "netIncomeRatio": 0.0525979425,
    "eps": 0.14,
    "epsdiluted": 0.14,
    "weightedAverageShsOut": 66429000,
    "weightedAverageShsOutDil": 66429000,
    "link": null,
    "finalLink": null
  },
  {
    "date": "1999-03-31",
    "symbol": "STE",
    "reportedCurrency": "USD",
    "cik": "0001757898",
    "fillingDate": "1999-03-31",
    "acceptedDate": "1999-03-31 00:00:00",
    "calendarYear": "1999",
    "period": "Q4",
    "revenue": 226900000,
    "costOfRevenue": 115300000,
    "grossProfit": 111600000,
    "grossProfitRatio": 0.4918466285,
    "researchAndDevelopmentExpenses": 6500000,
    "generalAndAdministrativeExpenses": 0,
    "sellingAndMarketingExpenses": 0,
    "sellingGeneralAndAdministrativeExpenses": 57400000,
    "otherExpenses": 10400000,
    "operatingExpenses": 74300000,
    "costAndExpenses": 189600000,
    "interestIncome": 0,
    "interestExpense": 0,
    "depreciationAndAmortization": 10400000,
    "ebitda": 47700000,
    "ebitdaratio": 0.2102247686,
    "operatingIncome": 37300000,
    "operatingIncomeRatio": 0.1643895989,
    "totalOtherIncomeExpensesNet": -2100000,
    "incomeBeforeTax": 35200000,
    "incomeBeforeTaxRatio": 0.1551344204,
    "incomeTaxExpense": 6400000,
    "netIncome": 28800000,
    "netIncomeRatio": 0.1269281622,
    "eps": 0.43,
    "epsdiluted": 0.43,
    "weightedAverageShsOut": 67647000,
    "weightedAverageShsOutDil": 67647000,
    "link": null,
    "finalLink": null
  },
  {
    "date": "1998-12-31",
    "symbol": "STE",
    "reportedCurrency": "USD",
    "cik": "0001757898",
    "fillingDate": "1998-12-31",
    "acceptedDate": "1998-12-30 19:00:00",
    "calendarYear": "1999",
    "period": "Q3",
    "revenue": 205800000,
    "costOfRevenue": 101600000,
    "grossProfit": 104200000,
    "grossProfitRatio": 0.5063168124,
    "researchAndDevelopmentExpenses": 6200000,
    "generalAndAdministrativeExpenses": 0,
    "sellingAndMarketingExpenses": 0,
    "sellingGeneralAndAdministrativeExpenses": 49800000,
    "otherExpenses": 7700000,
    "operatingExpenses": 63700000,
    "costAndExpenses": 165300000,
    "interestIncome": 0,
    "interestExpense": 0,
    "depreciationAndAmortization": 7700000,
    "ebitda": 48200000,
    "ebitdaratio": 0.2342079689,
    "operatingIncome": 40500000,
    "operatingIncomeRatio": 0.1967930029,
    "totalOtherIncomeExpensesNet": -2800000,
    "incomeBeforeTax": 37700000,
    "incomeBeforeTaxRatio": 0.1831875607,
    "incomeTaxExpense": 14700000,
    "netIncome": 23000000,
    "netIncomeRatio": 0.1117589893,
    "eps": 0.34,
    "epsdiluted": 0.33,
    "weightedAverageShsOut": 67647000,
    "weightedAverageShsOutDil": 69697000,
    "link": null,
    "finalLink": null
  },
  {
    "date": "1998-09-30",
    "symbol": "STE",
    "reportedCurrency": "USD",
    "cik": "0001757898",
    "fillingDate": "1998-09-30",
    "acceptedDate": "1998-09-30 00:00:00",
    "calendarYear": "1999",
    "period": "Q2",
    "revenue": 191100000,
    "costOfRevenue": 93500000,
    "grossProfit": 97600000,
    "grossProfitRatio": 0.5107273679,
    "researchAndDevelopmentExpenses": 6100000,
    "generalAndAdministrativeExpenses": 0,
    "sellingAndMarketingExpenses": 0,
    "sellingGeneralAndAdministrativeExpenses": 50700000,
    "otherExpenses": 8100000,
    "operatingExpenses": 64900000,
    "costAndExpenses": 158400000,
    "interestIncome": 0,
    "interestExpense": 0,
    "depreciationAndAmortization": 8055000,
    "ebitda": 40800000,
    "ebitdaratio": 0.2135007849,
    "operatingIncome": 32700000,
    "operatingIncomeRatio": 0.1711145997,
    "totalOtherIncomeExpensesNet": -1900000,
    "incomeBeforeTax": 30800000,
    "incomeBeforeTaxRatio": 0.1611721612,
    "incomeTaxExpense": 12000000,
    "netIncome": 18800000,
    "netIncomeRatio": 0.0983778127,
    "eps": 0.27,
    "epsdiluted": 0.27,
    "weightedAverageShsOut": 69630000,
    "weightedAverageShsOutDil": 69630000,
    "link": null,
    "finalLink": null
  },
  {
    "date": "1998-06-30",
    "symbol": "STE",
    "reportedCurrency": "USD",
    "cik": "0001757898",
    "fillingDate": "1998-12-31",
    "acceptedDate": "1998-06-30 00:00:00",
    "calendarYear": "1999",
    "period": "Q1",
    "revenue": 173775000,
    "costOfRevenue": 92461000,
    "grossProfit": 81314000,
    "grossProfitRatio": 0.467926917,
    "researchAndDevelopmentExpenses": 6029000,
    "generalAndAdministrativeExpenses": 0,
    "sellingAndMarketingExpenses": 0,
    "sellingGeneralAndAdministrativeExpenses": 49531000,
    "otherExpenses": 0,
    "operatingExpenses": 55560000,
    "costAndExpenses": 148021000,
    "interestIncome": 0,
    "interestExpense": 0,
    "depreciationAndAmortization": 7145000,
    "ebitda": 32899000,
    "ebitdaratio": 0.1893195224,
    "operatingIncome": 25754000,
    "operatingIncomeRatio": 0.1482031362,
    "totalOtherIncomeExpensesNet": -2239000,
    "incomeBeforeTax": 23515000,
    "incomeBeforeTaxRatio": 0.1353186592,
    "incomeTaxExpense": 9170000,
    "netIncome": 14345000,
    "netIncomeRatio": 0.0825492735,
    "eps": 0.21,
    "epsdiluted": 0.21,
    "weightedAverageShsOut": 68799000,
    "weightedAverageShsOutDil": 68799000,
    "link": null,
    "finalLink": null
  },
  {
    "date": "1998-03-31",
    "symbol": "STE",
    "reportedCurrency": "USD",
    "cik": "0001757898",
    "fillingDate": "1998-03-31",
    "acceptedDate": "1998-03-31 00:00:00",
    "calendarYear": "1998",
    "period": "Q4",
    "revenue": 204500000,
    "costOfRevenue": 109011000,
    "grossProfit": 95489000,
    "grossProfitRatio": 0.4669388753,
    "researchAndDevelopmentExpenses": 5995000,
    "generalAndAdministrativeExpenses": 0,
    "sellingAndMarketingExpenses": 0,
    "sellingGeneralAndAdministrativeExpenses": 54215000,
    "otherExpenses": 0,
    "operatingExpenses": 60210000,
    "costAndExpenses": 169221000,
    "interestIncome": 0,
    "interestExpense": 0,
    "depreciationAndAmortization": 7671000,
    "ebitda": 42950000,
    "ebitdaratio": 0.2100244499,
    "operatingIncome": 35279000,
    "operatingIncomeRatio": 0.1725134474,
    "totalOtherIncomeExpensesNet": -2049000,
    "incomeBeforeTax": 33230000,
    "incomeBeforeTaxRatio": 0.1624938875,
    "incomeTaxExpense": 12960000,
    "netIncome": 20270000,
    "netIncomeRatio": 0.0991198044,
    "eps": 0.29,
    "epsdiluted": 0.29,
    "weightedAverageShsOut": 68799000,
    "weightedAverageShsOutDil": 68799000,
    "link": null,
    "finalLink": null
  },
  {
    "date": "1997-12-31",
    "symbol": "STE",
    "reportedCurrency": "USD",
    "cik": "0001757898",
    "fillingDate": "1997-12-31",
    "acceptedDate": "1997-12-30 19:00:00",
    "calendarYear": "1998",
    "period": "Q3",
    "revenue": 186639000,
    "costOfRevenue": 102591000,
    "grossProfit": 84048000,
    "grossProfitRatio": 0.4503238873,
    "researchAndDevelopmentExpenses": 5989000,
    "generalAndAdministrativeExpenses": 0,
    "sellingAndMarketingExpenses": 0,
    "sellingGeneralAndAdministrativeExpenses": 46099000,
    "otherExpenses": 0,
    "operatingExpenses": 52088000,
    "costAndExpenses": 154679000,
    "interestIncome": 0,
    "interestExpense": 0,
    "depreciationAndAmortization": 6431000,
    "ebitda": 38391000,
    "ebitdaratio": 0.2056965586,
    "operatingIncome": 31960000,
    "operatingIncomeRatio": 0.1712396659,
    "totalOtherIncomeExpensesNet": -2190000,
    "incomeBeforeTax": 29770000,
    "incomeBeforeTaxRatio": 0.1595057839,
    "incomeTaxExpense": 11600000,
    "netIncome": 18170000,
    "netIncomeRatio": 0.0973537149,
    "eps": 0.26,
    "epsdiluted": 0.26,
    "weightedAverageShsOut": 68799000,
    "weightedAverageShsOutDil": 68799000,
    "link": null,
    "finalLink": null
  },
  {
    "date": "1997-09-30",
    "symbol": "STE",
    "reportedCurrency": "USD",
    "cik": "0001757898",
    "fillingDate": "1997-09-30",
    "acceptedDate": "1997-09-30 00:00:00",
    "calendarYear": "1998",
    "period": "Q2",
    "revenue": 173400000,
    "costOfRevenue": 89700000,
    "grossProfit": 83700000,
    "grossProfitRatio": 0.4826989619,
    "researchAndDevelopmentExpenses": 6000000,
    "generalAndAdministrativeExpenses": 0,
    "sellingAndMarketingExpenses": 0,
    "sellingGeneralAndAdministrativeExpenses": 46600000,
    "otherExpenses": 5500000,
    "operatingExpenses": 58100000,
    "costAndExpenses": 147800000,
    "interestIncome": 0,
    "interestExpense": 0,
    "depreciationAndAmortization": 5507000,
    "ebitda": 31107000,
    "ebitdaratio": 0.1793944637,
    "operatingIncome": 25600000,
    "operatingIncomeRatio": 0.1476355248,
    "totalOtherIncomeExpensesNet": -500000,
    "incomeBeforeTax": 25100000,
    "incomeBeforeTaxRatio": 0.1447520185,
    "incomeTaxExpense": 9800000,
    "netIncome": 15309000,
    "netIncomeRatio": 0.0882871972,
    "eps": 0.22,
    "epsdiluted": 0.22,
    "weightedAverageShsOut": 68799000,
    "weightedAverageShsOutDil": 68799000,
    "link": null,
    "finalLink": null
  },
  {
    "date": "1997-06-30",
    "symbol": "STE",
    "reportedCurrency": "USD",
    "cik": "0001757898",
    "fillingDate": "1997-12-31",
    "acceptedDate": "1997-06-30 00:00:00",
    "calendarYear": "1998",
    "period": "Q1",
    "revenue": 155134000,
    "costOfRevenue": 88300000,
    "grossProfit": 66834000,
    "grossProfitRatio": 0.4308146506,
    "researchAndDevelopmentExpenses": 5956000,
    "generalAndAdministrativeExpenses": 0,
    "sellingAndMarketingExpenses": 0,
    "sellingGeneralAndAdministrativeExpenses": 41143000,
    "otherExpenses": 0,
    "operatingExpenses": 47099000,
    "costAndExpenses": 135399000,
    "interestIncome": 0,
    "interestExpense": 0,
    "depreciationAndAmortization": 4593000,
    "ebitda": 24328000,
    "ebitdaratio": 0.1568192659,
    "operatingIncome": 19735000,
    "operatingIncomeRatio": 0.1272126033,
    "totalOtherIncomeExpensesNet": -462000,
    "incomeBeforeTax": 19273000,
    "incomeBeforeTaxRatio": 0.1242345327,
    "incomeTaxExpense": 7526000,
    "netIncome": 11747000,
    "netIncomeRatio": 0.0757216342,
    "eps": 0.17,
    "epsdiluted": 0.17,
    "weightedAverageShsOut": 68799000,
    "weightedAverageShsOutDil": 68799000,
    "link": null,
    "finalLink": null
  },
  {
    "date": "1997-03-31",
    "symbol": "STE",
    "reportedCurrency": "USD",
    "cik": "0001757898",
    "fillingDate": "1997-03-31",
    "acceptedDate": "1997-03-31 00:00:00",
    "calendarYear": "1997",
    "period": "Q4",
    "revenue": 170500000,
    "costOfRevenue": 93400000,
    "grossProfit": 77100000,
    "grossProfitRatio": 0.4521994135,
    "researchAndDevelopmentExpenses": 6400000,
    "generalAndAdministrativeExpenses": 0,
    "sellingAndMarketingExpenses": 0,
    "sellingGeneralAndAdministrativeExpenses": 39300000,
    "otherExpenses": 5600000,
    "operatingExpenses": 51300000,
    "costAndExpenses": 144700000,
    "interestIncome": 0,
    "interestExpense": 0,
    "depreciationAndAmortization": 5600000,
    "ebitda": 31400000,
    "ebitdaratio": 0.1841642229,
    "operatingIncome": 25800000,
    "operatingIncomeRatio": 0.1513196481,
    "totalOtherIncomeExpensesNet": 100000,
    "incomeBeforeTax": 25900000,
    "incomeBeforeTaxRatio": 0.1519061584,
    "incomeTaxExpense": 10000000,
    "netIncome": 15900000,
    "netIncomeRatio": 0.093255132,
    "eps": 0.23,
    "epsdiluted": 0.23,
    "weightedAverageShsOut": 67968000,
    "weightedAverageShsOutDil": 68370000,
    "link": null,
    "finalLink": null
  },
  {
    "date": "1996-12-31",
    "symbol": "STE",
    "reportedCurrency": "USD",
    "cik": "0001757898",
    "fillingDate": "1996-12-31",
    "acceptedDate": "1996-12-30 19:00:00",
    "calendarYear": "1997",
    "period": "Q3",
    "revenue": 151000000,
    "costOfRevenue": 87500000,
    "grossProfit": 63500000,
    "grossProfitRatio": 0.4205298013,
    "researchAndDevelopmentExpenses": 5400000,
    "generalAndAdministrativeExpenses": 0,
    "sellingAndMarketingExpenses": 0,
    "sellingGeneralAndAdministrativeExpenses": 32500000,
    "otherExpenses": 3700000,
    "operatingExpenses": 41600000,
    "costAndExpenses": 129100000,
    "interestIncome": 0,
    "interestExpense": 0,
    "depreciationAndAmortization": 3700000,
    "ebitda": 25600000,
    "ebitdaratio": 0.1695364238,
    "operatingIncome": 21900000,
    "operatingIncomeRatio": 0.1450331126,
    "totalOtherIncomeExpensesNet": 400000,
    "incomeBeforeTax": 22300000,
    "incomeBeforeTaxRatio": 0.1476821192,
    "incomeTaxExpense": 8800000,
    "netIncome": 13500000,
    "netIncomeRatio": 0.0894039735,
    "eps": 0.095,
    "epsdiluted": 0.095,
    "weightedAverageShsOut": 68370000,
    "weightedAverageShsOutDil": 68370000,
    "link": null,
    "finalLink": null
  },
  {
    "date": "1996-09-30",
    "symbol": "STE",
    "reportedCurrency": "USD",
    "cik": "0001757898",
    "fillingDate": "1996-09-30",
    "acceptedDate": "1996-09-30 00:00:00",
    "calendarYear": "1997",
    "period": "Q2",
    "revenue": 138500000,
    "costOfRevenue": 81700000,
    "grossProfit": 56800000,
    "grossProfitRatio": 0.4101083032,
    "researchAndDevelopmentExpenses": 5900000,
    "generalAndAdministrativeExpenses": 0,
    "sellingAndMarketingExpenses": 0,
    "sellingGeneralAndAdministrativeExpenses": 27600000,
    "otherExpenses": 3500000,
    "operatingExpenses": 37000000,
    "costAndExpenses": 118700000,
    "interestIncome": 0,
    "interestExpense": 0,
    "depreciationAndAmortization": 3500000,
    "ebitda": 23300000,
    "ebitdaratio": 0.1682310469,
    "operatingIncome": 19800000,
    "operatingIncomeRatio": 0.1429602888,
    "totalOtherIncomeExpensesNet": 600000,
    "incomeBeforeTax": 20400000,
    "incomeBeforeTaxRatio": 0.1472924188,
    "incomeTaxExpense": 8900000,
    "netIncome": 11500000,
    "netIncomeRatio": 0.083032491,
    "eps": 0.085,
    "epsdiluted": 0.085,
    "weightedAverageShsOut": 67172000,
    "weightedAverageShsOutDil": 67172000,
    "link": null,
    "finalLink": null
  },
  {
    "date": "1996-06-30",
    "symbol": "STE",
    "reportedCurrency": "USD",
    "cik": "0001757898",
    "fillingDate": "1996-12-31",
    "acceptedDate": "1996-06-30 00:00:00",
    "calendarYear": "1997",
    "period": "Q1",
    "revenue": 127900000,
    "costOfRevenue": 76900000,
    "grossProfit": 51000000,
    "grossProfitRatio": 0.3987490227,
    "researchAndDevelopmentExpenses": 4300000,
    "generalAndAdministrativeExpenses": 0,
    "sellingAndMarketingExpenses": 0,
    "sellingGeneralAndAdministrativeExpenses": 26100000,
    "otherExpenses": 3700000,
    "operatingExpenses": 34100000,
    "costAndExpenses": 111000000,
    "interestIncome": 0,
    "interestExpense": 0,
    "depreciationAndAmortization": 3700000,
    "ebitda": 20600000,
    "ebitdaratio": 0.1610633307,
    "operatingIncome": 16900000,
    "operatingIncomeRatio": 0.1321344801,
    "totalOtherIncomeExpensesNet": -90500000,
    "incomeBeforeTax": -73600000,
    "incomeBeforeTaxRatio": -0.57544957,
    "incomeTaxExpense": -2000000,
    "netIncome": -71600000,
    "netIncomeRatio": -0.5598123534,
    "eps": -1.08,
    "epsdiluted": -1.08,
    "weightedAverageShsOut": 66290000,
    "weightedAverageShsOutDil": 66290000,
    "link": null,
    "finalLink": null
  },
  {
    "date": "1996-03-31",
    "symbol": "STE",
    "reportedCurrency": "USD",
    "cik": "0001757898",
    "fillingDate": "1996-03-31",
    "acceptedDate": "1996-03-31 00:00:00",
    "calendarYear": "1996",
    "period": "Q4",
    "revenue": 25600000,
    "costOfRevenue": 8800000,
    "grossProfit": 16800000,
    "grossProfitRatio": 0.65625,
    "researchAndDevelopmentExpenses": 2200000,
    "generalAndAdministrativeExpenses": 0,
    "sellingAndMarketingExpenses": 0,
    "sellingGeneralAndAdministrativeExpenses": 7800000,
    "otherExpenses": 500000,
    "operatingExpenses": 10500000,
    "costAndExpenses": 19300000,
    "interestIncome": 0,
    "interestExpense": 0,
    "depreciationAndAmortization": 500000,
    "ebitda": 6800000,
    "ebitdaratio": 0.265625,
    "operatingIncome": 6300000,
    "operatingIncomeRatio": 0.24609375,
    "totalOtherIncomeExpensesNet": 100000,
    "incomeBeforeTax": 6400000,
    "incomeBeforeTaxRatio": 0.25,
    "incomeTaxExpense": 2500000,
    "netIncome": 3900000,
    "netIncomeRatio": 0.15234375,
    "eps": 0.11,
    "epsdiluted": 0.11,
    "weightedAverageShsOut": 35714000,
    "weightedAverageShsOutDil": 35714000,
    "link": null,
    "finalLink": null
  },
  {
    "date": "1995-12-31",
    "symbol": "STE",
    "reportedCurrency": "USD",
    "cik": "0001757898",
    "fillingDate": "1995-12-31",
    "acceptedDate": "1995-12-30 19:00:00",
    "calendarYear": "1996",
    "period": "Q3",
    "revenue": 24200000,
    "costOfRevenue": 8600000,
    "grossProfit": 15600000,
    "grossProfitRatio": 0.6446280992,
    "researchAndDevelopmentExpenses": 2200000,
    "generalAndAdministrativeExpenses": 0,
    "sellingAndMarketingExpenses": 0,
    "sellingGeneralAndAdministrativeExpenses": 7300000,
    "otherExpenses": 500000,
    "operatingExpenses": 10000000,
    "costAndExpenses": 18600000,
    "interestIncome": 0,
    "interestExpense": 0,
    "depreciationAndAmortization": 500000,
    "ebitda": 6100000,
    "ebitdaratio": 0.2520661157,
    "operatingIncome": 5600000,
    "operatingIncomeRatio": 0.2314049587,
    "totalOtherIncomeExpensesNet": 200000,
    "incomeBeforeTax": 5800000,
    "incomeBeforeTaxRatio": 0.2396694215,
    "incomeTaxExpense": 2300000,
    "netIncome": 3500000,
    "netIncomeRatio": 0.1446280992,
    "eps": 0.045,
    "epsdiluted": 0.045,
    "weightedAverageShsOut": 35714000,
    "weightedAverageShsOutDil": 35714000,
    "link": null,
    "finalLink": null
  },
  {
    "date": "1995-09-30",
    "symbol": "STE",
    "reportedCurrency": "USD",
    "cik": "0001757898",
    "fillingDate": "1995-09-30",
    "acceptedDate": "1995-09-30 00:00:00",
    "calendarYear": "1996",
    "period": "Q2",
    "revenue": 21600000,
    "costOfRevenue": 7800000,
    "grossProfit": 13800000,
    "grossProfitRatio": 0.6388888889,
    "researchAndDevelopmentExpenses": 2000000,
    "generalAndAdministrativeExpenses": 0,
    "sellingAndMarketingExpenses": 0,
    "sellingGeneralAndAdministrativeExpenses": 6800000,
    "otherExpenses": 400000,
    "operatingExpenses": 9200000,
    "costAndExpenses": 17000000,
    "interestIncome": 0,
    "interestExpense": 0,
    "depreciationAndAmortization": 400000,
    "ebitda": 5000000,
    "ebitdaratio": 0.2314814815,
    "operatingIncome": 4600000,
    "operatingIncomeRatio": 0.212962963,
    "totalOtherIncomeExpensesNet": 200000,
    "incomeBeforeTax": 4800000,
    "incomeBeforeTaxRatio": 0.2222222222,
    "incomeTaxExpense": 1900000,
    "netIncome": 2900000,
    "netIncomeRatio": 0.1342592593,
    "eps": 0.04,
    "epsdiluted": 0.04,
    "weightedAverageShsOut": 35702000,
    "weightedAverageShsOutDil": 35702000,
    "link": null,
    "finalLink": null
  }
]