[
  {
    "date": "2025-03-31",
    "symbol": "STE",
    "reportedCurrency": "USD",
    "cik": "0001757898",
    "fillingDate": "2025-05-29",
    "acceptedDate": "2025-05-29 16:36:38",
    "calendarYear": "2025",
    "period": "FY",
    "revenue": 5459515000,
    "costOfRevenue": 3056751000,
    "grossProfit": 2402764000,
    "grossProfitRatio": 0.4401057603,
    "researchAndDevelopmentExpenses": 107648000,
    "generalAndAdministrativeExpenses": 0,
    "sellingAndMarketingExpenses": 0,
    "sellingGeneralAndAdministrativeExpenses": 1334276000,
    "otherExpenses": 94199000,
    "operatingExpenses": 1536123000,
    "costAndExpenses": 4592874000,
    "interestIncome": 8402000,
    "interestExpense": 86261000,
    "depreciationAndAmortization": 476215000,
    "ebitda": 1358683000,
    "ebitdaratio": 0.2488651464,
    "operatingIncome": 866641000,
    "operatingIncomeRatio": 0.1587395584,
    "totalOtherIncomeExpensesNet": -70434000,
    "incomeBeforeTax": 796207000,
    "incomeBeforeTaxRatio": 0.1458384124,
    "incomeTaxExpense": 184650000,
    "netIncome": 614641000,
    "netIncomeRatio": 0.1125816121,
    "eps": 6.24,
    "epsdiluted": 6.2,
    "weightedAverageShsOut": 98575000,
    "weightedAverageShsOutDil": 99069000,
    "link": "https://www.sec.gov/Archives/edgar/data/1757898/000175789825000005/0001757898-25-000005-index.htm",
    "finalLink": "https://www.sec.gov/Archives/edgar/data/1757898/000175789825000005/ste-20250331.htm"
  },
  {
    "date": "2024-03-31",
    "symbol": "STE",
    "reportedCurrency": "USD",
    "cik": "0001757898",
    "fillingDate": "2024-05-29",
    "acceptedDate": "2024-05-29 16:35:52",
    "calendarYear": "2024",
    "period": "FY",
    "revenue": 5138701000,
    "costOfRevenue": 2920541000,
    "grossProfit": 2218160000,
    "grossProfitRatio": 0.4316577283,
    "researchAndDevelopmentExpenses": 103679000,
    "generalAndAdministrativeExpenses": 0,
    "sellingAndMarketingExpenses": 0,
    "sellingGeneralAndAdministrativeExpenses": 1252318000,
    "otherExpenses": 26045000,
    "operatingExpenses": 1382042000,
    "costAndExpenses": 4302583000,
    "interestIncome": 11043000,
    "interestExpense": 144351000,
    "depreciationAndAmortization": 565244000,
    "ebitda": 1412405000,
    "ebitdaratio": 0.2748564277,
    "operatingIncome": 836118000,
    "operatingIncomeRatio": 0.1627099923,
    "totalOtherIncomeExpensesNet": -133308000,
    "incomeBeforeTax": 702810000,
    "incomeBeforeTaxRatio": 0.1367680276,
    "incomeTaxExpense": 149530000,
    "netIncome": 378239000,
    "netIncomeRatio": 0.0736059561,
    "eps": 3.83,
    "epsdiluted": 3.81,
    "weightedAverageShsOut": 98787000,
    "weightedAverageShsOutDil": 99359000,
    "link": "https://www.sec.gov/Archives/edgar/data/1757898/000175789824000008/0001757898-24-000008-index.htm",
    "finalLink": "https://www.sec.gov/Archives/edgar/data/1757898/000175789824000008/ste-20240331.htm"
  },
  {
    "date": "2023-03-31",
    "symbol": "STE",
    "reportedCurrency": "USD",
    "cik": "0001757898",
    "fillingDate": "2023-05-10",
    "acceptedDate": "2023-05-10 16:36:57",
    "calendarYear": "2023",
    "period": "FY",
    "revenue": 4536266000,
    "costOfRevenue": 2555540000,
    "grossProfit": 1980726000,
    "grossProfitRatio": 0.4366423838,
    "researchAndDevelopmentExpenses": 98477000,
    "generalAndAdministrativeExpenses": 0,
    "sellingAndMarketingExpenses": 0,
    "sellingGeneralAndAdministrativeExpenses": 1090663000,
    "otherExpenses": 485000,
    "operatingExpenses": 1189625000,
    "costAndExpenses": 3745165000,
    "interestIncome": 0,
    "interestExpense": 110835000,
    "depreciationAndAmortization": 552897000,
    "ebitda": 1343998000,
    "ebitdaratio": 0.296278481,
    "operatingIncome": 791101000,
    "operatingIncomeRatio": 0.1743947555,
    "totalOtherIncomeExpensesNet": -110835000,
    "incomeBeforeTax": 680266000,
    "incomeBeforeTaxRatio": 0.1499616645,
    "incomeTaxExpense": 124069000,
    "netIncome": 107030000,
    "netIncomeRatio": 0.0235942954,
    "eps": 1.07,
    "epsdiluted": 1.07,
    "weightedAverageShsOut": 99706000,
    "weightedAverageShsOutDil": 100246000,
    "link": "https://www.sec.gov/Archives/edgar/data/1757898/000175789823000005/0001757898-23-000005-index.htm",
    "finalLink": "https://www.sec.gov/Archives/edgar/data/1757898/000175789823000005/ste-20230331.htm"
  },
  {
    "date": "2022-03-31",
    "symbol": "STE",
    "reportedCurrency": "USD",
    "cik": "0001757898",
    "fillingDate": "2022-05-31",
    "acceptedDate": "2022-05-31 09:26:06",
    "calendarYear": "2022",
    "period": "FY",
    "revenue": 4223403000,
    "costOfRevenue": 2340396000,
    "grossProfit": 1883007000,
    "grossProfitRatio": 0.4458506564,
    "researchAndDevelopmentExpenses": 86663000,
    "generalAndAdministrativeExpenses": 0,
    "sellingAndMarketingExpenses": 0,
    "sellingGeneralAndAdministrativeExpenses": 1318481000,
    "otherExpenses": 48000,
    "operatingExpenses": 1405192000,
    "costAndExpenses": 3745588000,
    "interestIncome": 6284000,
    "interestExpense": 89490000,
    "depreciationAndAmortization": 553104000,
    "ebitda": 1009397000,
    "ebitdaratio": 0.239000872,
    "operatingIncome": 477815000,
    "operatingIncomeRatio": 0.1131350714,
    "totalOtherIncomeExpensesNet": -111012000,
    "incomeBeforeTax": 366803000,
    "incomeBeforeTaxRatio": 0.0868501064,
    "incomeTaxExpense": 82344000,
    "netIncome": 243888000,
    "netIncomeRatio": 0.057746798,
    "eps": 2.5,
    "epsdiluted": 2.48,
    "weightedAverageShsOut": 97535000,
    "weightedAverageShsOutDil": 98326000,
    "link": "https://www.sec.gov/Archives/edgar/data/1757898/000175789822000011/0001757898-22-000011-index.htm",
    "finalLink": "https://www.sec.gov/Archives/edgar/data/1757898/000175789822000011/ste-20220331.htm"
  },
  {
    "date": "2021-03-31",
    "symbol": "STE",
    "reportedCurrency": "USD",
    "cik": "0001757898",
    "fillingDate": "2021-05-28",
    "acceptedDate": "2021-05-28 07:46:11",
    "calendarYear": "2021",
    "period": "FY",
    "revenue": 3107519000,
    "costOfRevenue": 1764419000,
    "grossProfit": 1343100000,
    "grossProfitRatio": 0.4322097467,
    "researchAndDevelopmentExpenses": 66326000,
    "generalAndAdministrativeExpenses": 0,
    "sellingAndMarketingExpenses": 0,
    "sellingGeneralAndAdministrativeExpenses": 731320000,
    "otherExpenses": -2914000,
    "operatingExpenses": 794732000,
    "costAndExpenses": 2559151000,
    "interestIncome": 6345000,
    "interestExpense": 37180000,
    "depreciationAndAmortization": 219237000,
    "ebitda": 773950000,
    "ebitdaratio": 0.2490572061,
    "operatingIncome": 548368000,
    "operatingIncomeRatio": 0.1764648905,
    "totalOtherIncomeExpensesNet": -30835000,
    "incomeBeforeTax": 517533000,
    "incomeBeforeTaxRatio": 0.1665421837,
    "incomeTaxExpense": 120663000,
    "netIncome": 397400000,
    "netIncomeRatio": 0.1278833693,
    "eps": 4.66,
    "epsdiluted": 4.63,
    "weightedAverageShsOut": 85203000,
    "weightedAverageShsOutDil": 85898000,
    "link": "https://www.sec.gov/Archives/edgar/data/1757898/000175789821000017/0001757898-21-000017-index.htm",
    "finalLink": "https://www.sec.gov/Archives/edgar/data/1757898/000175789821000017/ste-20210331.htm"
  },
  {
    "date": "2020-03-31",
    "symbol": "STE",
    "reportedCurrency": "USD",
    "cik": "0001757898",
    "fillingDate": "2020-05-29",
    "acceptedDate": "2020-05-29 08:54:05",
    "calendarYear": "2020",
    "period": "FY",
    "revenue": 3030895000,
    "costOfRevenue": 1710899000,
    "grossProfit": 1319996000,
    "grossProfitRatio": 0.4355136024,
    "researchAndDevelopmentExpenses": 65546000,
    "generalAndAdministrativeExpenses": 0,
    "sellingAndMarketingExpenses": 0,
    "sellingGeneralAndAdministrativeExpenses": 716731000,
    "otherExpenses": 673000,
    "operatingExpenses": 782950000,
    "costAndExpenses": 2493849000,
    "interestIncome": 1987000,
    "interestExpense": 40279000,
    "depreciationAndAmortization": 197235000,
    "ebitda": 736268000,
    "ebitdaratio": 0.2429209854,
    "operatingIncome": 537046000,
    "operatingIncomeRatio": 0.1771905658,
    "totalOtherIncomeExpensesNet": -38292000,
    "incomeBeforeTax": 498754000,
    "incomeBeforeTaxRatio": 0.1645566739,
    "incomeTaxExpense": 90895000,
    "netIncome": 407659000,
    "netIncomeRatio": 0.1345011952,
    "eps": 4.81,
    "epsdiluted": 4.76,
    "weightedAverageShsOut": 84778000,
    "weightedAverageShsOutDil": 85641000,
    "link": "https://www.sec.gov/Archives/edgar/data/1757898/000175789820000012/0001757898-20-000012-index.htm",
    "finalLink": "https://www.sec.gov/Archives/edgar/data/1757898/000175789820000012/ste03312020.htm"
  },
  {
    "date": "2019-03-31",
    "symbol": "STE",
    "reportedCurrency": "USD",
    "cik": "0001757898",
    "fillingDate": "2019-05-30",
    "acceptedDate": "2019-05-30 09:25:06",
    "calendarYear": "2019",
    "period": "FY",
    "revenue": 2782170000,
    "costOfRevenue": 1607184000,
    "grossProfit": 1174986000,
    "grossProfitRatio": 0.4223271763,
    "researchAndDevelopmentExpenses": 63038000,
    "generalAndAdministrativeExpenses": 0,
    "sellingAndMarketingExpenses": 0,
    "sellingGeneralAndAdministrativeExpenses": 669937000,
    "otherExpenses": 30987000,
    "operatingExpenses": 763962000,
    "costAndExpenses": 2371146000,
    "interestIncome": 3020000,
    "interestExpense": 45015000,
    "depreciationAndAmortization": 225921000,
    "ebitda": 639965000,
    "ebitdaratio": 0.2300236865,
    "operatingIncome": 411024000,
    "operatingIncomeRatio": 0.1477350414,
    "totalOtherIncomeExpensesNet": -41995000,
    "incomeBeforeTax": 369029000,
    "incomeBeforeTaxRatio": 0.1326407085,
    "incomeTaxExpense": 64283000,
    "netIncome": 304051000,
    "netIncomeRatio": 0.1092855577,
    "eps": 3.59,
    "epsdiluted": 3.56,
    "weightedAverageShsOut": 84577000,
    "weightedAverageShsOutDil": 85468000,
    "link": "https://www.sec.gov/Archives/edgar/data/1757898/000175789819000005/0001757898-19-000005-index.htm",
    "finalLink": "https://www.sec.gov/Archives/edgar/data/1757898/000175789819000005/ste3312019.htm"
  },
  {
    "date": "2018-03-31",
    "symbol": "STE",
    "reportedCurrency": "USD",
    "cik": "0001757898",
    "fillingDate": "2018-03-31",
    "acceptedDate": "2018-03-31 00:00:00",
    "calendarYear": "2018",
    "period": "FY",
    "revenue": 2619996000,
    "costOfRevenue": 1527250000,
    "grossProfit": 1092746000,
    "grossProfitRatio": 0.4170792627,
    "researchAndDevelopmentExpenses": 60782000,
    "generalAndAdministrativeExpenses": 0,
    "sellingAndMarketingExpenses": 0,
    "sellingGeneralAndAdministrativeExpenses": 631978000,
    "otherExpenses": 103000,
    "operatingExpenses": 692863000,
    "costAndExpenses": 2220113000,
    "interestIncome": 5728000,
    "interestExpense": 50629000,
    "depreciationAndAmortization": 178332000,
    "ebitda": 583943000,
    "ebitdaratio": 0.2228793479,
    "operatingIncome": 399883000,
    "operatingIncomeRatio": 0.1526273323,
    "totalOtherIncomeExpensesNet": -44901000,
    "incomeBeforeTax": 354982000,
    "incomeBeforeTaxRatio": 0.1354895198,
    "incomeTaxExpense": 63360000,
    "netIncome": 290915000,
    "netIncomeRatio": 0.1110364291,
    "eps": 3.42,
    "epsdiluted": 3.39,
    "weightedAverageShsOut": 85028000,
    "weightedAverageShsOutDil": 85713000,
    "link": null,
    "finalLink": null
  },
  {
    "date": "2017-03-31",
    "symbol": "STE",
    "reportedCurrency": "USD",
    "cik": "0001757898",
    "fillingDate": "2017-03-31",
    "acceptedDate": "2017-03-31 00:00:00",
    "calendarYear": "2017",
    "period": "FY",
    "revenue": 2612756000,
    "costOfRevenue": 1586543000,
    "grossProfit": 1026213000,
    "grossProfitRatio": 0.3927703161,
    "researchAndDevelopmentExpenses": 59397000,
    "generalAndAdministrativeExpenses": 0,
    "sellingAndMarketingExpenses": 0,
    "sellingGeneralAndAdministrativeExpenses": 682039000,
    "otherExpenses": 58571000,
    "operatingExpenses": 800007000,
    "costAndExpenses": 2386550000,
    "interestIncome": 2960000,
    "interestExpense": 44520000,
    "depreciationAndAmortization": 188142000,
    "ebitda": 417308000,
    "ebitdaratio": 0.1597194686,
    "operatingIncome": 226206000,
    "operatingIncomeRatio": 0.0865775449,
    "totalOtherIncomeExpensesNet": -41560000,
    "incomeBeforeTax": 184646000,
    "incomeBeforeTaxRatio": 0.0706709697,
    "incomeTaxExpense": 74015000,
    "netIncome": 109965000,
    "netIncomeRatio": 0.0420877418,
    "eps": 1.29,
    "epsdiluted": 1.28,
    "weightedAverageShsOut": 85473000,
    "weightedAverageShsOutDil": 86094000,
    "link": null,
    "finalLink": null
  },
  {
    "date": "2016-03-31",
    "symbol": "STE",
    "reportedCurrency": "USD",
    "cik": "0001757898",
    "fillingDate": "2016-03-31",
    "acceptedDate": "2016-03-31 00:00:00",
    "calendarYear": "2016",
    "period": "FY",
    "revenue": 2238764000,
    "costOfRevenue": 1343283000,
    "grossProfit": 895481000,
    "grossProfitRatio": 0.3999890118,
    "researchAndDevelopmentExpenses": 56664000,
    "generalAndAdministrativeExpenses": 0,
    "sellingAndMarketingExpenses": 0,
    "sellingGeneralAndAdministrativeExpenses": 626710000,
    "otherExpenses": -820000,
    "operatingExpenses": 682554000,
    "costAndExpenses": 2025837000,
    "interestIncome": 1665000,
    "interestExpense": 42708000,
    "depreciationAndAmortization": 143740000,
    "ebitda": 358332000,
    "ebitdaratio": 0.1600579606,
    "operatingIncome": 212927000,
    "operatingIncomeRatio": 0.0951091763,
    "totalOtherIncomeExpensesNet": -41043000,
    "incomeBeforeTax": 171884000,
    "incomeBeforeTaxRatio": 0.0767762926,
    "incomeTaxExpense": 60299000,
    "netIncome": 110763000,
    "netIncomeRatio": 0.0494750675,
    "eps": 1.57,
    "epsdiluted": 1.56,
    "weightedAverageShsOut": 70698000,
    "weightedAverageShsOutDil": 71184000,
    "link": null,
    "finalLink": null
  },
  {
    "date": "2015-03-31",
    "symbol": "STE",
    "reportedCurrency": "USD",
    "cik": "0001757898",
    "fillingDate": "2015-03-31",
    "acceptedDate": "2015-03-31 00:00:00",
    "calendarYear": "2015",
    "period": "FY",
    "revenue": 1850263000,
    "costOfRevenue": 1075962000,
    "grossProfit": 774301000,
    "grossProfitRatio": 0.4184815888,
    "researchAndDevelopmentExpenses": 54139000,
    "generalAndAdministrativeExpenses": 0,
    "sellingAndMarketingExpenses": 0,
    "sellingGeneralAndAdministrativeExpenses": 493342000,
    "otherExpenses": -391000,
    "operatingExpenses": 547090000,
    "costAndExpenses": 1623052000,
    "interestIncome": 796000,
    "interestExpense": 19187000,
    "depreciationAndAmortization": 91541000,
    "ebitda": 319548000,
    "ebitdaratio": 0.1727040967,
    "operatingIncome": 227211000,
    "operatingIncomeRatio": 0.1227992993,
    "totalOtherIncomeExpensesNet": -18391000,
    "incomeBeforeTax": 208820000,
    "incomeBeforeTaxRatio": 0.1128596313,
    "incomeTaxExpense": 73756000,
    "netIncome": 135064000,
    "netIncomeRatio": 0.0729971901,
    "eps": 2.27,
    "epsdiluted": 2.25,
    "weightedAverageShsOut": 59413000,
    "weightedAverageShsOutDil": 60045000,
    "link": null,
    "finalLink": null
  },
  {
    "date": "2014-03-31",
    "symbol": "STE",
    "reportedCurrency": "USD",
    "cik": "0001757898",
    "fillingDate": "2014-03-31",
    "acceptedDate": "2014-03-31 00:00:00",
    "calendarYear": "2014",
    "period": "FY",
    "revenue": 1622252000,
    "costOfRevenue": 972630000,
    "grossProfit": 649622000,
    "grossProfitRatio": 0.4004445672,
    "researchAndDevelopmentExpenses": 48641000,
    "generalAndAdministrativeExpenses": 0,
    "sellingAndMarketingExpenses": 0,
    "sellingGeneralAndAdministrativeExpenses": 380970000,
    "otherExpenses": 13204000,
    "operatingExpenses": 442815000,
    "costAndExpenses": 1415445000,
    "interestIncome": 339000,
    "interestExpense": 18770000,
    "depreciationAndAmortization": 75649000,
    "ebitda": 282795000,
    "ebitdaratio": 0.174322485,
    "operatingIncome": 206807000,
    "operatingIncomeRatio": 0.1274814271,
    "totalOtherIncomeExpensesNet": -18431000,
    "incomeBeforeTax": 188376000,
    "incomeBeforeTaxRatio": 0.1161200603,
    "incomeTaxExpense": 58934000,
    "netIncome": 129442000,
    "netIncomeRatio": 0.079791549,
    "eps": 2.2,
    "epsdiluted": 2.17,
    "weightedAverageShsOut": 58966000,
    "weightedAverageShsOutDil": 59745000,
    "link": null,
    "finalLink": null
  },
  {
    "date": "2013-03-31",
    "symbol": "STE",
    "reportedCurrency": "USD",
    "cik": "0001757898",
    "fillingDate": "2013-03-31",
    "acceptedDate": "2013-03-31 00:00:00",
    "calendarYear": "2013",
    "period": "FY",
    "revenue": 1501902000,
    "costOfRevenue": 880639000,
    "grossProfit": 621263000,
    "grossProfitRatio": 0.4136508241,
    "researchAndDevelopmentExpenses": 41305000,
    "generalAndAdministrativeExpenses": 0,
    "sellingAndMarketingExpenses": 0,
    "sellingGeneralAndAdministrativeExpenses": 337694000,
    "otherExpenses": -565000,
    "operatingExpenses": 378434000,
    "costAndExpenses": 1259073000,
    "interestIncome": 0,
    "interestExpense": 15731000,
    "depreciationAndAmortization": 69035000,
    "ebitda": 311864000,
    "ebitdaratio": 0.2076460382,
    "operatingIncome": 242829000,
    "operatingIncomeRatio": 0.1616809885,
    "totalOtherIncomeExpensesNet": -15731000,
    "incomeBeforeTax": 227098000,
    "incomeBeforeTaxRatio": 0.1512069363,
    "incomeTaxExpense": 67121000,
    "netIncome": 159977000,
    "netIncomeRatio": 0.1065162707,
    "eps": 2.74,
    "epsdiluted": 2.72,
    "weightedAverageShsOut": 58305000,
    "weightedAverageShsOutDil": 58844000,
    "link": null,
    "finalLink": null
  },
  {
    "date": "2012-03-31",
    "symbol": "STE",
    "reportedCurrency": "USD",
    "cik": "0001757898",
    "fillingDate": "2012-03-31",
    "acceptedDate": "2012-03-31 00:00:00",
    "calendarYear": "2012",
    "period": "FY",
    "revenue": 1406810000,
    "costOfRevenue": 838345000,
    "grossProfit": 568465000,
    "grossProfitRatio": 0.4040808638,
    "researchAndDevelopmentExpenses": 35953000,
    "generalAndAdministrativeExpenses": 0,
    "sellingAndMarketingExpenses": 0,
    "sellingGeneralAndAdministrativeExpenses": 309552000,
    "otherExpenses": 644000,
    "operatingExpenses": 346149000,
    "costAndExpenses": 1184494000,
    "interestIncome": 857000,
    "interestExpense": 12065000,
    "depreciationAndAmortization": 62906000,
    "ebitda": 286079000,
    "ebitdaratio": 0.2033529759,
    "operatingIncome": 222316000,
    "operatingIncomeRatio": 0.1580284473,
    "totalOtherIncomeExpensesNet": -11208000,
    "incomeBeforeTax": 211108000,
    "incomeBeforeTaxRatio": 0.1500614866,
    "incomeTaxExpense": 74993000,
    "netIncome": 136115000,
    "netIncomeRatio": 0.0967543592,
    "eps": 2.33,
    "epsdiluted": 2.31,
    "weightedAverageShsOut": 58367000,
    "weightedAverageShsOutDil": 58963000,
    "link": null,
    "finalLink": null
  },
  {
    "date": "2011-03-31",
    "symbol": "STE",
    "reportedCurrency": "USD",
    "cik": "0001757898",
    "fillingDate": "2011-03-31",
    "acceptedDate": "2011-03-31 00:00:00",
    "calendarYear": "2011",
    "period": "FY",
    "revenue": 1207448000,
    "costOfRevenue": 761286000,
    "grossProfit": 446162000,
    "grossProfitRatio": 0.3695082521,
    "researchAndDevelopmentExpenses": 34280000,
    "generalAndAdministrativeExpenses": 0,
    "sellingAndMarketingExpenses": 0,
    "sellingGeneralAndAdministrativeExpenses": 325468000,
    "otherExpenses": 1202000,
    "operatingExpenses": 360950000,
    "costAndExpenses": 1122236000,
    "interestIncome": 607000,
    "interestExpense": 12000000,
    "depreciationAndAmortization": 54389000,
    "ebitda": 140208000,
    "ebitdaratio": 0.1161192863,
    "operatingIncome": 85212000,
    "operatingIncomeRatio": 0.0705719832,
    "totalOtherIncomeExpensesNet": -11393000,
    "incomeBeforeTax": 73819000,
    "incomeBeforeTaxRatio": 0.0611363802,
    "incomeTaxExpense": 22554000,
    "netIncome": 51265000,
    "netIncomeRatio": 0.0424573149,
    "eps": 0.86,
    "epsdiluted": 0.85,
    "weightedAverageShsOut": 59306000,
    "weightedAverageShsOutDil": 60148000,
    "link": null,
    "finalLink": null
  },
  {
    "date": "2010-03-31",
    "symbol": "STE",
    "reportedCurrency": "USD",
    "cik": "0001757898",
    "fillingDate": "2010-03-31",
    "acceptedDate": "2010-03-31 00:00:00",
    "calendarYear": "2010",
    "period": "FY",
    "revenue": 1257733000,
    "costOfRevenue": 718552000,
    "grossProfit": 539181000,
    "grossProfitRatio": 0.4286927353,
    "researchAndDevelopmentExpenses": 34008000,
    "generalAndAdministrativeExpenses": 0,
    "sellingAndMarketingExpenses": 0,
    "sellingGeneralAndAdministrativeExpenses": 296613000,
    "otherExpenses": 4848000,
    "operatingExpenses": 335469000,
    "costAndExpenses": 1054021000,
    "interestIncome": 1275000,
    "interestExpense": 13171000,
    "depreciationAndAmortization": 56218000,
    "ebitda": 261205000,
    "ebitdaratio": 0.2076792133,
    "operatingIncome": 203712000,
    "operatingIncomeRatio": 0.1619676036,
    "totalOtherIncomeExpensesNet": -11896000,
    "incomeBeforeTax": 191816000,
    "incomeBeforeTaxRatio": 0.1525093164,
    "incomeTaxExpense": 63349000,
    "netIncome": 128467000,
    "netIncomeRatio": 0.1021417105,
    "eps": 2.18,
    "epsdiluted": 2.16,
    "weightedAverageShsOut": 58826000,
    "weightedAverageShsOutDil": 59423000,
    "link": null,
    "finalLink": null
  },
  {
    "date": "2009-03-31",
    "symbol": "STE",
    "reportedCurrency": "USD",
    "cik": "0001757898",
    "fillingDate": "2009-03-31",
    "acceptedDate": "2009-03-31 00:00:00",
    "calendarYear": "2009",
    "period": "FY",
    "revenue": 1298525000,
    "costOfRevenue": 771783000,
    "grossProfit": 526742000,
    "grossProfitRatio": 0.4056464065,
    "researchAndDevelopmentExpenses": 32760000,
    "generalAndAdministrativeExpenses": 0,
    "sellingAndMarketingExpenses": 0,
    "sellingGeneralAndAdministrativeExpenses": 314983000,
    "otherExpenses": 3554000,
    "operatingExpenses": 351297000,
    "costAndExpenses": 1123080000,
    "interestIncome": 1603000,
    "interestExpense": 10563000,
    "depreciationAndAmortization": 58773000,
    "ebitda": 235821000,
    "ebitdaratio": 0.1816068231,
    "operatingIncome": 175445000,
    "operatingIncomeRatio": 0.1351109913,
    "totalOtherIncomeExpensesNet": -8960000,
    "incomeBeforeTax": 166485000,
    "incomeBeforeTaxRatio": 0.1282108546,
    "incomeTaxExpense": 55800000,
    "netIncome": 110685000,
    "netIncomeRatio": 0.0852390212,
    "eps": 1.88,
    "epsdiluted": 1.86,
    "weightedAverageShsOut": 58778000,
    "weightedAverageShsOutDil": 59448000,
    "link": null,
    "finalLink": null
  },
  {
    "date": "2008-03-31",
    "symbol": "STE",
    "reportedCurrency": "USD",
    "cik": "0001757898",
    "fillingDate": "2008-03-31",
    "acceptedDate": "2008-03-31 00:00:00",
    "calendarYear": "2008",
    "period": "FY",
    "revenue": 1265090000,
    "costOfRevenue": 741133000,
    "grossProfit": 523957000,
    "grossProfitRatio": 0.4141657906,
    "researchAndDevelopmentExpenses": 36916000,
    "generalAndAdministrativeExpenses": 0,
    "sellingAndMarketingExpenses": 0,
    "sellingGeneralAndAdministrativeExpenses": 348035000,
    "otherExpenses": 15461000,
    "operatingExpenses": 400412000,
    "costAndExpenses": 1141545000,
    "interestIncome": 0,
    "interestExpense": 0,
    "depreciationAndAmortization": 62778000,
    "ebitda": 201784000,
    "ebitdaratio": 0.1595016955,
    "operatingIncome": 123545000,
    "operatingIncomeRatio": 0.0976570837,
    "totalOtherIncomeExpensesNet": -3746000,
    "incomeBeforeTax": 119799000,
    "incomeBeforeTaxRatio": 0.0946960295,
    "incomeTaxExpense": 42693000,
    "netIncome": 77106000,
    "netIncomeRatio": 0.0609490234,
    "eps": 1.22,
    "epsdiluted": 1.2,
    "weightedAverageShsOut": 63202000,
    "weightedAverageShsOutDil": 64255000,
    "link": null,
    "finalLink": null
  },
  {
    "date": "2007-03-31",
    "symbol": "STE",
    "reportedCurrency": "USD",
    "cik": "0001757898",
    "fillingDate": "2007-03-31",
    "acceptedDate": "2007-03-31 00:00:00",
    "calendarYear": "2007",
    "period": "FY",
    "revenue": 1197407000,
    "costOfRevenue": 692600000,
    "grossProfit": 504807000,
    "grossProfitRatio": 0.4215834716,
    "researchAndDevelopmentExpenses": 33626000,
    "generalAndAdministrativeExpenses": 0,
    "sellingAndMarketingExpenses": 0,
    "sellingGeneralAndAdministrativeExpenses": 326896000,
    "otherExpenses": 6584000,
    "operatingExpenses": 367106000,
    "costAndExpenses": 1059706000,
    "interestIncome": 0,
    "interestExpense": 0,
    "depreciationAndAmortization": 60257000,
    "ebitda": 204542000,
    "ebitdaratio": 0.1708207819,
    "operatingIncome": 137701000,
    "operatingIncomeRatio": 0.1149993277,
    "totalOtherIncomeExpensesNet": -4771000,
    "incomeBeforeTax": 132930000,
    "incomeBeforeTaxRatio": 0.1110148847,
    "incomeTaxExpense": 51833000,
    "netIncome": 82155000,
    "netIncomeRatio": 0.0686107564,
    "eps": 1.26,
    "epsdiluted": 1.25,
    "weightedAverageShsOut": 65202000,
    "weightedAverageShsOutDil": 65724000,
    "link": null,
    "finalLink": null
  },
  {
    "date": "2006-03-31",
    "symbol": "STE",
    "reportedCurrency": "USD",
    "cik": "0001757898",
    "fillingDate": "2006-03-31",
    "acceptedDate": "2006-03-31 00:00:00",
    "calendarYear": "2006",
    "period": "FY",
    "revenue": 1160285000,
    "costOfRevenue": 676100000,
    "grossProfit": 484185000,
    "grossProfitRatio": 0.4172983362,
    "researchAndDevelopmentExpenses": 33597000,
    "generalAndAdministrativeExpenses": 0,
    "sellingAndMarketingExpenses": 0,
    "sellingGeneralAndAdministrativeExpenses": 315582000,
    "otherExpenses": 25308000,
    "operatingExpenses": 374487000,
    "costAndExpenses": 1050587000,
    "interestIncome": 0,
    "interestExpense": 0,
    "depreciationAndAmortization": 57919000,
    "ebitda": 192925000,
    "ebitdaratio": 0.1662738034,
    "operatingIncome": 109698000,
    "operatingIncomeRatio": 0.0945440129,
    "totalOtherIncomeExpensesNet": -1580000,
    "incomeBeforeTax": 108118000,
    "incomeBeforeTaxRatio": 0.0931822785,
    "incomeTaxExpense": 45172000,
    "netIncome": 70289000,
    "netIncomeRatio": 0.0605790819,
    "eps": 1.03,
    "epsdiluted": 1.02,
    "weightedAverageShsOut": 68242000,
    "weightedAverageShsOutDil": 68911000,
    "link": null,
    "finalLink": null
  },
  {
    "date": "2005-03-31",
    "symbol": "STE",
    "reportedCurrency": "USD",
    "cik": "0001757898",
    "fillingDate": "2005-03-31",
    "acceptedDate": "2005-03-31 00:00:00",
    "calendarYear": "2005",
    "period": "FY",
    "revenue": 1081674000,
    "costOfRevenue": 619753000,
    "grossProfit": 461921000,
    "grossProfitRatio": 0.4270427134,
    "researchAndDevelopmentExpenses": 31509000,
    "generalAndAdministrativeExpenses": 0,
    "sellingAndMarketingExpenses": 0,
    "sellingGeneralAndAdministrativeExpenses": 289068000,
    "otherExpenses": 0,
    "operatingExpenses": 320577000,
    "costAndExpenses": 940330000,
    "interestIncome": 0,
    "interestExpense": 0,
    "depreciationAndAmortization": 51192000,
    "ebitda": 192536000,
    "ebitdaratio": 0.1779981769,
    "operatingIncome": 141344000,
    "operatingIncomeRatio": 0.1306715332,
    "totalOtherIncomeExpensesNet": -3052000,
    "incomeBeforeTax": 138292000,
    "incomeBeforeTaxRatio": 0.1278499807,
    "incomeTaxExpense": 54620000,
    "netIncome": 85980000,
    "netIncomeRatio": 0.0794879049,
    "eps": 1.24,
    "epsdiluted": 1.23,
    "weightedAverageShsOut": 69339000,
    "weightedAverageShsOutDil": 69902000,
    "link": null,
    "finalLink": null
  },
  {
    "date": "2004-03-31",
    "symbol": "STE",
    "reportedCurrency": "USD",
    "cik": "0001757898",
    "fillingDate": "2004-03-31",
    "acceptedDate": "2004-03-31 00:00:00",
    "calendarYear": "2004",
    "period": "FY",
    "revenue": 1031908000,
    "costOfRevenue": 588008000,
    "grossProfit": 443900000,
    "grossProfitRatio": 0.4301740078,
    "researchAndDevelopmentExpenses": 27623000,
    "generalAndAdministrativeExpenses": 0,
    "sellingAndMarketingExpenses": 0,
    "sellingGeneralAndAdministrativeExpenses": 287517000,
    "otherExpenses": 0,
    "operatingExpenses": 315140000,
    "costAndExpenses": 903148000,
    "interestIncome": 0,
    "interestExpense": 0,
    "depreciationAndAmortization": 48683000,
    "ebitda": 177443000,
    "ebitdaratio": 0.1719562209,
    "operatingIncome": 128760000,
    "operatingIncomeRatio": 0.1247785655,
    "totalOtherIncomeExpensesNet": -2272000,
    "incomeBeforeTax": 126488000,
    "incomeBeforeTaxRatio": 0.1225768189,
    "incomeTaxExpense": 40182000,
    "netIncome": 94243000,
    "netIncomeRatio": 0.0913288782,
    "eps": 1.36,
    "epsdiluted": 1.33,
    "weightedAverageShsOut": 69296000,
    "weightedAverageShsOutDil": 70859000,
    "link": null,
    "finalLink": null
  },
  {
    "date": "2003-03-31",
    "symbol": "STE",
    "reportedCurrency": "USD",
    "cik": "0001757898",
    "fillingDate": "2003-03-31",
    "acceptedDate": "2003-03-31 00:00:00",
    "calendarYear": "2003",
    "period": "FY",
    "revenue": 972087000,
    "costOfRevenue": 563266000,
    "grossProfit": 408821000,
    "grossProfitRatio": 0.4205600939,
    "researchAndDevelopmentExpenses": 25525000,
    "generalAndAdministrativeExpenses": 0,
    "sellingAndMarketingExpenses": 0,
    "sellingGeneralAndAdministrativeExpenses": 257527000,
    "otherExpenses": 0,
    "operatingExpenses": 283052000,
    "costAndExpenses": 846318000,
    "interestIncome": 0,
    "interestExpense": 0,
    "depreciationAndAmortization": 46515000,
    "ebitda": 172284000,
    "ebitdaratio": 0.1772310503,
    "operatingIncome": 125769000,
    "operatingIncomeRatio": 0.129380395,
    "totalOtherIncomeExpensesNet": -1651000,
    "incomeBeforeTax": 124118000,
    "incomeBeforeTaxRatio": 0.1276819873,
    "incomeTaxExpense": 44682000,
    "netIncome": 79436000,
    "netIncomeRatio": 0.0817169657,
    "eps": 1.14,
    "epsdiluted": 1.12,
    "weightedAverageShsOut": 69681000,
    "weightedAverageShsOutDil": 70925000,
    "link": null,
    "finalLink": null
  },
  {
    "date": "2002-03-31",
    "symbol": "STE",
    "reportedCurrency": "USD",
    "cik": "0001757898",
    "fillingDate": "2002-03-31",
    "acceptedDate": "2002-03-31 00:00:00",
    "calendarYear": "2002",
    "period": "FY",
    "revenue": 866697000,
    "costOfRevenue": 511496000,
    "grossProfit": 355201000,
    "grossProfitRatio": 0.4098329635,
    "researchAndDevelopmentExpenses": 21706000,
    "generalAndAdministrativeExpenses": 0,
    "sellingAndMarketingExpenses": 0,
    "sellingGeneralAndAdministrativeExpenses": 252882000,
    "otherExpenses": 0,
    "operatingExpenses": 274588000,
    "costAndExpenses": 786084000,
    "interestIncome": 0,
    "interestExpense": 0,
    "depreciationAndAmortization": 46884000,
    "ebitda": 127497000,
    "ebitdaratio": 0.1471067743,
    "operatingIncome": 80613000,
    "operatingIncomeRatio": 0.0930117446,
    "totalOtherIncomeExpensesNet": -7276000,
    "incomeBeforeTax": 73337000,
    "incomeBeforeTaxRatio": 0.0846166538,
    "incomeTaxExpense": 27135000,
    "netIncome": 46202000,
    "netIncomeRatio": 0.0533081342,
    "eps": 0.67,
    "epsdiluted": 0.65,
    "weightedAverageShsOut": 68958000,
    "weightedAverageShsOutDil": 71080000,
    "link": null,
    "finalLink": null
  },
  {
    "date": "2001-03-31",
    "symbol": "STE",
    "reportedCurrency": "USD",
    "cik": "0001757898",
    "fillingDate": "2001-03-31",
    "acceptedDate": "2001-03-31 00:00:00",
    "calendarYear": "2001",
    "period": "FY",
    "revenue": 800087000,
    "costOfRevenue": 425576000,
    "grossProfit": 374511000,
    "grossProfitRatio": 0.4680878454,
    "researchAndDevelopmentExpenses": 23975000,
    "generalAndAdministrativeExpenses": 0,
    "sellingAndMarketingExpenses": 0,
    "sellingGeneralAndAdministrativeExpenses": 279791000,
    "otherExpenses": 46571000,
    "operatingExpenses": 350337000,
    "costAndExpenses": 775913000,
    "interestIncome": 0,
    "interestExpense": 0,
    "depreciationAndAmortization": 46571000,
    "ebitda": 117316000,
    "ebitdaratio": 0.1466290541,
    "operatingIncome": 24174000,
    "operatingIncomeRatio": 0.0302142142,
    "totalOtherIncomeExpensesNet": -18417000,
    "incomeBeforeTax": 5757000,
    "incomeBeforeTaxRatio": 0.0071954675,
    "incomeTaxExpense": 4440000,
    "netIncome": 1317000,
    "netIncomeRatio": 0.001646071,
    "eps": 0.02,
    "epsdiluted": 0.02,
    "weightedAverageShsOut": 65850000,
    "weightedAverageShsOutDil": 65850000,
    "link": null,
    "finalLink": null
  },
  {
    "date": "2000-03-31",
    "symbol": "STE",
    "reportedCurrency": "USD",
    "cik": "0001757898",
    "fillingDate": "2000-03-31",
    "acceptedDate": "2000-03-31 00:00:00",
    "calendarYear": "2000",
    "period": "FY",
    "revenue": 760626000,
    "costOfRevenue": 405529000,
    "grossProfit": 355097000,
    "grossProfitRatio": 0.4668483591,
    "researchAndDevelopmentExpenses": 24169000,
    "generalAndAdministrativeExpenses": 0,
    "sellingAndMarketingExpenses": 0,
    "sellingGeneralAndAdministrativeExpenses": 261550000,
    "otherExpenses": 39672000,
    "operatingExpenses": 325391000,
    "costAndExpenses": 730920000,
    "interestIncome": 0,
    "interestExpense": 0,
    "depreciationAndAmortization": 39672000,
    "ebitda": 69378000,
    "ebitdaratio": 0.0912117125,
    "operatingIncome": 29706000,
    "operatingIncomeRatio": 0.0390546734,
    "totalOtherIncomeExpensesNet": -12794000,
    "incomeBeforeTax": 16912000,
    "incomeBeforeTaxRatio": 0.0222343175,
    "incomeTaxExpense": 6427000,
    "netIncome": 10485000,
    "netIncomeRatio": 0.0137846984,
    "eps": 0.16,
    "epsdiluted": 0.15,
    "weightedAverageShsOut": 65531000,
    "weightedAverageShsOutDil": 69900000,
    "link": null,
    "finalLink": null
  },
  {
    "date": "1999-03-31",
    "symbol": "STE",
    "reportedCurrency": "USD",
    "cik": "0001757898",
    "fillingDate": "1999-03-31",
    "acceptedDate": "1999-03-31 00:00:00",
    "calendarYear": "1999",
    "period": "FY",
    "revenue": 797600000,
    "costOfRevenue": 395700000,
    "grossProfit": 401900000,
    "grossProfitRatio": 0.50388666,
    "researchAndDevelopmentExpenses": 24800000,
    "generalAndAdministrativeExpenses": 0,
    "sellingAndMarketingExpenses": 0,
    "sellingGeneralAndAdministrativeExpenses": 207400000,
    "otherExpenses": 33300000,
    "operatingExpenses": 265500000,
    "costAndExpenses": 661200000,
    "interestIncome": 0,
    "interestExpense": 0,
    "depreciationAndAmortization": 33300000,
    "ebitda": 169700000,
    "ebitdaratio": 0.2127632899,
    "operatingIncome": 136400000,
    "operatingIncomeRatio": 0.1710130391,
    "totalOtherIncomeExpensesNet": -9200000,
    "incomeBeforeTax": 127200000,
    "incomeBeforeTaxRatio": 0.1594784353,
    "incomeTaxExpense": 42300000,
    "netIncome": 84900000,
    "netIncomeRatio": 0.106444333,
    "eps": 1.24,
    "epsdiluted": 1.2,
    "weightedAverageShsOut": 68468000,
    "weightedAverageShsOutDil": 70750000,
    "link": null,
    "finalLink": null
  },
  {
    "date": "1998-03-31",
    "symbol": "STE",
    "reportedCurrency": "USD",
    "cik": "0001757898",
    "fillingDate": "1998-03-31",
    "acceptedDate": "1998-03-31 00:00:00",
    "calendarYear": "1998",
    "period": "FY",
    "revenue": 719700000,
    "costOfRevenue": 370900000,
    "grossProfit": 348800000,
    "grossProfitRatio": 0.4846463804,
    "researchAndDevelopmentExpenses": 23900000,
    "generalAndAdministrativeExpenses": 0,
    "sellingAndMarketingExpenses": 0,
    "sellingGeneralAndAdministrativeExpenses": 188000000,
    "otherExpenses": 24200000,
    "operatingExpenses": 236100000,
    "costAndExpenses": 607000000,
    "interestIncome": 0,
    "interestExpense": 0,
    "depreciationAndAmortization": 24200000,
    "ebitda": 136900000,
    "ebitdaratio": 0.1902181464,
    "operatingIncome": 112700000,
    "operatingIncomeRatio": 0.1565930249,
    "totalOtherIncomeExpensesNet": -5300000,
    "incomeBeforeTax": 107400000,
    "incomeBeforeTaxRatio": 0.1492288454,
    "incomeTaxExpense": 41900000,
    "netIncome": 65496000,
    "netIncomeRatio": 0.0910045852,
    "eps": 0.95,
    "epsdiluted": 0.95,
    "weightedAverageShsOut": 68799000,
    "weightedAverageShsOutDil": 68799000,
    "link": null,
    "finalLink": null
  },
  {
    "date": "1997-03-31",
    "symbol": "STE",
    "reportedCurrency": "USD",
    "cik": "0001757898",
    "fillingDate": "1997-03-31",
    "acceptedDate": "1997-03-31 00:00:00",
    "calendarYear": "1997",
    "period": "FY",
    "revenue": 587900000,
    "costOfRevenue": 339500000,
    "grossProfit": 248400000,
    "grossProfitRatio": 0.4225208369,
    "researchAndDevelopmentExpenses": 22000000,
    "generalAndAdministrativeExpenses": 0,
    "sellingAndMarketingExpenses": 0,
    "sellingGeneralAndAdministrativeExpenses": 125500000,
    "otherExpenses": 16500000,
    "operatingExpenses": 164000000,
    "costAndExpenses": 503500000,
    "interestIncome": 0,
    "interestExpense": 0,
    "depreciationAndAmortization": 16500000,
    "ebitda": 100900000,
    "ebitdaratio": 0.1716278279,
    "operatingIncome": 84400000,
    "operatingIncomeRatio": 0.1435618302,
    "totalOtherIncomeExpensesNet": -89300000,
    "incomeBeforeTax": -4900000,
    "incomeBeforeTaxRatio": -0.0083347508,
    "incomeTaxExpense": 25700000,
    "netIncome": -30600000,
    "netIncomeRatio": -0.0520496683,
    "eps": -0.45,
    "epsdiluted": -0.45,
    "weightedAverageShsOut": 67968000,
    "weightedAverageShsOutDil": 67968000,
    "link": null,
    "finalLink": null
  },
  {
    "date": "1996-03-31",
    "symbol": "STE",
    "reportedCurrency": "USD",
    "cik": "0001757898",
    "fillingDate": "1996-03-31",
    "acceptedDate": "1996-03-31 00:00:00",
    "calendarYear": "1996",
    "period": "FY",
    "revenue": 534600000,
    "costOfRevenue": 312200000,
    "grossProfit": 222400000,
    "grossProfitRatio": 0.4160119716,
    "researchAndDevelopmentExpenses": 17900000,
    "generalAndAdministrativeExpenses": 0,
    "sellingAndMarketingExpenses": 0,
    "sellingGeneralAndAdministrativeExpenses": 115000000,
    "otherExpenses": 19700000,
    "operatingExpenses": 152600000,
    "costAndExpenses": 464800000,
    "interestIncome": 0,
    "interestExpense": 0,
    "depreciationAndAmortization": 19700000,
    "ebitda": 89500000,
    "ebitdaratio": 0.1674148896,
    "operatingIncome": 69800000,
    "operatingIncomeRatio": 0.1305649083,
    "totalOtherIncomeExpensesNet": 200000,
    "incomeBeforeTax": 70000000,
    "incomeBeforeTaxRatio": 0.1309390198,
    "incomeTaxExpense": 29200000,
    "netIncome": 40800000,
    "netIncomeRatio": 0.076318743,
    "eps": 0.3,
    "epsdiluted": 0.3,
    "weightedAverageShsOut": 35888000,
    "weightedAverageShsOutDil": 35888000,
    "link": null,
    "finalLink": null
  },
  {
    "date": "1995-03-31",
    "symbol": "STE",
    "reportedCurrency": "USD",
    "cik": "0001757898",
    "fillingDate": "1995-03-31",
    "acceptedDate": "1995-03-31 00:00:00",
    "calendarYear": "1995",
    "period": "FY",
    "revenue": 545800000,
    "costOfRevenue": 322400000,
    "grossProfit": 223400000,
    "grossProfitRatio": 0.4093074386,
    "researchAndDevelopmentExpenses": 17300000,
    "generalAndAdministrativeExpenses": 0,
    "sellingAndMarketingExpenses": 0,
    "sellingGeneralAndAdministrativeExpenses": 121800000,
    "otherExpenses": 18500000,
    "operatingExpenses": 157600000,
    "costAndExpenses": 480000000,
    "interestIncome": 0,
    "interestExpense": 0,
    "depreciationAndAmortization": 18500000,
    "ebitda": 84300000,
    "ebitdaratio": 0.1544521803,
    "operatingIncome": 65800000,
    "operatingIncomeRatio": 0.1205569806,
    "totalOtherIncomeExpensesNet": -34800000,
    "incomeBeforeTax": 31000000,
    "incomeBeforeTaxRatio": 0.0567973617,
    "incomeTaxExpense": 15300000,
    "netIncome": -37700000,
    "netIncomeRatio": -0.0690729205,
    "eps": -0.14,
    "epsdiluted": -0.14,
    "weightedAverageShsOut": 35044000,
    "weightedAverageShsOutDil": 35044000,
    "link": null,
    "finalLink": null
  },
  {
    "date": "1994-03-31",
    "symbol": "STE",
    "reportedCurrency": "USD",
    "cik": "0001757898",
    "fillingDate": "1994-03-31",
    "acceptedDate": "1994-03-31 00:00:00",
    "calendarYear": "1994",
    "period": "FY",
    "revenue": 45800000,
    "costOfRevenue": 17200000,
    "grossProfit": 28600000,
    "grossProfitRatio": 0.6244541485,
    "researchAndDevelopmentExpenses": 0,
    "generalAndAdministrativeExpenses": 0,
    "sellingAndMarketingExpenses": 0,
    "sellingGeneralAndAdministrativeExpenses": 19900000,
    "otherExpenses": 700000,
    "operatingExpenses": 20600000,
    "costAndExpenses": 37800000,
    "interestIncome": 0,
    "interestExpense": 0,
    "depreciationAndAmortization": 700000,
    "ebitda": 8700000,
    "ebitdaratio": 0.1899563319,
    "operatingIncome": 8000000,
    "operatingIncomeRatio": 0.1746724891,
    "totalOtherIncomeExpensesNet": 500000,
    "incomeBeforeTax": 8500000,
    "incomeBeforeTaxRatio": 0.1855895197,
    "incomeTaxExpense": 3400000,
    "netIncome": 6300000,
    "netIncomeRatio": 0.1375545852,
    "eps": 0.08,
    "epsdiluted": 0.075,
    "weightedAverageShsOut": 34740000,
    "weightedAverageShsOutDil": 34740000,
    "link": null,
    "finalLink": null
  },
  {
    "date": "1993-03-31",
    "symbol": "STE",
    "reportedCurrency": "USD",
    "cik": "0001757898",
    "fillingDate": "1993-03-31",
    "acceptedDate": "1993-03-31 00:00:00",
    "calendarYear": "1993",
    "period": "FY",
    "revenue": 26700000,
    "costOfRevenue": 10700000,
    "grossProfit": 16000000,
    "grossProfitRatio": 0.5992509363,
    "researchAndDevelopmentExpenses": 0,
    "generalAndAdministrativeExpenses": 0,
    "sellingAndMarketingExpenses": 0,
    "sellingGeneralAndAdministrativeExpenses": 13300000,
    "otherExpenses": 400000,
    "operatingExpenses": 13700000,
    "costAndExpenses": 24400000,
    "interestIncome": 0,
    "interestExpense": 0,
    "depreciationAndAmortization": 400000,
    "ebitda": 2700000,
    "ebitdaratio": 0.1011235955,
    "operatingIncome": 2300000,
    "operatingIncomeRatio": 0.0861423221,
    "totalOtherIncomeExpensesNet": 300000,
    "incomeBeforeTax": 2600000,
    "incomeBeforeTaxRatio": 0.0973782772,
    "incomeTaxExpense": 100000,
    "netIncome": 2500000,
    "netIncomeRatio": 0.0936329588,
    "eps": 0.02,
    "epsdiluted": 0.02,
    "weightedAverageShsOut": 34136000,
    "weightedAverageShsOutDil": 34136000,
    "link": null,
    "finalLink": null
  },
  {
    "date": "1992-03-31",
    "symbol": "STE",
    "reportedCurrency": "USD",
    "cik": "0001757898",
    "fillingDate": "1992-03-31",
    "acceptedDate": "1992-03-31 00:00:00",
    "calendarYear": "1992",
    "period": "FY",
    "revenue": 12900000,
    "costOfRevenue": 5600000,
    "grossProfit": 7300000,
    "grossProfitRatio": 0.5658914729,
    "researchAndDevelopmentExpenses": 0,
    "generalAndAdministrativeExpenses": 0,
    "sellingAndMarketingExpenses": 0,
    "sellingGeneralAndAdministrativeExpenses": 7100000,
    "otherExpenses": 200000,
    "operatingExpenses": 7300000,
    "costAndExpenses": 12900000,
    "interestIncome": 0,
    "interestExpense": 0,
    "depreciationAndAmortization": 200000,
    "ebitda": 200000,
    "ebitdaratio": 0.015503876,
    "operatingIncome": 0,
    "operatingIncomeRatio": 0,
    "totalOtherIncomeExpensesNet": 0,
    "incomeBeforeTax": 0,
    "incomeBeforeTaxRatio": 0,
    "incomeTaxExpense": 0,
    "netIncome": 0,
    "netIncomeRatio": 0,
    "eps": -0.0125,
    "epsdiluted": -0.0125,
    "weightedAverageShsOut": 20000000,
    "weightedAverageShsOutDil": 20000000,
    "link": null,
    "finalLink": null
  },
  {
    "date": "1991-03-31",
    "symbol": "STE",
    "reportedCurrency": "USD",
    "cik": "0001757898",
    "fillingDate": "1991-03-31",
    "acceptedDate": "1991-03-31 00:00:00",
    "calendarYear": "1991",
    "period": "FY",
    "revenue": 8800000,
    "costOfRevenue": 3400000,
    "grossProfit": 5400000,
    "grossProfitRatio": 0.6136363636,
    "researchAndDevelopmentExpenses": 0,
    "generalAndAdministrativeExpenses": 0,
    "sellingAndMarketingExpenses": 0,
    "sellingGeneralAndAdministrativeExpenses": 5000000,
    "otherExpenses": 200000,
    "operatingExpenses": 5200000,
    "costAndExpenses": 8600000,
    "interestIncome": 0,
    "interestExpense": 0,
    "depreciationAndAmortization": 200000,
    "ebitda": 400000,
    "ebitdaratio": 0.0454545455,
    "operatingIncome": 200000,
    "operatingIncomeRatio": 0.0227272727,
    "totalOtherIncomeExpensesNet": -200000,
    "incomeBeforeTax": 0,
    "incomeBeforeTaxRatio": 0,
    "incomeTaxExpense": 0,
    "netIncome": 0,
    "netIncomeRatio": 0,
    "eps": -0.015,
    "epsdiluted": -0.015,
    "weightedAverageShsOut": 13333000,
    "weightedAverageShsOutDil": 13333000,
    "link": null,
    "finalLink": null
  }
]