[
  {
    "date": "2025-06-30",
    "symbol": "STLD",
    "reportedCurrency": "USD",
    "cik": "0001022671",
    "fillingDate": "2025-08-11",
    "acceptedDate": "2025-08-11 14:01:12",
    "calendarYear": "2025",
    "period": "Q2",
    "revenue": 4565123000,
    "costOfRevenue": 3946655000,
    "grossProfit": 618468000,
    "grossProfitRatio": 0.135476744,
    "researchAndDevelopmentExpenses": 0,
    "generalAndAdministrativeExpenses": 198010000,
    "sellingAndMarketingExpenses": 0,
    "sellingGeneralAndAdministrativeExpenses": 198010000,
    "otherExpenses": 37603000,
    "operatingExpenses": 235613000,
    "costAndExpenses": 4182268000,
    "interestIncome": 0,
    "interestExpense": 17381000,
    "depreciationAndAmortization": 132865000,
    "ebitda": 538112000,
    "ebitdaratio": 0.1178745896,
    "operatingIncome": 382855000,
    "operatingIncomeRatio": 0.0838652102,
    "totalOtherIncomeExpensesNet": 5011000,
    "incomeBeforeTax": 387866000,
    "incomeBeforeTaxRatio": 0.0849628805,
    "incomeTaxExpense": 86675000,
    "netIncome": 298726000,
    "netIncomeRatio": 0.065436572,
    "eps": 2,
    "epsdiluted": 2,
    "weightedAverageShsOut": 149325000,
    "weightedAverageShsOutDil": 149325000,
    "link": "https://www.sec.gov/Archives/edgar/data/1022671/000155837025011019/0001558370-25-011019-index.htm",
    "finalLink": "https://www.sec.gov/Archives/edgar/data/1022671/000155837025011019/stld-20250630x10q.htm"
  },
  {
    "date": "2025-03-31",
    "symbol": "STLD",
    "reportedCurrency": "USD",
    "cik": "0001022671",
    "fillingDate": "2025-05-12",
    "acceptedDate": "2025-05-12 15:00:44",
    "calendarYear": "2025",
    "period": "Q1",
    "revenue": 4369195000,
    "costOfRevenue": 3882651000,
    "grossProfit": 486544000,
    "grossProfitRatio": 0.1113578131,
    "researchAndDevelopmentExpenses": 0,
    "generalAndAdministrativeExpenses": 0,
    "sellingAndMarketingExpenses": 0,
    "sellingGeneralAndAdministrativeExpenses": 181808000,
    "otherExpenses": 29592000,
    "operatingExpenses": 211400000,
    "costAndExpenses": 4094051000,
    "interestIncome": 0,
    "interestExpense": 12131000,
    "depreciationAndAmortization": 133756000,
    "ebitda": 426541000,
    "ebitdaratio": 0.0976246196,
    "operatingIncome": 275144000,
    "operatingIncomeRatio": 0.0629736141,
    "totalOtherIncomeExpensesNet": 5510000,
    "incomeBeforeTax": 280654000,
    "incomeBeforeTaxRatio": 0.064234716,
    "incomeTaxExpense": 62975000,
    "netIncome": 217151000,
    "netIncomeRatio": 0.0497004597,
    "eps": 1.45,
    "epsdiluted": 1.44,
    "weightedAverageShsOut": 150262000,
    "weightedAverageShsOutDil": 150262000,
    "link": "https://www.sec.gov/Archives/edgar/data/1022671/000155837025007346/0001558370-25-007346-index.htm",
    "finalLink": "https://www.sec.gov/Archives/edgar/data/1022671/000155837025007346/stld-20250331x10q.htm"
  },
  {
    "date": "2024-12-31",
    "symbol": "STLD",
    "reportedCurrency": "USD",
    "cik": "0001022671",
    "fillingDate": "2025-02-28",
    "acceptedDate": "2025-02-28 08:07:32",
    "calendarYear": "2024",
    "period": "Q4",
    "revenue": 3872138000,
    "costOfRevenue": 3430404000,
    "grossProfit": 441734000,
    "grossProfitRatio": 0.1140801283,
    "researchAndDevelopmentExpenses": 0,
    "generalAndAdministrativeExpenses": 0,
    "sellingAndMarketingExpenses": 0,
    "sellingGeneralAndAdministrativeExpenses": 176904000,
    "otherExpenses": 27328000,
    "operatingExpenses": 204232000,
    "costAndExpenses": 3634636000,
    "interestIncome": 0,
    "interestExpense": 14579000,
    "depreciationAndAmortization": 125550000,
    "ebitda": 384092000,
    "ebitdaratio": 0.0991937787,
    "operatingIncome": 237502000,
    "operatingIncomeRatio": 0.0613361404,
    "totalOtherIncomeExpensesNet": 6461000,
    "incomeBeforeTax": 243963000,
    "incomeBeforeTaxRatio": 0.0630047276,
    "incomeTaxExpense": 34091000,
    "netIncome": 207293000,
    "netIncomeRatio": 0.0535345073,
    "eps": 1.36,
    "epsdiluted": 1.36,
    "weightedAverageShsOut": 152096000,
    "weightedAverageShsOutDil": 152801000,
    "link": "https://www.sec.gov/Archives/edgar/data/1022671/000155837025001886/0001558370-25-001886-index.htm",
    "finalLink": "https://www.sec.gov/Archives/edgar/data/1022671/000155837025001886/stld-20241231x10k.htm"
  },
  {
    "date": "2024-09-30",
    "symbol": "STLD",
    "reportedCurrency": "USD",
    "cik": "0001022671",
    "fillingDate": "2024-11-08",
    "acceptedDate": "2024-11-08 14:00:40",
    "calendarYear": "2024",
    "period": "Q3",
    "revenue": 4341615000,
    "costOfRevenue": 3736398000,
    "grossProfit": 605217000,
    "grossProfitRatio": 0.1393990485,
    "researchAndDevelopmentExpenses": 0,
    "generalAndAdministrativeExpenses": 167692000,
    "sellingAndMarketingExpenses": 0,
    "sellingGeneralAndAdministrativeExpenses": 167692000,
    "otherExpenses": 42088000,
    "operatingExpenses": 209780000,
    "costAndExpenses": 3946178000,
    "interestIncome": 0,
    "interestExpense": 17071000,
    "depreciationAndAmortization": 121052000,
    "ebitda": 546148000,
    "ebitdaratio": 0.1257937427,
    "operatingIncome": 395437000,
    "operatingIncomeRatio": 0.0910806232,
    "totalOtherIncomeExpensesNet": 12588000,
    "incomeBeforeTax": 408025000,
    "incomeBeforeTaxRatio": 0.0939800051,
    "incomeTaxExpense": 87131000,
    "netIncome": 317802000,
    "netIncomeRatio": 0.0731990285,
    "eps": 2.06,
    "epsdiluted": 2.05,
    "weightedAverageShsOut": 154061000,
    "weightedAverageShsOutDil": 156528000,
    "link": "https://www.sec.gov/Archives/edgar/data/1022671/000155837024015022/0001558370-24-015022-index.htm",
    "finalLink": "https://www.sec.gov/Archives/edgar/data/1022671/000155837024015022/stld-20240930x10q.htm"
  },
  {
    "date": "2024-06-30",
    "symbol": "STLD",
    "reportedCurrency": "USD",
    "cik": "0001022671",
    "fillingDate": "2024-08-08",
    "acceptedDate": "2024-08-08 13:22:03",
    "calendarYear": "2024",
    "period": "Q2",
    "revenue": 4632634000,
    "costOfRevenue": 3857797000,
    "grossProfit": 774837000,
    "grossProfitRatio": 0.1672562521,
    "researchAndDevelopmentExpenses": 0,
    "generalAndAdministrativeExpenses": 160016000,
    "sellingAndMarketingExpenses": 0,
    "sellingGeneralAndAdministrativeExpenses": 160016000,
    "otherExpenses": 55698000,
    "operatingExpenses": 215714000,
    "costAndExpenses": 4073511000,
    "interestIncome": 0,
    "interestExpense": 12719000,
    "depreciationAndAmortization": 117053000,
    "ebitda": 694884000,
    "ebitdaratio": 0.149997604,
    "operatingIncome": 559123000,
    "operatingIncomeRatio": 0.1206922455,
    "totalOtherIncomeExpensesNet": 5989000,
    "incomeBeforeTax": 565112000,
    "incomeBeforeTaxRatio": 0.1219850305,
    "incomeTaxExpense": 133422000,
    "netIncome": 427998000,
    "netIncomeRatio": 0.0923876136,
    "eps": 2.73,
    "epsdiluted": 2.72,
    "weightedAverageShsOut": 156856000,
    "weightedAverageShsOutDil": 157579000,
    "link": "https://www.sec.gov/Archives/edgar/data/1022671/000155837024011535/0001558370-24-011535-index.htm",
    "finalLink": "https://www.sec.gov/Archives/edgar/data/1022671/000155837024011535/stld-20240630x10q.htm"
  },
  {
    "date": "2024-03-31",
    "symbol": "STLD",
    "reportedCurrency": "USD",
    "cik": "0001022671",
    "fillingDate": "2024-05-10",
    "acceptedDate": "2024-05-10 12:15:49",
    "calendarYear": "2024",
    "period": "Q1",
    "revenue": 4694003000,
    "costOfRevenue": 3713205000,
    "grossProfit": 980798000,
    "grossProfitRatio": 0.2089470331,
    "researchAndDevelopmentExpenses": 0,
    "generalAndAdministrativeExpenses": 0,
    "sellingAndMarketingExpenses": 0,
    "sellingGeneralAndAdministrativeExpenses": 159507000,
    "otherExpenses": 70316000,
    "operatingExpenses": 229823000,
    "costAndExpenses": 3943028000,
    "interestIncome": 0,
    "interestExpense": 11978000,
    "depreciationAndAmortization": 115252000,
    "ebitda": 893011000,
    "ebitdaratio": 0.1902450851,
    "operatingIncome": 750975000,
    "operatingIncomeRatio": 0.1599860503,
    "totalOtherIncomeExpensesNet": 14806000,
    "incomeBeforeTax": 765781000,
    "incomeBeforeTaxRatio": 0.1631402877,
    "incomeTaxExpense": 178281000,
    "netIncome": 584041000,
    "netIncomeRatio": 0.1244228008,
    "eps": 3.68,
    "epsdiluted": 3.67,
    "weightedAverageShsOut": 158666000,
    "weightedAverageShsOutDil": 159354000,
    "link": "https://www.sec.gov/Archives/edgar/data/1022671/000155837024007736/0001558370-24-007736-index.htm",
    "finalLink": "https://www.sec.gov/Archives/edgar/data/1022671/000155837024007736/stld-20240331x10q.htm"
  },
  {
    "date": "2023-12-31",
    "symbol": "STLD",
    "reportedCurrency": "USD",
    "cik": "0001022671",
    "fillingDate": "2024-02-29",
    "acceptedDate": "2024-02-29 13:35:31",
    "calendarYear": "2023",
    "period": "Q4",
    "revenue": 4233423000,
    "costOfRevenue": 3502539000,
    "grossProfit": 730884000,
    "grossProfitRatio": 0.1726461069,
    "researchAndDevelopmentExpenses": 0,
    "generalAndAdministrativeExpenses": 0,
    "sellingAndMarketingExpenses": 0,
    "sellingGeneralAndAdministrativeExpenses": 157207000,
    "otherExpenses": 55141000,
    "operatingExpenses": 212348000,
    "costAndExpenses": 3714887000,
    "interestIncome": 0,
    "interestExpense": 14795000,
    "depreciationAndAmortization": 111722000,
    "ebitda": 668756000,
    "ebitdaratio": 0.1579705123,
    "operatingIncome": 518536000,
    "operatingIncomeRatio": 0.1224862245,
    "totalOtherIncomeExpensesNet": 23703000,
    "incomeBeforeTax": 542239000,
    "incomeBeforeTaxRatio": 0.1280852398,
    "incomeTaxExpense": 115199000,
    "netIncome": 424270000,
    "netIncomeRatio": 0.1002191371,
    "eps": 2.63,
    "epsdiluted": 2.61,
    "weightedAverageShsOut": 161434000,
    "weightedAverageShsOutDil": 162276000,
    "link": "https://www.sec.gov/Archives/edgar/data/1022671/000155837024002152/0001558370-24-002152-index.htm",
    "finalLink": "https://www.sec.gov/Archives/edgar/data/1022671/000155837024002152/stld-20231231x10k.htm"
  },
  {
    "date": "2023-09-30",
    "symbol": "STLD",
    "reportedCurrency": "USD",
    "cik": "0001022671",
    "fillingDate": "2023-11-09",
    "acceptedDate": "2023-11-09 15:10:50",
    "calendarYear": "2023",
    "period": "Q3",
    "revenue": 4587057000,
    "costOfRevenue": 3635038000,
    "grossProfit": 952019000,
    "grossProfitRatio": 0.2075446196,
    "researchAndDevelopmentExpenses": 0,
    "generalAndAdministrativeExpenses": 145896000,
    "sellingAndMarketingExpenses": 0,
    "sellingGeneralAndAdministrativeExpenses": 145896000,
    "otherExpenses": 72573000,
    "operatingExpenses": 218469000,
    "costAndExpenses": 3853507000,
    "interestIncome": 0,
    "interestExpense": 18415000,
    "depreciationAndAmortization": 107418000,
    "ebitda": 880432000,
    "ebitdaratio": 0.1919383169,
    "operatingIncome": 733550000,
    "operatingIncomeRatio": 0.1599173501,
    "totalOtherIncomeExpensesNet": 21049000,
    "incomeBeforeTax": 754599000,
    "incomeBeforeTaxRatio": 0.1645061311,
    "incomeTaxExpense": 174817000,
    "netIncome": 577195000,
    "netIncomeRatio": 0.1258312247,
    "eps": 3.49,
    "epsdiluted": 3.47,
    "weightedAverageShsOut": 165170000,
    "weightedAverageShsOutDil": 166105000,
    "link": "https://www.sec.gov/Archives/edgar/data/1022671/000155837023018528/0001558370-23-018528-index.htm",
    "finalLink": "https://www.sec.gov/Archives/edgar/data/1022671/000155837023018528/stld-20230930x10q.htm"
  },
  {
    "date": "2023-06-30",
    "symbol": "STLD",
    "reportedCurrency": "USD",
    "cik": "0001022671",
    "fillingDate": "2023-08-08",
    "acceptedDate": "2023-08-08 16:40:20",
    "calendarYear": "2023",
    "period": "Q2",
    "revenue": 5081630000,
    "costOfRevenue": 3774772000,
    "grossProfit": 1306858000,
    "grossProfitRatio": 0.2571729937,
    "researchAndDevelopmentExpenses": 0,
    "generalAndAdministrativeExpenses": 141209000,
    "sellingAndMarketingExpenses": 0,
    "sellingGeneralAndAdministrativeExpenses": 141209000,
    "otherExpenses": 101914000,
    "operatingExpenses": 243123000,
    "costAndExpenses": 4017895000,
    "interestIncome": 0,
    "interestExpense": 20767000,
    "depreciationAndAmortization": 110970000,
    "ebitda": 1206053000,
    "ebitdaratio": 0.2373358548,
    "operatingIncome": 1063735000,
    "operatingIncomeRatio": 0.2093294868,
    "totalOtherIncomeExpensesNet": 10581001,
    "incomeBeforeTax": 1074316000,
    "incomeBeforeTaxRatio": 0.2114116927,
    "incomeTaxExpense": 258139000,
    "netIncome": 812107000,
    "netIncomeRatio": 0.1598123043,
    "eps": 4.83,
    "epsdiluted": 4.81,
    "weightedAverageShsOut": 168009000,
    "weightedAverageShsOutDil": 168865000,
    "link": "https://www.sec.gov/Archives/edgar/data/1022671/000155837023013968/0001558370-23-013968-index.htm",
    "finalLink": "https://www.sec.gov/Archives/edgar/data/1022671/000155837023013968/stld-20230630x10q.htm"
  },
  {
    "date": "2023-03-31",
    "symbol": "STLD",
    "reportedCurrency": "USD",
    "cik": "0001022671",
    "fillingDate": "2023-05-05",
    "acceptedDate": "2023-05-05 14:44:30",
    "calendarYear": "2023",
    "period": "Q1",
    "revenue": 4893206000,
    "costOfRevenue": 3837084000,
    "grossProfit": 1056122000,
    "grossProfitRatio": 0.215834363,
    "researchAndDevelopmentExpenses": 0,
    "generalAndAdministrativeExpenses": 144309000,
    "sellingAndMarketingExpenses": 0,
    "sellingGeneralAndAdministrativeExpenses": 144309000,
    "otherExpenses": 76453000,
    "operatingExpenses": 220762000,
    "costAndExpenses": 4057846000,
    "interestIncome": 0,
    "interestExpense": 22507000,
    "depreciationAndAmortization": 107694000,
    "ebitda": 977990000,
    "ebitdaratio": 0.1998669175,
    "operatingIncome": 835360000,
    "operatingIncomeRatio": 0.1707183389,
    "totalOtherIncomeExpensesNet": 12429000,
    "incomeBeforeTax": 847789000,
    "incomeBeforeTaxRatio": 0.1732583913,
    "incomeTaxExpense": 203456000,
    "netIncome": 637310000,
    "netIncomeRatio": 0.1302438524,
    "eps": 3.71,
    "epsdiluted": 3.7,
    "weightedAverageShsOut": 171597000,
    "weightedAverageShsOutDil": 172479000,
    "link": "https://www.sec.gov/Archives/edgar/data/1022671/000155837023008282/0001558370-23-008282-index.htm",
    "finalLink": "https://www.sec.gov/Archives/edgar/data/1022671/000155837023008282/stld-20230331x10q.htm"
  },
  {
    "date": "2022-12-31",
    "symbol": "STLD",
    "reportedCurrency": "USD",
    "cik": "0001022671",
    "fillingDate": "2023-02-28",
    "acceptedDate": "2023-02-28 14:09:17",
    "calendarYear": "2022",
    "period": "Q4",
    "revenue": 4826287000,
    "costOfRevenue": 3838740000,
    "grossProfit": 987547000,
    "grossProfitRatio": 0.2046183743,
    "researchAndDevelopmentExpenses": 0,
    "generalAndAdministrativeExpenses": 142602000,
    "sellingAndMarketingExpenses": 0,
    "sellingGeneralAndAdministrativeExpenses": 142602000,
    "otherExpenses": 85897000,
    "operatingExpenses": 228499000,
    "costAndExpenses": 4067239000,
    "interestIncome": 0,
    "interestExpense": 23855000,
    "depreciationAndAmortization": 102241000,
    "ebitda": 884546000,
    "ebitdaratio": 0.1832767094,
    "operatingIncome": 759048000,
    "operatingIncomeRatio": 0.1572736972,
    "totalOtherIncomeExpensesNet": -598000,
    "incomeBeforeTax": 758450000,
    "incomeBeforeTaxRatio": 0.1571497924,
    "incomeTaxExpense": 119439000,
    "netIncome": 634864000,
    "netIncomeRatio": 0.1315429439,
    "eps": 3.63,
    "epsdiluted": 3.61,
    "weightedAverageShsOut": 174706000,
    "weightedAverageShsOutDil": 175892000,
    "link": "https://www.sec.gov/Archives/edgar/data/1022671/000155837023002303/0001558370-23-002303-index.htm",
    "finalLink": "https://www.sec.gov/Archives/edgar/data/1022671/000155837023002303/stld-20221231x10k.htm"
  },
  {
    "date": "2022-09-30",
    "symbol": "STLD",
    "reportedCurrency": "USD",
    "cik": "0001022671",
    "fillingDate": "2022-10-26",
    "acceptedDate": "2022-10-26 17:03:31",
    "calendarYear": "2022",
    "period": "Q3",
    "revenue": 5651707000,
    "costOfRevenue": 4187278000,
    "grossProfit": 1464429000,
    "grossProfitRatio": 0.2591126893,
    "researchAndDevelopmentExpenses": 0,
    "generalAndAdministrativeExpenses": 132627000,
    "sellingAndMarketingExpenses": 0,
    "sellingGeneralAndAdministrativeExpenses": 132627000,
    "otherExpenses": 111958000,
    "operatingExpenses": 244585000,
    "costAndExpenses": 4431863000,
    "interestIncome": 0,
    "interestExpense": 25347000,
    "depreciationAndAmortization": 98714000,
    "ebitda": 1332533000,
    "ebitdaratio": 0.2357753153,
    "operatingIncome": 1219844000,
    "operatingIncomeRatio": 0.2158363836,
    "totalOtherIncomeExpensesNet": -11372000,
    "incomeBeforeTax": 1208472000,
    "incomeBeforeTaxRatio": 0.2138242481,
    "incomeTaxExpense": 289997000,
    "netIncome": 914325000,
    "netIncomeRatio": 0.1617785565,
    "eps": 5.07,
    "epsdiluted": 5.03,
    "weightedAverageShsOut": 180264000,
    "weightedAverageShsOutDil": 181613000,
    "link": "https://www.sec.gov/Archives/edgar/data/1022671/000155837022015423/0001558370-22-015423-index.htm",
    "finalLink": "https://www.sec.gov/Archives/edgar/data/1022671/000155837022015423/stld-20220930x10q.htm"
  },
  {
    "date": "2022-06-30",
    "symbol": "STLD",
    "reportedCurrency": "USD",
    "cik": "0001022671",
    "fillingDate": "2022-08-02",
    "acceptedDate": "2022-08-02 11:51:28",
    "calendarYear": "2022",
    "period": "Q2",
    "revenue": 6212878000,
    "costOfRevenue": 4329536000,
    "grossProfit": 1883342000,
    "grossProfitRatio": 0.3031351976,
    "researchAndDevelopmentExpenses": 0,
    "generalAndAdministrativeExpenses": 118377000,
    "sellingAndMarketingExpenses": 0,
    "sellingGeneralAndAdministrativeExpenses": 118377000,
    "otherExpenses": 146902000,
    "operatingExpenses": 265279000,
    "costAndExpenses": 4594815000,
    "interestIncome": 0,
    "interestExpense": 25667000,
    "depreciationAndAmortization": 95701000,
    "ebitda": 1717785000,
    "ebitdaratio": 0.2764878048,
    "operatingIncome": 1618063000,
    "operatingIncomeRatio": 0.2604369505,
    "totalOtherIncomeExpensesNet": -21646000,
    "incomeBeforeTax": 1596417000,
    "incomeBeforeTaxRatio": 0.2569528969,
    "incomeTaxExpense": 381765000,
    "netIncome": 1209554000,
    "netIncomeRatio": 0.1946849753,
    "eps": 6.49,
    "epsdiluted": 6.44,
    "weightedAverageShsOut": 186442000,
    "weightedAverageShsOutDil": 187740000,
    "link": "https://www.sec.gov/Archives/edgar/data/1022671/000155837022011581/0001558370-22-011581-index.htm",
    "finalLink": "https://www.sec.gov/Archives/edgar/data/1022671/000155837022011581/stld-20220630x10q.htm"
  },
  {
    "date": "2022-03-31",
    "symbol": "STLD",
    "reportedCurrency": "USD",
    "cik": "0001022671",
    "fillingDate": "2022-04-29",
    "acceptedDate": "2022-04-29 15:18:49",
    "calendarYear": "2022",
    "period": "Q1",
    "revenue": 5569902000,
    "costOfRevenue": 3787389000,
    "grossProfit": 1782513000,
    "grossProfitRatio": 0.3200259179,
    "researchAndDevelopmentExpenses": 0,
    "generalAndAdministrativeExpenses": 152015000,
    "sellingAndMarketingExpenses": 0,
    "sellingGeneralAndAdministrativeExpenses": 152015000,
    "otherExpenses": 135631000,
    "operatingExpenses": 287646000,
    "costAndExpenses": 4075035000,
    "interestIncome": 0,
    "interestExpense": 16669000,
    "depreciationAndAmortization": 87546000,
    "ebitda": 1561945000,
    "ebitdaratio": 0.2804259393,
    "operatingIncome": 1494867000,
    "operatingIncomeRatio": 0.2683829985,
    "totalOtherIncomeExpensesNet": -37137000,
    "incomeBeforeTax": 1457730000,
    "incomeBeforeTaxRatio": 0.2617155562,
    "incomeTaxExpense": 350376000,
    "netIncome": 1103931000,
    "netIncomeRatio": 0.1981957672,
    "eps": 5.74,
    "epsdiluted": 5.71,
    "weightedAverageShsOut": 192158000,
    "weightedAverageShsOutDil": 193241000,
    "link": "https://www.sec.gov/Archives/edgar/data/1022671/000155837022006460/0001558370-22-006460-index.htm",
    "finalLink": "https://www.sec.gov/Archives/edgar/data/1022671/000155837022006460/stld-20220331x10q.htm"
  },
  {
    "date": "2021-12-31",
    "symbol": "STLD",
    "reportedCurrency": "USD",
    "cik": "0001022671",
    "fillingDate": "2022-02-28",
    "acceptedDate": "2022-02-28 16:43:52",
    "calendarYear": "2021",
    "period": "Q4",
    "revenue": 5310657000,
    "costOfRevenue": 3548820000,
    "grossProfit": 1761837000,
    "grossProfitRatio": 0.3317549975,
    "researchAndDevelopmentExpenses": 0,
    "generalAndAdministrativeExpenses": 182290000,
    "sellingAndMarketingExpenses": 0,
    "sellingGeneralAndAdministrativeExpenses": 182290000,
    "otherExpenses": 150421000,
    "operatingExpenses": 332711000,
    "costAndExpenses": 3881531000,
    "interestIncome": 0,
    "interestExpense": 12338000,
    "depreciationAndAmortization": 86280000,
    "ebitda": 1507466000,
    "ebitdaratio": 0.2838567808,
    "operatingIncome": 1429126000,
    "operatingIncomeRatio": 0.2691053103,
    "totalOtherIncomeExpensesNet": -20278000,
    "incomeBeforeTax": 1408848000,
    "incomeBeforeTaxRatio": 0.2652869504,
    "incomeTaxExpense": 313151000,
    "netIncome": 1090505000,
    "netIncomeRatio": 0.2053427664,
    "eps": 5.53,
    "epsdiluted": 5.49,
    "weightedAverageShsOut": 197346000,
    "weightedAverageShsOutDil": 198794000,
    "link": "https://www.sec.gov/Archives/edgar/data/1022671/000155837022002377/0001558370-22-002377-index.htm",
    "finalLink": "https://www.sec.gov/Archives/edgar/data/1022671/000155837022002377/stld-20211231x10k.htm"
  },
  {
    "date": "2021-09-30",
    "symbol": "STLD",
    "reportedCurrency": "USD",
    "cik": "0001022671",
    "fillingDate": "2021-11-02",
    "acceptedDate": "2021-11-02 16:29:30",
    "calendarYear": "2021",
    "period": "Q3",
    "revenue": 5088288000,
    "costOfRevenue": 3487659000,
    "grossProfit": 1600629000,
    "grossProfitRatio": 0.3145712271,
    "researchAndDevelopmentExpenses": 0,
    "generalAndAdministrativeExpenses": 157526000,
    "sellingAndMarketingExpenses": 0,
    "sellingGeneralAndAdministrativeExpenses": 157526000,
    "otherExpenses": 121058000,
    "operatingExpenses": 278584000,
    "costAndExpenses": 3766243000,
    "interestIncome": 0,
    "interestExpense": 12704000,
    "depreciationAndAmortization": 87407000,
    "ebitda": 1402676000,
    "ebitdaratio": 0.2756675723,
    "operatingIncome": 1322045000,
    "operatingIncomeRatio": 0.2598211815,
    "totalOtherIncomeExpensesNet": -19480000,
    "incomeBeforeTax": 1302565000,
    "incomeBeforeTaxRatio": 0.2559927819,
    "incomeTaxExpense": 302406000,
    "netIncome": 990763000,
    "netIncomeRatio": 0.1947144108,
    "eps": 4.89,
    "epsdiluted": 4.85,
    "weightedAverageShsOut": 202450000,
    "weightedAverageShsOutDil": 204167000,
    "link": "https://www.sec.gov/Archives/edgar/data/1022671/000155837021014118/0001558370-21-014118-index.htm",
    "finalLink": "https://www.sec.gov/Archives/edgar/data/1022671/000155837021014118/stld-20210930x10q.htm"
  },
  {
    "date": "2021-06-30",
    "symbol": "STLD",
    "reportedCurrency": "USD",
    "cik": "0001022671",
    "fillingDate": "2021-07-26",
    "acceptedDate": "2021-07-26 15:37:37",
    "calendarYear": "2021",
    "period": "Q2",
    "revenue": 4465308000,
    "costOfRevenue": 3265616000,
    "grossProfit": 1199692000,
    "grossProfitRatio": 0.2686694848,
    "researchAndDevelopmentExpenses": 0,
    "generalAndAdministrativeExpenses": 154379000,
    "sellingAndMarketingExpenses": 0,
    "sellingGeneralAndAdministrativeExpenses": 154379000,
    "otherExpenses": 89578000,
    "operatingExpenses": 243957000,
    "costAndExpenses": 3509573000,
    "interestIncome": 0,
    "interestExpense": 14898000,
    "depreciationAndAmortization": 87047000,
    "ebitda": 1032743000,
    "ebitdaratio": 0.2312814704,
    "operatingIncome": 955735000,
    "operatingIncomeRatio": 0.2140356276,
    "totalOtherIncomeExpensesNet": -24937000,
    "incomeBeforeTax": 930798000,
    "incomeBeforeTaxRatio": 0.2084510184,
    "incomeTaxExpense": 218595000,
    "netIncome": 702291000,
    "netIncomeRatio": 0.1572771688,
    "eps": 3.35,
    "epsdiluted": 3.32,
    "weightedAverageShsOut": 209647000,
    "weightedAverageShsOutDil": 211246000,
    "link": "https://www.sec.gov/Archives/edgar/data/1022671/000155837021009240/0001558370-21-009240-index.htm",
    "finalLink": "https://www.sec.gov/Archives/edgar/data/1022671/000155837021009240/stld-20210630x10q.htm"
  },
  {
    "date": "2021-03-31",
    "symbol": "STLD",
    "reportedCurrency": "USD",
    "cik": "0001022671",
    "fillingDate": "2021-04-29",
    "acceptedDate": "2021-04-29 12:49:51",
    "calendarYear": "2021",
    "period": "Q1",
    "revenue": 3544597000,
    "costOfRevenue": 2744331000,
    "grossProfit": 800266000,
    "grossProfitRatio": 0.2257706588,
    "researchAndDevelopmentExpenses": 0,
    "generalAndAdministrativeExpenses": 149781000,
    "sellingAndMarketingExpenses": 0,
    "sellingGeneralAndAdministrativeExpenses": 149781000,
    "otherExpenses": 56286000,
    "operatingExpenses": 206067000,
    "costAndExpenses": 2950398000,
    "interestIncome": 0,
    "interestExpense": 17269000,
    "depreciationAndAmortization": 86919000,
    "ebitda": 671047000,
    "ebitdaratio": 0.1893154567,
    "operatingIncome": 594199000,
    "operatingIncomeRatio": 0.167635136,
    "totalOtherIncomeExpensesNet": -27340000,
    "incomeBeforeTax": 566859000,
    "incomeBeforeTaxRatio": 0.1599219883,
    "incomeTaxExpense": 128104000,
    "netIncome": 430507000,
    "netIncomeRatio": 0.1214544277,
    "eps": 2.04,
    "epsdiluted": 2.03,
    "weightedAverageShsOut": 211015000,
    "weightedAverageShsOutDil": 212254000,
    "link": "https://www.sec.gov/Archives/edgar/data/1022671/000155837021005215/0001558370-21-005215-index.htm",
    "finalLink": "https://www.sec.gov/Archives/edgar/data/1022671/000155837021005215/stld-20210331x10q.htm"
  },
  {
    "date": "2020-12-31",
    "symbol": "STLD",
    "reportedCurrency": "USD",
    "cik": "0001022671",
    "fillingDate": "2021-03-01",
    "acceptedDate": "2021-03-01 13:54:27",
    "calendarYear": "2020",
    "period": "Q4",
    "revenue": 2601245000,
    "costOfRevenue": 2158992000,
    "grossProfit": 442253000,
    "grossProfitRatio": 0.1700158962,
    "researchAndDevelopmentExpenses": 0,
    "generalAndAdministrativeExpenses": 137018000,
    "sellingAndMarketingExpenses": 0,
    "sellingGeneralAndAdministrativeExpenses": 137018000,
    "otherExpenses": 46485000,
    "operatingExpenses": 183503000,
    "costAndExpenses": 2342495000,
    "interestIncome": 0,
    "interestExpense": 20206000,
    "depreciationAndAmortization": 85057000,
    "ebitda": 326080000,
    "ebitdaratio": 0.1253553587,
    "operatingIncome": 258750000,
    "operatingIncomeRatio": 0.0994715992,
    "totalOtherIncomeExpensesNet": -37933000,
    "incomeBeforeTax": 220817000,
    "incomeBeforeTaxRatio": 0.0848889666,
    "incomeTaxExpense": 23867000,
    "netIncome": 187843000,
    "netIncomeRatio": 0.0722127289,
    "eps": 0.89,
    "epsdiluted": 0.89,
    "weightedAverageShsOut": 210599000,
    "weightedAverageShsOutDil": 212052000,
    "link": "https://www.sec.gov/Archives/edgar/data/1022671/000155837021002129/0001558370-21-002129-index.htm",
    "finalLink": "https://www.sec.gov/Archives/edgar/data/1022671/000155837021002129/stld-20201231x10k.htm"
  },
  {
    "date": "2020-09-30",
    "symbol": "STLD",
    "reportedCurrency": "USD",
    "cik": "0001022671",
    "fillingDate": "2020-11-09",
    "acceptedDate": "2020-11-09 12:32:23",
    "calendarYear": "2020",
    "period": "Q3",
    "revenue": 2330832000,
    "costOfRevenue": 2038017000,
    "grossProfit": 292815000,
    "grossProfitRatio": 0.1256268148,
    "researchAndDevelopmentExpenses": 0,
    "generalAndAdministrativeExpenses": 118235000,
    "sellingAndMarketingExpenses": 0,
    "sellingGeneralAndAdministrativeExpenses": 118235000,
    "otherExpenses": 18724000,
    "operatingExpenses": 136959000,
    "costAndExpenses": 2174976000,
    "interestIncome": 0,
    "interestExpense": 18950000,
    "depreciationAndAmortization": 81752000,
    "ebitda": 234062000,
    "ebitdaratio": 0.1004199359,
    "operatingIncome": 155856000,
    "operatingIncomeRatio": 0.0668671101,
    "totalOtherIncomeExpensesNet": -22496000,
    "incomeBeforeTax": 133360000,
    "incomeBeforeTaxRatio": 0.0572156209,
    "incomeTaxExpense": 29083000,
    "netIncome": 100143000,
    "netIncomeRatio": 0.0429644865,
    "eps": 0.48,
    "epsdiluted": 0.47,
    "weightedAverageShsOut": 210366000,
    "weightedAverageShsOutDil": 211926000,
    "link": "https://www.sec.gov/Archives/edgar/data/1022671/000155837020013295/0001558370-20-013295-index.htm",
    "finalLink": "https://www.sec.gov/Archives/edgar/data/1022671/000155837020013295/stld-20200930x10q.htm"
  },
  {
    "date": "2020-06-30",
    "symbol": "STLD",
    "reportedCurrency": "USD",
    "cik": "0001022671",
    "fillingDate": "2020-08-10",
    "acceptedDate": "2020-08-10 15:11:39",
    "calendarYear": "2020",
    "period": "Q2",
    "revenue": 2094305000,
    "costOfRevenue": 1809874000,
    "grossProfit": 284431000,
    "grossProfitRatio": 0.1358116416,
    "researchAndDevelopmentExpenses": 0,
    "generalAndAdministrativeExpenses": 109299000,
    "sellingAndMarketingExpenses": 0,
    "sellingGeneralAndAdministrativeExpenses": 109299000,
    "otherExpenses": 16282000,
    "operatingExpenses": 125581000,
    "costAndExpenses": 1935455000,
    "interestIncome": 0,
    "interestExpense": 27702000,
    "depreciationAndAmortization": 78721000,
    "ebitda": 209468000,
    "ebitdaratio": 0.1000179057,
    "operatingIncome": 158850000,
    "operatingIncomeRatio": 0.0758485512,
    "totalOtherIncomeExpensesNet": -55805000,
    "incomeBeforeTax": 103045000,
    "incomeBeforeTaxRatio": 0.0492024801,
    "incomeTaxExpense": 24280000,
    "netIncome": 75496000,
    "netIncomeRatio": 0.0360482356,
    "eps": 0.36,
    "epsdiluted": 0.36,
    "weightedAverageShsOut": 210343000,
    "weightedAverageShsOutDil": 211378000,
    "link": "https://www.sec.gov/Archives/edgar/data/1022671/000155837020010152/0001558370-20-010152-index.htm",
    "finalLink": "https://www.sec.gov/Archives/edgar/data/1022671/000155837020010152/stld-20200630x10q.htm"
  },
  {
    "date": "2020-03-31",
    "symbol": "STLD",
    "reportedCurrency": "USD",
    "cik": "0001022671",
    "fillingDate": "2020-05-11",
    "acceptedDate": "2020-05-11 15:42:44",
    "calendarYear": "2020",
    "period": "Q1",
    "revenue": 2575100000,
    "costOfRevenue": 2159871000,
    "grossProfit": 415229000,
    "grossProfitRatio": 0.1612477185,
    "researchAndDevelopmentExpenses": 0,
    "generalAndAdministrativeExpenses": 112898000,
    "sellingAndMarketingExpenses": 0,
    "sellingGeneralAndAdministrativeExpenses": 112898000,
    "otherExpenses": 28645000,
    "operatingExpenses": 141543000,
    "costAndExpenses": 2301414000,
    "interestIncome": 0,
    "interestExpense": 28019000,
    "depreciationAndAmortization": 80259000,
    "ebitda": 356534000,
    "ebitdaratio": 0.138454429,
    "operatingIncome": 273686000,
    "operatingIncomeRatio": 0.1062816978,
    "totalOtherIncomeExpensesNet": -25430000,
    "incomeBeforeTax": 248256000,
    "incomeBeforeTaxRatio": 0.0964063532,
    "incomeTaxExpense": 57420000,
    "netIncome": 187340000,
    "netIncomeRatio": 0.0727505728,
    "eps": 0.88,
    "epsdiluted": 0.88,
    "weightedAverageShsOut": 213254000,
    "weightedAverageShsOutDil": 214024000,
    "link": "https://www.sec.gov/Archives/edgar/data/1022671/000155837020006218/0001558370-20-006218-index.htm",
    "finalLink": "https://www.sec.gov/Archives/edgar/data/1022671/000155837020006218/stld-20200511x10q.htm"
  },
  {
    "date": "2019-12-31",
    "symbol": "STLD",
    "reportedCurrency": "USD",
    "cik": "0001022671",
    "fillingDate": "2020-02-27",
    "acceptedDate": "2020-02-27 16:33:27",
    "calendarYear": "2019",
    "period": "Q4",
    "revenue": 2350196000,
    "costOfRevenue": 2033787000,
    "grossProfit": 316409000,
    "grossProfitRatio": 0.1346308989,
    "researchAndDevelopmentExpenses": 0,
    "generalAndAdministrativeExpenses": 111968000,
    "sellingAndMarketingExpenses": 0,
    "sellingGeneralAndAdministrativeExpenses": 111968000,
    "otherExpenses": 22480000,
    "operatingExpenses": 134448000,
    "costAndExpenses": 2168235000,
    "interestIncome": 0,
    "interestExpense": 32322000,
    "depreciationAndAmortization": 80527000,
    "ebitda": 262912000,
    "ebitdaratio": 0.1118681165,
    "operatingIncome": 181961000,
    "operatingIncomeRatio": 0.0774237553,
    "totalOtherIncomeExpensesNet": -31898000,
    "incomeBeforeTax": 150063000,
    "incomeBeforeTaxRatio": 0.0638512703,
    "incomeTaxExpense": 26344000,
    "netIncome": 121425000,
    "netIncomeRatio": 0.0516659036,
    "eps": 0.56,
    "epsdiluted": 0.56,
    "weightedAverageShsOut": 215119000,
    "weightedAverageShsOutDil": 216402000,
    "link": "https://www.sec.gov/Archives/edgar/data/1022671/000155837020001641/0001558370-20-001641-index.htm",
    "finalLink": "https://www.sec.gov/Archives/edgar/data/1022671/000155837020001641/stld-20191231x10kf63a8c.htm"
  },
  {
    "date": "2019-09-30",
    "symbol": "STLD",
    "reportedCurrency": "USD",
    "cik": "0001022671",
    "fillingDate": "2019-10-31",
    "acceptedDate": "2019-10-31 14:07:11",
    "calendarYear": "2019",
    "period": "Q3",
    "revenue": 2526845000,
    "costOfRevenue": 2167006000,
    "grossProfit": 359839000,
    "grossProfitRatio": 0.1424064397,
    "researchAndDevelopmentExpenses": 0,
    "generalAndAdministrativeExpenses": 107242000,
    "sellingAndMarketingExpenses": 0,
    "sellingGeneralAndAdministrativeExpenses": 107242000,
    "otherExpenses": 24552000,
    "operatingExpenses": 131794000,
    "costAndExpenses": 2298800000,
    "interestIncome": 0,
    "interestExpense": 31339000,
    "depreciationAndAmortization": 79470000,
    "ebitda": 312060000,
    "ebitdaratio": 0.1234978798,
    "operatingIncome": 228045000,
    "operatingIncomeRatio": 0.0902489072,
    "totalOtherIncomeExpensesNet": -26794000,
    "incomeBeforeTax": 201251000,
    "incomeBeforeTaxRatio": 0.0796451702,
    "incomeTaxExpense": 48643000,
    "netIncome": 151048000,
    "netIncomeRatio": 0.0597773112,
    "eps": 0.69,
    "epsdiluted": 0.69,
    "weightedAverageShsOut": 217873000,
    "weightedAverageShsOutDil": 219109000,
    "link": "https://www.sec.gov/Archives/edgar/data/1022671/000155837019009545/0001558370-19-009545-index.htm",
    "finalLink": "https://www.sec.gov/Archives/edgar/data/1022671/000155837019009545/stld-20190930x10q9f5a47.htm"
  },
  {
    "date": "2019-06-30",
    "symbol": "STLD",
    "reportedCurrency": "USD",
    "cik": "0001022671",
    "fillingDate": "2019-08-09",
    "acceptedDate": "2019-08-09 12:29:54",
    "calendarYear": "2019",
    "period": "Q2",
    "revenue": 2770515000,
    "costOfRevenue": 2349349000,
    "grossProfit": 421166000,
    "grossProfitRatio": 0.1520172242,
    "researchAndDevelopmentExpenses": 0,
    "generalAndAdministrativeExpenses": 106250000,
    "sellingAndMarketingExpenses": 0,
    "sellingGeneralAndAdministrativeExpenses": 106250000,
    "otherExpenses": 29884000,
    "operatingExpenses": 136134000,
    "costAndExpenses": 2485483000,
    "interestIncome": 0,
    "interestExpense": 32321000,
    "depreciationAndAmortization": 80911000,
    "ebitda": 370192000,
    "ebitdaratio": 0.1336184789,
    "operatingIncome": 285032000,
    "operatingIncomeRatio": 0.1028805114,
    "totalOtherIncomeExpensesNet": -28072000,
    "incomeBeforeTax": 256960000,
    "incomeBeforeTaxRatio": 0.0927480992,
    "incomeTaxExpense": 60214000,
    "netIncome": 194302000,
    "netIncomeRatio": 0.0701320874,
    "eps": 0.88,
    "epsdiluted": 0.87,
    "weightedAverageShsOut": 221505000,
    "weightedAverageShsOutDil": 222519000,
    "link": "https://www.sec.gov/Archives/edgar/data/1022671/000155837019007856/0001558370-19-007856-index.htm",
    "finalLink": "https://www.sec.gov/Archives/edgar/data/1022671/000155837019007856/stld-20190630x10q.htm"
  },
  {
    "date": "2019-03-31",
    "symbol": "STLD",
    "reportedCurrency": "USD",
    "cik": "0001022671",
    "fillingDate": "2019-05-10",
    "acceptedDate": "2019-05-10 11:40:17",
    "calendarYear": "2019",
    "period": "Q1",
    "revenue": 2817435000,
    "costOfRevenue": 2383865000,
    "grossProfit": 433570000,
    "grossProfitRatio": 0.1538881997,
    "researchAndDevelopmentExpenses": 0,
    "generalAndAdministrativeExpenses": 111038000,
    "sellingAndMarketingExpenses": 0,
    "sellingGeneralAndAdministrativeExpenses": 111038000,
    "otherExpenses": 30690000,
    "operatingExpenses": 141728000,
    "costAndExpenses": 2525593000,
    "interestIncome": 0,
    "interestExpense": 31122000,
    "depreciationAndAmortization": 80174000,
    "ebitda": 378359000,
    "ebitdaratio": 0.1342920067,
    "operatingIncome": 291842000,
    "operatingIncomeRatio": 0.1035842885,
    "totalOtherIncomeExpensesNet": -24779000,
    "incomeBeforeTax": 267063000,
    "incomeBeforeTaxRatio": 0.0947894095,
    "incomeTaxExpense": 62236000,
    "netIncome": 204328000,
    "netIncomeRatio": 0.0725227024,
    "eps": 0.91,
    "epsdiluted": 0.91,
    "weightedAverageShsOut": 224058000,
    "weightedAverageShsOutDil": 224962000,
    "link": "https://www.sec.gov/Archives/edgar/data/1022671/000114420419025136/0001144204-19-025136-index.htm",
    "finalLink": "https://www.sec.gov/Archives/edgar/data/1022671/000114420419025136/stld-20190331x10q.htm"
  },
  {
    "date": "2018-12-31",
    "symbol": "STLD",
    "reportedCurrency": "USD",
    "cik": "0001022671",
    "fillingDate": "2019-02-27",
    "acceptedDate": "2019-02-27 16:44:23",
    "calendarYear": "2018",
    "period": "Q4",
    "revenue": 2903892000,
    "costOfRevenue": 2382657000,
    "grossProfit": 521235000,
    "grossProfitRatio": 0.1794953118,
    "researchAndDevelopmentExpenses": 0,
    "generalAndAdministrativeExpenses": 106564000,
    "sellingAndMarketingExpenses": 0,
    "sellingGeneralAndAdministrativeExpenses": 106564000,
    "otherExpenses": 49118000,
    "operatingExpenses": 155682000,
    "costAndExpenses": 2538339000,
    "interestIncome": 0,
    "interestExpense": 31652000,
    "depreciationAndAmortization": 80560000,
    "ebitda": 453497000,
    "ebitdaratio": 0.1561686867,
    "operatingIncome": 365553000,
    "operatingIncomeRatio": 0.1258838139,
    "totalOtherIncomeExpensesNet": -24268000,
    "incomeBeforeTax": 341285000,
    "incomeBeforeTaxRatio": 0.1175267537,
    "incomeTaxExpense": 71433000,
    "netIncome": 270004000,
    "netIncomeRatio": 0.092980042,
    "eps": 1.18,
    "epsdiluted": 1.17,
    "weightedAverageShsOut": 229245000,
    "weightedAverageShsOutDil": 230455000,
    "link": "https://www.sec.gov/Archives/edgar/data/1022671/000114420419010579/0001144204-19-010579-index.htm",
    "finalLink": "https://www.sec.gov/Archives/edgar/data/1022671/000114420419010579/stld-20181231x10k.htm"
  },
  {
    "date": "2018-09-30",
    "symbol": "STLD",
    "reportedCurrency": "USD",
    "cik": "0001022671",
    "fillingDate": "2018-11-07",
    "acceptedDate": "2018-11-07 14:36:11",
    "calendarYear": "2018",
    "period": "Q3",
    "revenue": 3223547000,
    "costOfRevenue": 2537466000,
    "grossProfit": 686081000,
    "grossProfitRatio": 0.2128341854,
    "researchAndDevelopmentExpenses": 0,
    "generalAndAdministrativeExpenses": 102614000,
    "sellingAndMarketingExpenses": 0,
    "sellingGeneralAndAdministrativeExpenses": 102614000,
    "otherExpenses": 51895000,
    "operatingExpenses": 154509000,
    "costAndExpenses": 2691975000,
    "interestIncome": 0,
    "interestExpense": 31560000,
    "depreciationAndAmortization": 81383000,
    "ebitda": 620058000,
    "ebitdaratio": 0.1923527096,
    "operatingIncome": 531572000,
    "operatingIncomeRatio": 0.1649028229,
    "totalOtherIncomeExpensesNet": -24457000,
    "incomeBeforeTax": 507115000,
    "incomeBeforeTaxRatio": 0.1573158387,
    "incomeTaxExpense": 109209000,
    "netIncome": 398375000,
    "netIncomeRatio": 0.1235828111,
    "eps": 1.7,
    "epsdiluted": 1.69,
    "weightedAverageShsOut": 234208000,
    "weightedAverageShsOutDil": 235649000,
    "link": "https://www.sec.gov/Archives/edgar/data/1022671/000114420418057915/0001144204-18-057915-index.htm",
    "finalLink": "https://www.sec.gov/Archives/edgar/data/1022671/000114420418057915/stld-20180930x10q.htm"
  },
  {
    "date": "2018-06-30",
    "symbol": "STLD",
    "reportedCurrency": "USD",
    "cik": "0001022671",
    "fillingDate": "2018-08-09",
    "acceptedDate": "2018-08-09 16:49:06",
    "calendarYear": "2018",
    "period": "Q2",
    "revenue": 3090525000,
    "costOfRevenue": 2438443000,
    "grossProfit": 652082000,
    "grossProfitRatio": 0.210993925,
    "researchAndDevelopmentExpenses": 0,
    "generalAndAdministrativeExpenses": 101031000,
    "sellingAndMarketingExpenses": 0,
    "sellingGeneralAndAdministrativeExpenses": 101031000,
    "otherExpenses": 49164000,
    "operatingExpenses": 150195000,
    "costAndExpenses": 2588638000,
    "interestIncome": 0,
    "interestExpense": 31512000,
    "depreciationAndAmortization": 79120000,
    "ebitda": 586042000,
    "ebitdaratio": 0.1896253873,
    "operatingIncome": 501887000,
    "operatingIncomeRatio": 0.1623953859,
    "totalOtherIncomeExpensesNet": -26477000,
    "incomeBeforeTax": 475410000,
    "incomeBeforeTaxRatio": 0.1538282331,
    "incomeTaxExpense": 112838000,
    "netIncome": 362449000,
    "netIncomeRatio": 0.1172774852,
    "eps": 1.54,
    "epsdiluted": 1.53,
    "weightedAverageShsOut": 235617000,
    "weightedAverageShsOutDil": 236945000,
    "link": "https://www.sec.gov/Archives/edgar/data/1022671/000114420418043346/0001144204-18-043346-index.htm",
    "finalLink": "https://www.sec.gov/Archives/edgar/data/1022671/000114420418043346/stld-20180630x10q.htm"
  },
  {
    "date": "2018-03-31",
    "symbol": "STLD",
    "reportedCurrency": "USD",
    "cik": "0001022671",
    "fillingDate": "2018-05-09",
    "acceptedDate": "2018-05-09 15:24:55",
    "calendarYear": "2018",
    "period": "Q1",
    "revenue": 2603875000,
    "costOfRevenue": 2140459000,
    "grossProfit": 463416000,
    "grossProfitRatio": 0.1779716768,
    "researchAndDevelopmentExpenses": 0,
    "generalAndAdministrativeExpenses": 106431000,
    "sellingAndMarketingExpenses": 0,
    "sellingGeneralAndAdministrativeExpenses": 106431000,
    "otherExpenses": 33588000,
    "operatingExpenses": 140019000,
    "costAndExpenses": 2280478000,
    "interestIncome": 0,
    "interestExpense": 31896000,
    "depreciationAndAmortization": 76135000,
    "ebitda": 403995000,
    "ebitdaratio": 0.155151457,
    "operatingIncome": 323397000,
    "operatingIncomeRatio": 0.1241983582,
    "totalOtherIncomeExpensesNet": -27433000,
    "incomeBeforeTax": 295964000,
    "incomeBeforeTaxRatio": 0.1136629062,
    "incomeTaxExpense": 70489000,
    "netIncome": 227551000,
    "netIncomeRatio": 0.0873893716,
    "eps": 0.96,
    "epsdiluted": 0.96,
    "weightedAverageShsOut": 236623000,
    "weightedAverageShsOutDil": 237723000,
    "link": "https://www.sec.gov/Archives/edgar/data/1022671/000114420418026578/0001144204-18-026578-index.htm",
    "finalLink": "https://www.sec.gov/Archives/edgar/data/1022671/000114420418026578/stld-20180331x10q.htm"
  },
  {
    "date": "2017-12-31",
    "symbol": "STLD",
    "reportedCurrency": "USD",
    "cik": "0001022671",
    "fillingDate": "2018-02-27",
    "acceptedDate": "2018-02-27 14:41:25",
    "calendarYear": "2017",
    "period": "Q4",
    "revenue": 2336479000,
    "costOfRevenue": 2015655000,
    "grossProfit": 320824000,
    "grossProfitRatio": 0.1373108853,
    "researchAndDevelopmentExpenses": 0,
    "generalAndAdministrativeExpenses": 96209000,
    "sellingAndMarketingExpenses": 0,
    "sellingGeneralAndAdministrativeExpenses": 96209000,
    "otherExpenses": 28668000,
    "operatingExpenses": 124877000,
    "costAndExpenses": 2140532000,
    "interestIncome": 0,
    "interestExpense": 32380000,
    "depreciationAndAmortization": 74931000,
    "ebitda": 268663000,
    "ebitdaratio": 0.1149862678,
    "operatingIncome": 195947000,
    "operatingIncomeRatio": 0.0838642248,
    "totalOtherIncomeExpensesNet": -34595000,
    "incomeBeforeTax": 161352000,
    "incomeBeforeTaxRatio": 0.0690577574,
    "incomeTaxExpense": -141819000,
    "netIncome": 304733000,
    "netIncomeRatio": 0.1304240269,
    "eps": 1.28,
    "epsdiluted": 1.28,
    "weightedAverageShsOut": 237177000,
    "weightedAverageShsOutDil": 238677000,
    "link": "https://www.sec.gov/Archives/edgar/data/1022671/000114420418011155/0001144204-18-011155-index.htm",
    "finalLink": "https://www.sec.gov/Archives/edgar/data/1022671/000114420418011155/stld-20171231x10k.htm"
  },
  {
    "date": "2017-09-30",
    "symbol": "STLD",
    "reportedCurrency": "USD",
    "cik": "0001022671",
    "fillingDate": "2017-11-09",
    "acceptedDate": "2017-11-09 13:08:27",
    "calendarYear": "2017",
    "period": "Q3",
    "revenue": 2443382000,
    "costOfRevenue": 2046864000,
    "grossProfit": 396518000,
    "grossProfitRatio": 0.1622824429,
    "researchAndDevelopmentExpenses": 0,
    "generalAndAdministrativeExpenses": 97056000,
    "sellingAndMarketingExpenses": 0,
    "sellingGeneralAndAdministrativeExpenses": 97056000,
    "otherExpenses": 28447000,
    "operatingExpenses": 125503000,
    "costAndExpenses": 2172367000,
    "interestIncome": 0,
    "interestExpense": 34177000,
    "depreciationAndAmortization": 75210000,
    "ebitda": 343699000,
    "ebitdaratio": 0.1406652746,
    "operatingIncome": 271015000,
    "operatingIncomeRatio": 0.1109179817,
    "totalOtherIncomeExpensesNet": -36703000,
    "incomeBeforeTax": 234312000,
    "incomeBeforeTaxRatio": 0.0958965892,
    "incomeTaxExpense": 83300000,
    "netIncome": 153258000,
    "netIncomeRatio": 0.0627237166,
    "eps": 0.64,
    "epsdiluted": 0.64,
    "weightedAverageShsOut": 239066000,
    "weightedAverageShsOutDil": 240880000,
    "link": "https://www.sec.gov/Archives/edgar/data/1022671/000114420417057598/0001144204-17-057598-index.htm",
    "finalLink": "https://www.sec.gov/Archives/edgar/data/1022671/000114420417057598/stld-20170930x10q.htm"
  },
  {
    "date": "2017-06-30",
    "symbol": "STLD",
    "reportedCurrency": "USD",
    "cik": "0001022671",
    "fillingDate": "2017-08-07",
    "acceptedDate": "2017-08-07 14:13:21",
    "calendarYear": "2017",
    "period": "Q2",
    "revenue": 2390720000,
    "costOfRevenue": 1998202000,
    "grossProfit": 392518000,
    "grossProfitRatio": 0.1641840115,
    "researchAndDevelopmentExpenses": 0,
    "generalAndAdministrativeExpenses": 98433000,
    "sellingAndMarketingExpenses": 0,
    "sellingGeneralAndAdministrativeExpenses": 98433000,
    "otherExpenses": 28732000,
    "operatingExpenses": 127165000,
    "costAndExpenses": 2125367000,
    "interestIncome": 0,
    "interestExpense": 33869000,
    "depreciationAndAmortization": 73801000,
    "ebitda": 342989000,
    "ebitdaratio": 0.1434668217,
    "operatingIncome": 265353000,
    "operatingIncomeRatio": 0.1109929226,
    "totalOtherIncomeExpensesNet": -30034000,
    "incomeBeforeTax": 235319000,
    "incomeBeforeTaxRatio": 0.09843018,
    "incomeTaxExpense": 82372000,
    "netIncome": 153933000,
    "netIncomeRatio": 0.0643877158,
    "eps": 0.64,
    "epsdiluted": 0.63,
    "weightedAverageShsOut": 241343000,
    "weightedAverageShsOutDil": 243021000,
    "link": "https://www.sec.gov/Archives/edgar/data/1022671/000114420417040780/0001144204-17-040780-index.htm",
    "finalLink": "https://www.sec.gov/Archives/edgar/data/1022671/000114420417040780/stld-20170630x10q.htm"
  },
  {
    "date": "2017-03-31",
    "symbol": "STLD",
    "reportedCurrency": "USD",
    "cik": "0001022671",
    "fillingDate": "2017-05-08",
    "acceptedDate": "2017-05-08 14:53:32",
    "calendarYear": "2017",
    "period": "Q1",
    "revenue": 2368216000,
    "costOfRevenue": 1896062000,
    "grossProfit": 472154000,
    "grossProfitRatio": 0.1993711722,
    "researchAndDevelopmentExpenses": 0,
    "generalAndAdministrativeExpenses": 102933000,
    "sellingAndMarketingExpenses": 0,
    "sellingGeneralAndAdministrativeExpenses": 102933000,
    "otherExpenses": 34655000,
    "operatingExpenses": 137588000,
    "costAndExpenses": 2033650000,
    "interestIncome": 0,
    "interestExpense": 33973000,
    "depreciationAndAmortization": 75057000,
    "ebitda": 413282000,
    "ebitdaratio": 0.1745119533,
    "operatingIncome": 334566000,
    "operatingIncomeRatio": 0.1412734311,
    "totalOtherIncomeExpensesNet": -30314000,
    "incomeBeforeTax": 304252000,
    "incomeBeforeTaxRatio": 0.1284730785,
    "incomeTaxExpense": 105586000,
    "netIncome": 200817000,
    "netIncomeRatio": 0.0847967415,
    "eps": 0.83,
    "epsdiluted": 0.82,
    "weightedAverageShsOut": 242943000,
    "weightedAverageShsOutDil": 244546000,
    "link": "https://www.sec.gov/Archives/edgar/data/1022671/000114420417025170/0001144204-17-025170-index.htm",
    "finalLink": "https://www.sec.gov/Archives/edgar/data/1022671/000114420417025170/stld-20170331x10q.htm"
  },
  {
    "date": "2016-12-31",
    "symbol": "STLD",
    "reportedCurrency": "USD",
    "cik": "0001022671",
    "fillingDate": "2017-02-28",
    "acceptedDate": "2017-02-28 16:45:08",
    "calendarYear": "2016",
    "period": "Q4",
    "revenue": 1910596000,
    "costOfRevenue": 1600654000,
    "grossProfit": 309942000,
    "grossProfitRatio": 0.1622226782,
    "researchAndDevelopmentExpenses": 0,
    "generalAndAdministrativeExpenses": 94110000,
    "sellingAndMarketingExpenses": 0,
    "sellingGeneralAndAdministrativeExpenses": 94110000,
    "otherExpenses": 159808000,
    "operatingExpenses": 253918000,
    "costAndExpenses": 1854572000,
    "interestIncome": 0,
    "interestExpense": 36149000,
    "depreciationAndAmortization": 73139000,
    "ebitda": 112108000,
    "ebitdaratio": 0.0586769783,
    "operatingIncome": 56024000,
    "operatingIncomeRatio": 0.0293227872,
    "totalOtherIncomeExpensesNet": -53204000,
    "incomeBeforeTax": 2820000,
    "incomeBeforeTaxRatio": 0.0014759792,
    "incomeTaxExpense": -1012000,
    "netIncome": 20012000,
    "netIncomeRatio": 0.0104742185,
    "eps": 0.08,
    "epsdiluted": 0.08,
    "weightedAverageShsOut": 243687000,
    "weightedAverageShsOutDil": 245511000,
    "link": "https://www.sec.gov/Archives/edgar/data/1022671/000114420417011732/0001144204-17-011732-index.htm",
    "finalLink": "https://www.sec.gov/Archives/edgar/data/1022671/000114420417011732/stld-20161231x10k.htm"
  },
  {
    "date": "2016-09-30",
    "symbol": "STLD",
    "reportedCurrency": "USD",
    "cik": "0001022671",
    "fillingDate": "2016-11-09",
    "acceptedDate": "2016-11-09 15:21:58",
    "calendarYear": "2016",
    "period": "Q3",
    "revenue": 2101310000,
    "costOfRevenue": 1692807000,
    "grossProfit": 408503000,
    "grossProfitRatio": 0.194403967,
    "researchAndDevelopmentExpenses": 0,
    "generalAndAdministrativeExpenses": 95185000,
    "sellingAndMarketingExpenses": 0,
    "sellingGeneralAndAdministrativeExpenses": 95185000,
    "otherExpenses": 29463000,
    "operatingExpenses": 124648000,
    "costAndExpenses": 1817455000,
    "interestIncome": 0,
    "interestExpense": 36199000,
    "depreciationAndAmortization": 74190000,
    "ebitda": 353694000,
    "ebitdaratio": 0.1683207142,
    "operatingIncome": 283855000,
    "operatingIncomeRatio": 0.1350847804,
    "totalOtherIncomeExpensesNet": -40550000,
    "incomeBeforeTax": 243305000,
    "incomeBeforeTaxRatio": 0.1157872946,
    "incomeTaxExpense": 88892000,
    "netIncome": 157397000,
    "netIncomeRatio": 0.0749042264,
    "eps": 0.65,
    "epsdiluted": 0.64,
    "weightedAverageShsOut": 243761000,
    "weightedAverageShsOutDil": 245682000,
    "link": "https://www.sec.gov/Archives/edgar/data/1022671/000114420416132751/0001144204-16-132751-index.htm",
    "finalLink": "https://www.sec.gov/Archives/edgar/data/1022671/000114420416132751/stld-20160930x10q.htm"
  },
  {
    "date": "2016-06-30",
    "symbol": "STLD",
    "reportedCurrency": "USD",
    "cik": "0001022671",
    "fillingDate": "2016-08-05",
    "acceptedDate": "2016-08-05 17:04:21",
    "calendarYear": "2016",
    "period": "Q2",
    "revenue": 2023902000,
    "costOfRevenue": 1643519000,
    "grossProfit": 380383000,
    "grossProfitRatio": 0.1879453649,
    "researchAndDevelopmentExpenses": 0,
    "generalAndAdministrativeExpenses": 96853000,
    "sellingAndMarketingExpenses": 0,
    "sellingGeneralAndAdministrativeExpenses": 96853000,
    "otherExpenses": 27408000,
    "operatingExpenses": 124261000,
    "costAndExpenses": 1767780000,
    "interestIncome": 0,
    "interestExpense": 36646000,
    "depreciationAndAmortization": 74795000,
    "ebitda": 332735000,
    "ebitdaratio": 0.1644027231,
    "operatingIncome": 256122000,
    "operatingIncomeRatio": 0.1265486175,
    "totalOtherIncomeExpensesNet": -34828000,
    "incomeBeforeTax": 221294000,
    "incomeBeforeTaxRatio": 0.1093402744,
    "incomeTaxExpense": 80851000,
    "netIncome": 141969000,
    "netIncomeRatio": 0.070146183,
    "eps": 0.58,
    "epsdiluted": 0.58,
    "weightedAverageShsOut": 243655000,
    "weightedAverageShsOutDil": 245392000,
    "link": "https://www.sec.gov/Archives/edgar/data/1022671/000110465916137648/0001104659-16-137648-index.htm",
    "finalLink": "https://www.sec.gov/Archives/edgar/data/1022671/000110465916137648/a16-11600_110q.htm"
  },
  {
    "date": "2016-03-31",
    "symbol": "STLD",
    "reportedCurrency": "USD",
    "cik": "0001022671",
    "fillingDate": "2016-05-06",
    "acceptedDate": "2016-05-06 12:05:58",
    "calendarYear": "2016",
    "period": "Q1",
    "revenue": 1741301000,
    "costOfRevenue": 1505265000,
    "grossProfit": 236036000,
    "grossProfitRatio": 0.1355515215,
    "researchAndDevelopmentExpenses": 0,
    "generalAndAdministrativeExpenses": 87530000,
    "sellingAndMarketingExpenses": 0,
    "sellingGeneralAndAdministrativeExpenses": 87530000,
    "otherExpenses": 16541000,
    "operatingExpenses": 104071000,
    "costAndExpenses": 1609336000,
    "interestIncome": 0,
    "interestExpense": 37043000,
    "depreciationAndAmortization": 73985000,
    "ebitda": 207742000,
    "ebitdaratio": 0.1193027512,
    "operatingIncome": 131965000,
    "operatingIncomeRatio": 0.0757852893,
    "totalOtherIncomeExpensesNet": -35251000,
    "incomeBeforeTax": 96714000,
    "incomeBeforeTaxRatio": 0.0555412304,
    "incomeTaxExpense": 35396000,
    "netIncome": 62737000,
    "netIncomeRatio": 0.0360288083,
    "eps": 0.26,
    "epsdiluted": 0.26,
    "weightedAverageShsOut": 243202000,
    "weightedAverageShsOutDil": 244608000,
    "link": "https://www.sec.gov/Archives/edgar/data/1022671/000110465916118631/0001104659-16-118631-index.htm",
    "finalLink": "https://www.sec.gov/Archives/edgar/data/1022671/000110465916118631/a16-6499_110q.htm"
  },
  {
    "date": "2015-12-31",
    "symbol": "STLD",
    "reportedCurrency": "USD",
    "cik": "0001022671",
    "fillingDate": "2016-02-26",
    "acceptedDate": "2016-02-26 13:46:27",
    "calendarYear": "2015",
    "period": "Q4",
    "revenue": 1591046000,
    "costOfRevenue": 1446839000,
    "grossProfit": 144207000,
    "grossProfitRatio": 0.0906366001,
    "researchAndDevelopmentExpenses": 0,
    "generalAndAdministrativeExpenses": 86245000,
    "sellingAndMarketingExpenses": 0,
    "sellingGeneralAndAdministrativeExpenses": 86245000,
    "otherExpenses": 439105000,
    "operatingExpenses": 525350000,
    "costAndExpenses": 1972189000,
    "interestIncome": 0,
    "interestExpense": 36616000,
    "depreciationAndAmortization": 73289000,
    "ebitda": -308018000,
    "ebitdaratio": -0.1935946541,
    "operatingIncome": -381143000,
    "operatingIncomeRatio": -0.2395549846,
    "totalOtherIncomeExpensesNet": -36780000,
    "incomeBeforeTax": -417923000,
    "incomeBeforeTaxRatio": -0.2626718524,
    "incomeTaxExpense": -161607000,
    "netIncome": -253239000,
    "netIncomeRatio": -0.1591651027,
    "eps": -1.05,
    "epsdiluted": -1.04,
    "weightedAverageShsOut": 241053504,
    "weightedAverageShsOutDil": 242558000,
    "link": "https://www.sec.gov/Archives/edgar/data/1022671/000104746916010496/0001047469-16-010496-index.htm",
    "finalLink": "https://www.sec.gov/Archives/edgar/data/1022671/000104746916010496/a2227468z10-k.htm"
  },
  {
    "date": "2015-09-30",
    "symbol": "STLD",
    "reportedCurrency": "USD",
    "cik": "0001022671",
    "fillingDate": "2015-11-06",
    "acceptedDate": "2015-11-06 14:49:51",
    "calendarYear": "2015",
    "period": "Q3",
    "revenue": 1950923000,
    "costOfRevenue": 1722197000,
    "grossProfit": 228726000,
    "grossProfitRatio": 0.1172398911,
    "researchAndDevelopmentExpenses": 0,
    "generalAndAdministrativeExpenses": 82648000,
    "sellingAndMarketingExpenses": 0,
    "sellingGeneralAndAdministrativeExpenses": 82648000,
    "otherExpenses": 15049000,
    "operatingExpenses": 97697000,
    "costAndExpenses": 1819894000,
    "interestIncome": 0,
    "interestExpense": 37084000,
    "depreciationAndAmortization": 74211000,
    "ebitda": 205001000,
    "ebitdaratio": 0.1050789806,
    "operatingIncome": 131029000,
    "operatingIncomeRatio": 0.0671625687,
    "totalOtherIncomeExpensesNet": -37323000,
    "incomeBeforeTax": 93706000,
    "incomeBeforeTaxRatio": 0.048031624,
    "incomeTaxExpense": 34839000,
    "netIncome": 60617000,
    "netIncomeRatio": 0.0310709341,
    "eps": 0.25,
    "epsdiluted": 0.25,
    "weightedAverageShsOut": 242074000,
    "weightedAverageShsOutDil": 243822000,
    "link": "https://www.sec.gov/Archives/edgar/data/1022671/000110465915076646/0001104659-15-076646-index.htm",
    "finalLink": "https://www.sec.gov/Archives/edgar/data/1022671/000110465915076646/a15-17817_110q.htm"
  },
  {
    "date": "2015-06-30",
    "symbol": "STLD",
    "reportedCurrency": "USD",
    "cik": "0001022671",
    "fillingDate": "2015-08-10",
    "acceptedDate": "2015-08-10 15:49:50",
    "calendarYear": "2015",
    "period": "Q2",
    "revenue": 2005007000,
    "costOfRevenue": 1833264000,
    "grossProfit": 171743000,
    "grossProfitRatio": 0.0856570576,
    "researchAndDevelopmentExpenses": 0,
    "generalAndAdministrativeExpenses": 82660000,
    "sellingAndMarketingExpenses": 0,
    "sellingGeneralAndAdministrativeExpenses": 82660000,
    "otherExpenses": 11524000,
    "operatingExpenses": 94184000,
    "costAndExpenses": 1927448000,
    "interestIncome": 0,
    "interestExpense": 37163000,
    "depreciationAndAmortization": 74273000,
    "ebitda": 153044000,
    "ebitdaratio": 0.0763309056,
    "operatingIncome": 77559000,
    "operatingIncomeRatio": 0.038682658,
    "totalOtherIncomeExpensesNet": -35951000,
    "incomeBeforeTax": 41608000,
    "incomeBeforeTaxRatio": 0.0207520472,
    "incomeTaxExpense": 16283000,
    "netIncome": 31550000,
    "netIncomeRatio": 0.0157356059,
    "eps": 0.13,
    "epsdiluted": 0.13,
    "weightedAverageShsOut": 241900000,
    "weightedAverageShsOutDil": 243491000,
    "link": "https://www.sec.gov/Archives/edgar/data/1022671/000110465915058205/0001104659-15-058205-index.htm",
    "finalLink": "https://www.sec.gov/Archives/edgar/data/1022671/000110465915058205/a15-11883_110q.htm"
  },
  {
    "date": "2015-03-31",
    "symbol": "STLD",
    "reportedCurrency": "USD",
    "cik": "0001022671",
    "fillingDate": "2015-05-11",
    "acceptedDate": "2015-05-11 13:45:54",
    "calendarYear": "2015",
    "period": "Q1",
    "revenue": 2047435000,
    "costOfRevenue": 1860393000,
    "grossProfit": 187042000,
    "grossProfitRatio": 0.0913543043,
    "researchAndDevelopmentExpenses": 0,
    "generalAndAdministrativeExpenses": 76350000,
    "sellingAndMarketingExpenses": 0,
    "sellingGeneralAndAdministrativeExpenses": 76350000,
    "otherExpenses": 10921000,
    "operatingExpenses": 87271000,
    "costAndExpenses": 1947664000,
    "interestIncome": 0,
    "interestExpense": 43087000,
    "depreciationAndAmortization": 72822000,
    "ebitda": 156401000,
    "ebitdaratio": 0.0763887498,
    "operatingIncome": 99771000,
    "operatingIncomeRatio": 0.0487297521,
    "totalOtherIncomeExpensesNet": -59279000,
    "incomeBeforeTax": 40492000,
    "incomeBeforeTaxRatio": 0.0197769404,
    "incomeTaxExpense": 13538000,
    "netIncome": 30761000,
    "netIncomeRatio": 0.0150241644,
    "eps": 0.13,
    "epsdiluted": 0.13,
    "weightedAverageShsOut": 241535000,
    "weightedAverageShsOutDil": 242867000,
    "link": "https://www.sec.gov/Archives/edgar/data/1022671/000110465915036708/0001104659-15-036708-index.htm",
    "finalLink": "https://www.sec.gov/Archives/edgar/data/1022671/000110465915036708/a15-6893_110q.htm"
  },
  {
    "date": "2014-12-31",
    "symbol": "STLD",
    "reportedCurrency": "USD",
    "cik": "0001022671",
    "fillingDate": "2015-03-02",
    "acceptedDate": "2015-03-02 14:28:40",
    "calendarYear": "2014",
    "period": "Q4",
    "revenue": 2517093000,
    "costOfRevenue": 2225469000,
    "grossProfit": 291624000,
    "grossProfitRatio": 0.1158574594,
    "researchAndDevelopmentExpenses": 0,
    "generalAndAdministrativeExpenses": 92469000,
    "sellingAndMarketingExpenses": 0,
    "sellingGeneralAndAdministrativeExpenses": 92469000,
    "otherExpenses": 280315000,
    "operatingExpenses": 372784000,
    "costAndExpenses": 2598253000,
    "interestIncome": 0,
    "interestExpense": 44740000,
    "depreciationAndAmortization": 81359000,
    "ebitda": 1632000,
    "ebitdaratio": 0.000648367,
    "operatingIncome": -81160000,
    "operatingIncomeRatio": -0.0322435444,
    "totalOtherIncomeExpensesNet": -43307000,
    "incomeBeforeTax": -124467000,
    "incomeBeforeTaxRatio": -0.0494487093,
    "incomeTaxExpense": -28421000,
    "netIncome": -45031000,
    "netIncomeRatio": -0.0178900819,
    "eps": -0.19,
    "epsdiluted": -0.19,
    "weightedAverageShsOut": 240870000,
    "weightedAverageShsOutDil": 240870000,
    "link": "https://www.sec.gov/Archives/edgar/data/1022671/000104746915001486/0001047469-15-001486-index.htm",
    "finalLink": "https://www.sec.gov/Archives/edgar/data/1022671/000104746915001486/a2223218z10-k.htm"
  },
  {
    "date": "2014-09-30",
    "symbol": "STLD",
    "reportedCurrency": "USD",
    "cik": "0001022671",
    "fillingDate": "2014-11-10",
    "acceptedDate": "2014-11-10 14:13:41",
    "calendarYear": "2014",
    "period": "Q3",
    "revenue": 2339016000,
    "costOfRevenue": 2050504000,
    "grossProfit": 288512000,
    "grossProfitRatio": 0.1233475957,
    "researchAndDevelopmentExpenses": 0,
    "generalAndAdministrativeExpenses": 80240000,
    "sellingAndMarketingExpenses": 0,
    "sellingGeneralAndAdministrativeExpenses": 80240000,
    "otherExpenses": 19629000,
    "operatingExpenses": 99869000,
    "costAndExpenses": 2150373000,
    "interestIncome": 0,
    "interestExpense": 31904000,
    "depreciationAndAmortization": 65957000,
    "ebitda": 232528000,
    "ebitdaratio": 0.0994127445,
    "operatingIncome": 188643000,
    "operatingIncomeRatio": 0.0806505813,
    "totalOtherIncomeExpensesNet": -53976000,
    "incomeBeforeTax": 134667000,
    "incomeBeforeTaxRatio": 0.0575742107,
    "incomeTaxExpense": 47010000,
    "netIncome": 91173000,
    "netIncomeRatio": 0.0389792118,
    "eps": 0.38,
    "epsdiluted": 0.38,
    "weightedAverageShsOut": 240087000,
    "weightedAverageShsOutDil": 242244000,
    "link": "https://www.sec.gov/Archives/edgar/data/1022671/000110465914078874/0001104659-14-078874-index.htm",
    "finalLink": "https://www.sec.gov/Archives/edgar/data/1022671/000110465914078874/a14-19702_110q.htm"
  },
  {
    "date": "2014-06-30",
    "symbol": "STLD",
    "reportedCurrency": "USD",
    "cik": "0001022671",
    "fillingDate": "2014-08-08",
    "acceptedDate": "2014-08-08 14:04:04",
    "calendarYear": "2014",
    "period": "Q2",
    "revenue": 2069761000,
    "costOfRevenue": 1846990000,
    "grossProfit": 222771000,
    "grossProfitRatio": 0.1076312676,
    "researchAndDevelopmentExpenses": 0,
    "generalAndAdministrativeExpenses": 73463000,
    "sellingAndMarketingExpenses": 0,
    "sellingGeneralAndAdministrativeExpenses": 73463000,
    "otherExpenses": 17403000,
    "operatingExpenses": 90866000,
    "costAndExpenses": 1937856000,
    "interestIncome": 0,
    "interestExpense": 30050000,
    "depreciationAndAmortization": 58441000,
    "ebitda": 192100000,
    "ebitdaratio": 0.0928126484,
    "operatingIncome": 131905000,
    "operatingIncomeRatio": 0.0637295804,
    "totalOtherIncomeExpensesNet": -28296000,
    "incomeBeforeTax": 103609000,
    "incomeBeforeTaxRatio": 0.0500584367,
    "incomeTaxExpense": 37268000,
    "netIncome": 72303000,
    "netIncomeRatio": 0.0349330188,
    "eps": 0.32,
    "epsdiluted": 0.31,
    "weightedAverageShsOut": 226220000,
    "weightedAverageShsOutDil": 242048000,
    "link": "https://www.sec.gov/Archives/edgar/data/1022671/000110465914058835/0001104659-14-058835-index.htm",
    "finalLink": "https://www.sec.gov/Archives/edgar/data/1022671/000110465914058835/a14-13964_110q.htm"
  },
  {
    "date": "2014-03-31",
    "symbol": "STLD",
    "reportedCurrency": "USD",
    "cik": "0001022671",
    "fillingDate": "2014-05-08",
    "acceptedDate": "2014-05-08 15:03:38",
    "calendarYear": "2014",
    "period": "Q1",
    "revenue": 1830082000,
    "costOfRevenue": 1666778000,
    "grossProfit": 163304000,
    "grossProfitRatio": 0.08923316,
    "researchAndDevelopmentExpenses": 0,
    "generalAndAdministrativeExpenses": 70042000,
    "sellingAndMarketingExpenses": 0,
    "sellingGeneralAndAdministrativeExpenses": 70042000,
    "otherExpenses": 12330000,
    "operatingExpenses": 82372000,
    "costAndExpenses": 1749150000,
    "interestIncome": 0,
    "interestExpense": 30569000,
    "depreciationAndAmortization": 57568000,
    "ebitda": 139131000,
    "ebitdaratio": 0.0760244623,
    "operatingIncome": 80932000,
    "operatingIncomeRatio": 0.044223155,
    "totalOtherIncomeExpensesNet": -29938000,
    "incomeBeforeTax": 50994000,
    "incomeBeforeTaxRatio": 0.0278643252,
    "incomeTaxExpense": 17296000,
    "netIncome": 38579000,
    "netIncomeRatio": 0.0210804762,
    "eps": 0.17,
    "epsdiluted": 0.17,
    "weightedAverageShsOut": 223011000,
    "weightedAverageShsOutDil": 241394000,
    "link": "https://www.sec.gov/Archives/edgar/data/1022671/000110465914036418/0001104659-14-036418-index.htm",
    "finalLink": "https://www.sec.gov/Archives/edgar/data/1022671/000110465914036418/a14-9194_110q.htm"
  },
  {
    "date": "2013-12-31",
    "symbol": "STLD",
    "reportedCurrency": "USD",
    "cik": "0001022671",
    "fillingDate": "2014-03-03",
    "acceptedDate": "2014-03-03 12:28:09",
    "calendarYear": "2013",
    "period": "Q4",
    "revenue": 1864150000,
    "costOfRevenue": 1666154000,
    "grossProfit": 197996000,
    "grossProfitRatio": 0.1062124829,
    "researchAndDevelopmentExpenses": 0,
    "generalAndAdministrativeExpenses": 74606000,
    "sellingAndMarketingExpenses": 0,
    "sellingGeneralAndAdministrativeExpenses": 74606000,
    "otherExpenses": 15568000,
    "operatingExpenses": 90174000,
    "costAndExpenses": 1756328000,
    "interestIncome": 4600000,
    "interestExpense": 30664000,
    "depreciationAndAmortization": 58839000,
    "ebitda": 166550000,
    "ebitdaratio": 0.0893436687,
    "operatingIncome": 107822000,
    "operatingIncomeRatio": 0.0578397661,
    "totalOtherIncomeExpensesNet": -30775000,
    "incomeBeforeTax": 77047000,
    "incomeBeforeTaxRatio": 0.0413309015,
    "incomeTaxExpense": 29146000,
    "netIncome": 54655000,
    "netIncomeRatio": 0.0293189926,
    "eps": 0.25,
    "epsdiluted": 0.24,
    "weightedAverageShsOut": 222273000,
    "weightedAverageShsOutDil": 240493000,
    "link": "https://www.sec.gov/Archives/edgar/data/1022671/000104746914001662/0001047469-14-001662-index.htm",
    "finalLink": "https://www.sec.gov/Archives/edgar/data/1022671/000104746914001662/a2218471z10-k.htm"
  },
  {
    "date": "2013-09-30",
    "symbol": "STLD",
    "reportedCurrency": "USD",
    "cik": "0001022671",
    "fillingDate": "2013-11-08",
    "acceptedDate": "2013-11-08 14:31:11",
    "calendarYear": "2013",
    "period": "Q3",
    "revenue": 1911738000,
    "costOfRevenue": 1714546000,
    "grossProfit": 197192000,
    "grossProfitRatio": 0.1031480255,
    "researchAndDevelopmentExpenses": 0,
    "generalAndAdministrativeExpenses": 67553000,
    "sellingAndMarketingExpenses": 0,
    "sellingGeneralAndAdministrativeExpenses": 67553000,
    "otherExpenses": 16366000,
    "operatingExpenses": 83919000,
    "costAndExpenses": 1798465000,
    "interestIncome": 0,
    "interestExpense": 30970000,
    "depreciationAndAmortization": 58202000,
    "ebitda": 173327000,
    "ebitdaratio": 0.0906646204,
    "operatingIncome": 113273000,
    "operatingIncomeRatio": 0.05925132,
    "totalOtherIncomeExpensesNet": -29118000,
    "incomeBeforeTax": 84155000,
    "incomeBeforeTaxRatio": 0.0440201534,
    "incomeTaxExpense": 33065000,
    "netIncome": 57486000,
    "netIncomeRatio": 0.0300700201,
    "eps": 0.26,
    "epsdiluted": 0.25,
    "weightedAverageShsOut": 220926000,
    "weightedAverageShsOutDil": 239001000,
    "link": "https://www.sec.gov/Archives/edgar/data/1022671/000110465913082749/0001104659-13-082749-index.htm",
    "finalLink": "https://www.sec.gov/Archives/edgar/data/1022671/000110465913082749/a13-19580_110q.htm"
  },
  {
    "date": "2013-06-30",
    "symbol": "STLD",
    "reportedCurrency": "USD",
    "cik": "0001022671",
    "fillingDate": "2013-08-07",
    "acceptedDate": "2013-08-07 11:24:59",
    "calendarYear": "2013",
    "period": "Q2",
    "revenue": 1801340000,
    "costOfRevenue": 1653648000,
    "grossProfit": 147692000,
    "grossProfitRatio": 0.0819900741,
    "researchAndDevelopmentExpenses": 0,
    "generalAndAdministrativeExpenses": 65356000,
    "sellingAndMarketingExpenses": 0,
    "sellingGeneralAndAdministrativeExpenses": 65356000,
    "otherExpenses": 13138000,
    "operatingExpenses": 78494000,
    "costAndExpenses": 1732142000,
    "interestIncome": 0,
    "interestExpense": 31465000,
    "depreciationAndAmortization": 56826000,
    "ebitda": 127270000,
    "ebitdaratio": 0.0706529584,
    "operatingIncome": 69198000,
    "operatingIncomeRatio": 0.0384147357,
    "totalOtherIncomeExpensesNet": -30219000,
    "incomeBeforeTax": 38979000,
    "incomeBeforeTaxRatio": 0.021638891,
    "incomeTaxExpense": 15706000,
    "netIncome": 28958000,
    "netIncomeRatio": 0.0160758102,
    "eps": 0.13,
    "epsdiluted": 0.13,
    "weightedAverageShsOut": 220471000,
    "weightedAverageShsOutDil": 221736000,
    "link": "https://www.sec.gov/Archives/edgar/data/1022671/000110465913060793/0001104659-13-060793-index.htm",
    "finalLink": "https://www.sec.gov/Archives/edgar/data/1022671/000110465913060793/a13-13679_110q.htm"
  },
  {
    "date": "2013-03-31",
    "symbol": "STLD",
    "reportedCurrency": "USD",
    "cik": "0001022671",
    "fillingDate": "2013-05-09",
    "acceptedDate": "2013-05-09 14:03:14",
    "calendarYear": "2013",
    "period": "Q1",
    "revenue": 1795696000,
    "costOfRevenue": 1619432000,
    "grossProfit": 176264000,
    "grossProfitRatio": 0.0981591539,
    "researchAndDevelopmentExpenses": 0,
    "generalAndAdministrativeExpenses": 65262000,
    "sellingAndMarketingExpenses": 0,
    "sellingGeneralAndAdministrativeExpenses": 65262000,
    "otherExpenses": 14770000,
    "operatingExpenses": 80032000,
    "costAndExpenses": 1699464000,
    "interestIncome": 0,
    "interestExpense": 34629000,
    "depreciationAndAmortization": 57061000,
    "ebitda": 154339000,
    "ebitdaratio": 0.0859494035,
    "operatingIncome": 96232000,
    "operatingIncomeRatio": 0.0535903627,
    "totalOtherIncomeExpensesNet": -33583000,
    "incomeBeforeTax": 62649000,
    "incomeBeforeTaxRatio": 0.0348884221,
    "incomeTaxExpense": 21397000,
    "netIncome": 48215000,
    "netIncomeRatio": 0.0268503132,
    "eps": 0.22,
    "epsdiluted": 0.21,
    "weightedAverageShsOut": 219995000,
    "weightedAverageShsOutDil": 238087000,
    "link": "https://www.sec.gov/Archives/edgar/data/1022671/000110465913039480/0001104659-13-039480-index.htm",
    "finalLink": "https://www.sec.gov/Archives/edgar/data/1022671/000110465913039480/a13-8325_110q.htm"
  },
  {
    "date": "2012-12-31",
    "symbol": "STLD",
    "reportedCurrency": "USD",
    "cik": "0001022671",
    "fillingDate": "2013-02-27",
    "acceptedDate": "2013-02-27 16:48:29",
    "calendarYear": "2012",
    "period": "Q4",
    "revenue": 1705001000,
    "costOfRevenue": 1524904000,
    "grossProfit": 180097000,
    "grossProfitRatio": 0.1056286771,
    "researchAndDevelopmentExpenses": 0,
    "generalAndAdministrativeExpenses": 49103000,
    "sellingAndMarketingExpenses": 0,
    "sellingGeneralAndAdministrativeExpenses": 49103000,
    "otherExpenses": 36065000,
    "operatingExpenses": 85168000,
    "costAndExpenses": 1610072000,
    "interestIncome": 4700000,
    "interestExpense": 34877000,
    "depreciationAndAmortization": 55189000,
    "ebitda": 153970000,
    "ebitdaratio": 0.0903049324,
    "operatingIncome": 94929000,
    "operatingIncomeRatio": 0.0556768002,
    "totalOtherIncomeExpensesNet": -31025000,
    "incomeBeforeTax": 63904000,
    "incomeBeforeTaxRatio": 0.0374803299,
    "incomeTaxExpense": 8810000,
    "netIncome": 60571000,
    "netIncomeRatio": 0.0355254924,
    "eps": 0.28,
    "epsdiluted": 0.27,
    "weightedAverageShsOut": 219346000,
    "weightedAverageShsOutDil": 236890000,
    "link": "https://www.sec.gov/Archives/edgar/data/1022671/000104746913001827/0001047469-13-001827-index.htm",
    "finalLink": "https://www.sec.gov/Archives/edgar/data/1022671/000104746913001827/a2213113z10-k.htm"
  },
  {
    "date": "2012-09-30",
    "symbol": "STLD",
    "reportedCurrency": "USD",
    "cik": "0001022671",
    "fillingDate": "2012-11-07",
    "acceptedDate": "2012-11-07 15:42:33",
    "calendarYear": "2012",
    "period": "Q3",
    "revenue": 1693390000,
    "costOfRevenue": 1536989000,
    "grossProfit": 156401000,
    "grossProfitRatio": 0.0923597045,
    "researchAndDevelopmentExpenses": 0,
    "generalAndAdministrativeExpenses": 62984000,
    "sellingAndMarketingExpenses": 0,
    "sellingGeneralAndAdministrativeExpenses": 62984000,
    "otherExpenses": 20696000,
    "operatingExpenses": 83680000,
    "costAndExpenses": 1620669000,
    "interestIncome": 0,
    "interestExpense": 41490000,
    "depreciationAndAmortization": 58953000,
    "ebitda": 107664000,
    "ebitdaratio": 0.0635789747,
    "operatingIncome": 72721000,
    "operatingIncomeRatio": 0.0429440353,
    "totalOtherIncomeExpensesNet": -65500000,
    "incomeBeforeTax": 7221000,
    "incomeBeforeTaxRatio": 0.0042642274,
    "incomeTaxExpense": 1116000,
    "netIncome": 12833000,
    "netIncomeRatio": 0.0075782897,
    "eps": 0.06,
    "epsdiluted": 0.06,
    "weightedAverageShsOut": 219191000,
    "weightedAverageShsOutDil": 220044000,
    "link": "https://www.sec.gov/Archives/edgar/data/1022671/000110465912075312/0001104659-12-075312-index.htm",
    "finalLink": "https://www.sec.gov/Archives/edgar/data/1022671/000110465912075312/a12-19046_110q.htm"
  },
  {
    "date": "2012-06-30",
    "symbol": "STLD",
    "reportedCurrency": "USD",
    "cik": "0001022671",
    "fillingDate": "2012-08-07",
    "acceptedDate": "2012-08-07 12:16:35",
    "calendarYear": "2012",
    "period": "Q2",
    "revenue": 1909803000,
    "costOfRevenue": 1727667000,
    "grossProfit": 182136000,
    "grossProfitRatio": 0.0953689988,
    "researchAndDevelopmentExpenses": 0,
    "generalAndAdministrativeExpenses": 61235000,
    "sellingAndMarketingExpenses": 0,
    "sellingGeneralAndAdministrativeExpenses": 61235000,
    "otherExpenses": 17202000,
    "operatingExpenses": 78437000,
    "costAndExpenses": 1806104000,
    "interestIncome": 0,
    "interestExpense": 41106000,
    "depreciationAndAmortization": 55502000,
    "ebitda": 161093000,
    "ebitdaratio": 0.0843505849,
    "operatingIncome": 103699000,
    "operatingIncomeRatio": 0.0542982706,
    "totalOtherIncomeExpensesNet": -39214000,
    "incomeBeforeTax": 64485000,
    "incomeBeforeTaxRatio": 0.0337652627,
    "incomeTaxExpense": 25180000,
    "netIncome": 44472000,
    "netIncomeRatio": 0.0232861714,
    "eps": 0.2,
    "epsdiluted": 0.2,
    "weightedAverageShsOut": 219104000,
    "weightedAverageShsOutDil": 236208000,
    "link": "https://www.sec.gov/Archives/edgar/data/1022671/000110465912055077/0001104659-12-055077-index.htm",
    "finalLink": "https://www.sec.gov/Archives/edgar/data/1022671/000110465912055077/a12-13653_110q.htm"
  },
  {
    "date": "2012-03-31",
    "symbol": "STLD",
    "reportedCurrency": "USD",
    "cik": "0001022671",
    "fillingDate": "2012-05-09",
    "acceptedDate": "2012-05-09 15:52:30",
    "calendarYear": "2012",
    "period": "Q1",
    "revenue": 1982040000,
    "costOfRevenue": 1780776000,
    "grossProfit": 201264000,
    "grossProfitRatio": 0.1015438639,
    "researchAndDevelopmentExpenses": 0,
    "generalAndAdministrativeExpenses": 64384000,
    "sellingAndMarketingExpenses": 0,
    "sellingGeneralAndAdministrativeExpenses": 64384000,
    "otherExpenses": 17064000,
    "operatingExpenses": 81448000,
    "costAndExpenses": 1862224000,
    "interestIncome": 0,
    "interestExpense": 41112000,
    "depreciationAndAmortization": 55572000,
    "ebitda": 165140000,
    "ebitdaratio": 0.0833181974,
    "operatingIncome": 119816000,
    "operatingIncomeRatio": 0.0604508486,
    "totalOtherIncomeExpensesNet": -51360000,
    "incomeBeforeTax": 68456000,
    "incomeBeforeTaxRatio": 0.0345381526,
    "incomeTaxExpense": 26679000,
    "netIncome": 45675000,
    "netIncomeRatio": 0.0230444391,
    "eps": 0.21,
    "epsdiluted": 0.2,
    "weightedAverageShsOut": 218996000,
    "weightedAverageShsOutDil": 236526000,
    "link": "https://www.sec.gov/Archives/edgar/data/1022671/000110465912035125/0001104659-12-035125-index.htm",
    "finalLink": "https://www.sec.gov/Archives/edgar/data/1022671/000110465912035125/a12-6512_110q.htm"
  },
  {
    "date": "2011-12-31",
    "symbol": "STLD",
    "reportedCurrency": "USD",
    "cik": "0001022671",
    "fillingDate": "2012-02-27",
    "acceptedDate": "2012-02-27 14:34:44",
    "calendarYear": "2011",
    "period": "Q4",
    "revenue": 1858345000,
    "costOfRevenue": 1698210000,
    "grossProfit": 160135000,
    "grossProfitRatio": 0.0861707595,
    "researchAndDevelopmentExpenses": 0,
    "generalAndAdministrativeExpenses": 68011000,
    "sellingAndMarketingExpenses": 0,
    "sellingGeneralAndAdministrativeExpenses": 68011000,
    "otherExpenses": 9634000,
    "operatingExpenses": 77645000,
    "costAndExpenses": 1775855000,
    "interestIncome": 0,
    "interestExpense": 44117000,
    "depreciationAndAmortization": 55642000,
    "ebitda": 140773000,
    "ebitdaratio": 0.0757518114,
    "operatingIncome": 82490000,
    "operatingIncomeRatio": 0.044388959,
    "totalOtherIncomeExpensesNet": -41476000,
    "incomeBeforeTax": 41014000,
    "incomeBeforeTaxRatio": 0.0220701753,
    "incomeTaxExpense": 15235000,
    "netIncome": 30203000,
    "netIncomeRatio": 0.0162526334,
    "eps": 0.14,
    "epsdiluted": 0.14,
    "weightedAverageShsOut": 218717000,
    "weightedAverageShsOutDil": 218996000,
    "link": "https://www.sec.gov/Archives/edgar/data/1022671/000104746912001586/0001047469-12-001586-index.htm",
    "finalLink": "https://www.sec.gov/Archives/edgar/data/1022671/000104746912001586/a2207507z10-k.htm"
  },
  {
    "date": "2011-09-30",
    "symbol": "STLD",
    "reportedCurrency": "USD",
    "cik": "0001022671",
    "fillingDate": "2011-11-08",
    "acceptedDate": "2011-11-08 13:45:58",
    "calendarYear": "2011",
    "period": "Q3",
    "revenue": 2043455000,
    "costOfRevenue": 1844212000,
    "grossProfit": 199243000,
    "grossProfitRatio": 0.0975030035,
    "researchAndDevelopmentExpenses": 0,
    "generalAndAdministrativeExpenses": 80304000,
    "sellingAndMarketingExpenses": 0,
    "sellingGeneralAndAdministrativeExpenses": 80304000,
    "otherExpenses": 10154000,
    "operatingExpenses": 90458000,
    "costAndExpenses": 1934670000,
    "interestIncome": 0,
    "interestExpense": 44702000,
    "depreciationAndAmortization": 10154000,
    "ebitda": 168270000,
    "ebitdaratio": 0.082345831,
    "operatingIncome": 108785000,
    "operatingIncomeRatio": 0.0532358187,
    "totalOtherIncomeExpensesNet": -41179000,
    "incomeBeforeTax": 67606000,
    "incomeBeforeTaxRatio": 0.0330841638,
    "incomeTaxExpense": 27749000,
    "netIncome": 43304000,
    "netIncomeRatio": 0.0211915604,
    "eps": 0.2,
    "epsdiluted": 0.19,
    "weightedAverageShsOut": 218674000,
    "weightedAverageShsOutDil": 235759000,
    "link": "https://www.sec.gov/Archives/edgar/data/1022671/000110465911062020/0001104659-11-062020-index.htm",
    "finalLink": "https://www.sec.gov/Archives/edgar/data/1022671/000110465911062020/a11-25547_110q.htm"
  },
  {
    "date": "2011-06-30",
    "symbol": "STLD",
    "reportedCurrency": "USD",
    "cik": "0001022671",
    "fillingDate": "2011-08-05",
    "acceptedDate": "2011-08-05 11:15:08",
    "calendarYear": "2011",
    "period": "Q2",
    "revenue": 2079731000,
    "costOfRevenue": 1803345000,
    "grossProfit": 276386000,
    "grossProfitRatio": 0.1328950715,
    "researchAndDevelopmentExpenses": 0,
    "generalAndAdministrativeExpenses": 78085000,
    "sellingAndMarketingExpenses": 0,
    "sellingGeneralAndAdministrativeExpenses": 78085000,
    "otherExpenses": 10082000,
    "operatingExpenses": 88167000,
    "costAndExpenses": 1891512000,
    "interestIncome": 0,
    "interestExpense": 44812000,
    "depreciationAndAmortization": 10082000,
    "ebitda": 250221000,
    "ebitdaratio": 0.1203141175,
    "operatingIncome": 188219000,
    "operatingIncomeRatio": 0.0905016081,
    "totalOtherIncomeExpensesNet": -39067000,
    "incomeBeforeTax": 149152000,
    "incomeBeforeTaxRatio": 0.0717169672,
    "incomeTaxExpense": 53326000,
    "netIncome": 98710000,
    "netIncomeRatio": 0.047462869,
    "eps": 0.45,
    "epsdiluted": 0.43,
    "weightedAverageShsOut": 218500000,
    "weightedAverageShsOutDil": 236266000,
    "link": "https://www.sec.gov/Archives/edgar/data/1022671/000110465911044089/0001104659-11-044089-index.htm",
    "finalLink": "https://www.sec.gov/Archives/edgar/data/1022671/000110465911044089/a11-13793_110q.htm"
  },
  {
    "date": "2011-03-31",
    "symbol": "STLD",
    "reportedCurrency": "USD",
    "cik": "0001022671",
    "fillingDate": "2011-05-06",
    "acceptedDate": "2011-05-06 15:17:31",
    "calendarYear": "2011",
    "period": "Q1",
    "revenue": 2015969000,
    "costOfRevenue": 1720215000,
    "grossProfit": 295754000,
    "grossProfitRatio": 0.1467056289,
    "researchAndDevelopmentExpenses": 0,
    "generalAndAdministrativeExpenses": 80344000,
    "sellingAndMarketingExpenses": 0,
    "sellingGeneralAndAdministrativeExpenses": 80344000,
    "otherExpenses": 10084000,
    "operatingExpenses": 90428000,
    "costAndExpenses": 1810643000,
    "interestIncome": 0,
    "interestExpense": 43346000,
    "depreciationAndAmortization": 54746000,
    "ebitda": 264639000,
    "ebitdaratio": 0.1312713638,
    "operatingIncome": 205326000,
    "operatingIncomeRatio": 0.1018497804,
    "totalOtherIncomeExpensesNet": -38779000,
    "incomeBeforeTax": 166547000,
    "incomeBeforeTaxRatio": 0.0826138696,
    "incomeTaxExpense": 62317000,
    "netIncome": 105903000,
    "netIncomeRatio": 0.0525320578,
    "eps": 0.49,
    "epsdiluted": 0.46,
    "weightedAverageShsOut": 217992000,
    "weightedAverageShsOutDil": 236224000,
    "link": "https://www.sec.gov/Archives/edgar/data/1022671/000110465911026813/0001104659-11-026813-index.htm",
    "finalLink": "https://www.sec.gov/Archives/edgar/data/1022671/000110465911026813/a11-8034_110q.htm"
  },
  {
    "date": "2010-12-31",
    "symbol": "STLD",
    "reportedCurrency": "USD",
    "cik": "0001022671",
    "fillingDate": "2011-02-23",
    "acceptedDate": "2011-02-23 12:08:52",
    "calendarYear": "2010",
    "period": "Q4",
    "revenue": 1528134000,
    "costOfRevenue": 1394466000,
    "grossProfit": 133668000,
    "grossProfitRatio": 0.0874713867,
    "researchAndDevelopmentExpenses": 0,
    "generalAndAdministrativeExpenses": 62893000,
    "sellingAndMarketingExpenses": 0,
    "sellingGeneralAndAdministrativeExpenses": 62893000,
    "otherExpenses": 23954000,
    "operatingExpenses": 86847000,
    "costAndExpenses": 1481313000,
    "interestIncome": 0,
    "interestExpense": 44980000,
    "depreciationAndAmortization": 55750000,
    "ebitda": 108689000,
    "ebitdaratio": 0.0711253071,
    "operatingIncome": 46821000,
    "operatingIncomeRatio": 0.0306393287,
    "totalOtherIncomeExpensesNet": -38862000,
    "incomeBeforeTax": 7959000,
    "incomeBeforeTaxRatio": 0.0052083129,
    "incomeTaxExpense": 3901000,
    "netIncome": 7792000,
    "netIncomeRatio": 0.0050990293,
    "eps": 0.0357,
    "epsdiluted": 0.0357,
    "weightedAverageShsOut": 217240000,
    "weightedAverageShsOutDil": 217992000,
    "link": "https://www.sec.gov/Archives/edgar/data/1022671/000104746911001181/0001047469-11-001181-index.htm",
    "finalLink": "https://www.sec.gov/Archives/edgar/data/1022671/000104746911001181/a2202106z10-k.htm"
  },
  {
    "date": "2010-09-30",
    "symbol": "STLD",
    "reportedCurrency": "USD",
    "cik": "0001022671",
    "fillingDate": "2010-11-05",
    "acceptedDate": "2010-11-05 13:59:23",
    "calendarYear": "2010",
    "period": "Q3",
    "revenue": 1584164000,
    "costOfRevenue": 1444632000,
    "grossProfit": 139532000,
    "grossProfitRatio": 0.0880792645,
    "researchAndDevelopmentExpenses": 0,
    "generalAndAdministrativeExpenses": 59241000,
    "sellingAndMarketingExpenses": 0,
    "sellingGeneralAndAdministrativeExpenses": 59241000,
    "otherExpenses": 11291000,
    "operatingExpenses": 70532000,
    "costAndExpenses": 1515164000,
    "interestIncome": 0,
    "interestExpense": 44286000,
    "depreciationAndAmortization": 57278000,
    "ebitda": 132493000,
    "ebitdaratio": 0.0836359114,
    "operatingIncome": 69000000,
    "operatingIncomeRatio": 0.0435560965,
    "totalOtherIncomeExpensesNet": -38071000,
    "incomeBeforeTax": 30929000,
    "incomeBeforeTaxRatio": 0.0195238624,
    "incomeTaxExpense": 15574000,
    "netIncome": 18741000,
    "netIncomeRatio": 0.0118302145,
    "eps": 0.09,
    "epsdiluted": 0.09,
    "weightedAverageShsOut": 216881000,
    "weightedAverageShsOutDil": 234543000,
    "link": "https://www.sec.gov/Archives/edgar/data/1022671/000110465910056477/0001104659-10-056477-index.htm",
    "finalLink": "https://www.sec.gov/Archives/edgar/data/1022671/000110465910056477/a10-17271_110q.htm"
  },
  {
    "date": "2010-06-30",
    "symbol": "STLD",
    "reportedCurrency": "USD",
    "cik": "0001022671",
    "fillingDate": "2010-08-04",
    "acceptedDate": "2010-08-04 12:23:30",
    "calendarYear": "2010",
    "period": "Q2",
    "revenue": 1632799000,
    "costOfRevenue": 1440815000,
    "grossProfit": 191984000,
    "grossProfitRatio": 0.1175796898,
    "researchAndDevelopmentExpenses": 0,
    "generalAndAdministrativeExpenses": 63784000,
    "sellingAndMarketingExpenses": 0,
    "sellingGeneralAndAdministrativeExpenses": 63784000,
    "otherExpenses": 11565000,
    "operatingExpenses": 75349000,
    "costAndExpenses": 1516164000,
    "interestIncome": 0,
    "interestExpense": 43448000,
    "depreciationAndAmortization": 55398000,
    "ebitda": 175554000,
    "ebitdaratio": 0.1075172143,
    "operatingIncome": 116635000,
    "operatingIncomeRatio": 0.0714325523,
    "totalOtherIncomeExpensesNet": -39927000,
    "incomeBeforeTax": 76708000,
    "incomeBeforeTaxRatio": 0.0469794506,
    "incomeTaxExpense": 29911000,
    "netIncome": 49207000,
    "netIncomeRatio": 0.0301365937,
    "eps": 0.23,
    "epsdiluted": 0.22,
    "weightedAverageShsOut": 216635000,
    "weightedAverageShsOutDil": 234600000,
    "link": "https://www.sec.gov/Archives/edgar/data/1022671/000110465910041754/0001104659-10-041754-index.htm",
    "finalLink": "https://www.sec.gov/Archives/edgar/data/1022671/000110465910041754/a10-12607_110q.htm"
  },
  {
    "date": "2010-03-31",
    "symbol": "STLD",
    "reportedCurrency": "USD",
    "cik": "0001022671",
    "fillingDate": "2010-05-07",
    "acceptedDate": "2010-05-07 10:26:18",
    "calendarYear": "2010",
    "period": "Q1",
    "revenue": 1555790000,
    "costOfRevenue": 1345308000,
    "grossProfit": 210482000,
    "grossProfitRatio": 0.1352894671,
    "researchAndDevelopmentExpenses": 0,
    "generalAndAdministrativeExpenses": 66604000,
    "sellingAndMarketingExpenses": 0,
    "sellingGeneralAndAdministrativeExpenses": 66604000,
    "otherExpenses": 11581000,
    "operatingExpenses": 78185000,
    "costAndExpenses": 1423493000,
    "interestIncome": 0,
    "interestExpense": 37515000,
    "depreciationAndAmortization": 56272000,
    "ebitda": 191650000,
    "ebitdaratio": 0.1231850057,
    "operatingIncome": 132297000,
    "operatingIncomeRatio": 0.0850352554,
    "totalOtherIncomeExpensesNet": -34434000,
    "incomeBeforeTax": 97863000,
    "incomeBeforeTaxRatio": 0.0629024483,
    "incomeTaxExpense": 34474000,
    "netIncome": 64969000,
    "netIncomeRatio": 0.041759492,
    "eps": 0.3,
    "epsdiluted": 0.29,
    "weightedAverageShsOut": 216284000,
    "weightedAverageShsOutDil": 234659000,
    "link": "https://www.sec.gov/Archives/edgar/data/1022671/000110465910026705/0001104659-10-026705-index.htm",
    "finalLink": "https://www.sec.gov/Archives/edgar/data/1022671/000110465910026705/a10-5728_110q.htm"
  },
  {
    "date": "2009-12-31",
    "symbol": "STLD",
    "reportedCurrency": "USD",
    "cik": "0001022671",
    "fillingDate": "2010-02-22",
    "acceptedDate": "2010-02-22 17:10:59",
    "calendarYear": "2009",
    "period": "Q4",
    "revenue": 1179802000,
    "costOfRevenue": 1025629000,
    "grossProfit": 154173000,
    "grossProfitRatio": 0.1306770119,
    "researchAndDevelopmentExpenses": 0,
    "generalAndAdministrativeExpenses": 0,
    "sellingAndMarketingExpenses": 0,
    "sellingGeneralAndAdministrativeExpenses": 60592000,
    "otherExpenses": 15179000,
    "operatingExpenses": 75771000,
    "costAndExpenses": 1101400000,
    "interestIncome": 0,
    "interestExpense": 33546000,
    "depreciationAndAmortization": 54783000,
    "ebitda": 134648000,
    "ebitdaratio": 0.1141276248,
    "operatingIncome": 78402000,
    "operatingIncomeRatio": 0.0664535236,
    "totalOtherIncomeExpensesNet": -32083000,
    "incomeBeforeTax": 46319000,
    "incomeBeforeTaxRatio": 0.0392599775,
    "incomeTaxExpense": 19773000,
    "netIncome": 26651000,
    "netIncomeRatio": 0.0225893836,
    "eps": 0.12,
    "epsdiluted": 0.12,
    "weightedAverageShsOut": 215749000,
    "weightedAverageShsOutDil": 216284000,
    "link": "https://www.sec.gov/Archives/edgar/data/1022671/000104746910001104/0001047469-10-001104-index.htm",
    "finalLink": "https://www.sec.gov/Archives/edgar/data/1022671/000104746910001104/a2196582z10-k.htm"
  },
  {
    "date": "2009-09-30",
    "symbol": "STLD",
    "reportedCurrency": "USD",
    "cik": "0001022671",
    "fillingDate": "2009-11-06",
    "acceptedDate": "2009-11-06 14:57:52",
    "calendarYear": "2009",
    "period": "Q3",
    "revenue": 1172196000,
    "costOfRevenue": 955503000,
    "grossProfit": 216693000,
    "grossProfitRatio": 0.184860723,
    "researchAndDevelopmentExpenses": 0,
    "generalAndAdministrativeExpenses": 56584000,
    "sellingAndMarketingExpenses": 0,
    "sellingGeneralAndAdministrativeExpenses": 56584000,
    "otherExpenses": 11661000,
    "operatingExpenses": 68245000,
    "costAndExpenses": 1023748000,
    "interestIncome": 0,
    "interestExpense": 34520000,
    "depreciationAndAmortization": 51915000,
    "ebitda": 202530000,
    "ebitdaratio": 0.1727782726,
    "operatingIncome": 148448000,
    "operatingIncomeRatio": 0.1266409372,
    "totalOtherIncomeExpensesNet": -32353000,
    "incomeBeforeTax": 116095000,
    "incomeBeforeTaxRatio": 0.0990406041,
    "incomeTaxExpense": 47365000,
    "netIncome": 69018000,
    "netIncomeRatio": 0.0588792318,
    "eps": 0.32,
    "epsdiluted": 0.3,
    "weightedAverageShsOut": 215218000,
    "weightedAverageShsOutDil": 234080000,
    "link": "https://www.sec.gov/Archives/edgar/data/1022671/000110465909063309/0001104659-09-063309-index.htm",
    "finalLink": "https://www.sec.gov/Archives/edgar/data/1022671/000110465909063309/a09-30346_110q.htm"
  },
  {
    "date": "2009-06-30",
    "symbol": "STLD",
    "reportedCurrency": "USD",
    "cik": "0001022671",
    "fillingDate": "2009-08-07",
    "acceptedDate": "2009-08-07 14:08:42",
    "calendarYear": "2009",
    "period": "Q2",
    "revenue": 792158000,
    "costOfRevenue": 723321000,
    "grossProfit": 68837000,
    "grossProfitRatio": 0.0868980683,
    "researchAndDevelopmentExpenses": 0,
    "generalAndAdministrativeExpenses": 48559000,
    "sellingAndMarketingExpenses": 0,
    "sellingGeneralAndAdministrativeExpenses": 48559000,
    "otherExpenses": 13994000,
    "operatingExpenses": 62553000,
    "costAndExpenses": 785874000,
    "interestIncome": 0,
    "interestExpense": 37043000,
    "depreciationAndAmortization": 57765000,
    "ebitda": 63263000,
    "ebitdaratio": 0.0798615933,
    "operatingIncome": 6284000,
    "operatingIncomeRatio": 0.0079327609,
    "totalOtherIncomeExpensesNet": -37829000,
    "incomeBeforeTax": -31545000,
    "incomeBeforeTaxRatio": -0.0398216012,
    "incomeTaxExpense": -15024000,
    "netIncome": -15991000,
    "netIncomeRatio": -0.0201866294,
    "eps": -0.0842,
    "epsdiluted": -0.0842,
    "weightedAverageShsOut": 189848000,
    "weightedAverageShsOutDil": 189848000,
    "link": "https://www.sec.gov/Archives/edgar/data/1022671/000110465909048161/0001104659-09-048161-index.htm",
    "finalLink": "https://www.sec.gov/Archives/edgar/data/1022671/000110465909048161/a09-15245_110q.htm"
  },
  {
    "date": "2009-03-31",
    "symbol": "STLD",
    "reportedCurrency": "USD",
    "cik": "0001022671",
    "fillingDate": "2009-05-11",
    "acceptedDate": "2009-05-11 16:46:09",
    "calendarYear": "2009",
    "period": "Q1",
    "revenue": 814650000,
    "costOfRevenue": 855277000,
    "grossProfit": -40627000,
    "grossProfitRatio": -0.0498704965,
    "researchAndDevelopmentExpenses": 0,
    "generalAndAdministrativeExpenses": 0,
    "sellingAndMarketingExpenses": 0,
    "sellingGeneralAndAdministrativeExpenses": 57320000,
    "otherExpenses": 15656000,
    "operatingExpenses": 72976000,
    "costAndExpenses": 928253000,
    "interestIncome": 0,
    "interestExpense": 36251000,
    "depreciationAndAmortization": 56963000,
    "ebitda": -55892000,
    "ebitdaratio": -0.0686086049,
    "operatingIncome": -113603000,
    "operatingIncomeRatio": -0.1394500706,
    "totalOtherIncomeExpensesNet": -35503000,
    "incomeBeforeTax": -149106000,
    "incomeBeforeTaxRatio": -0.1830307494,
    "incomeTaxExpense": -59332000,
    "netIncome": -87862000,
    "netIncomeRatio": -0.107852452,
    "eps": -0.48,
    "epsdiluted": -0.48,
    "weightedAverageShsOut": 182000000,
    "weightedAverageShsOutDil": 182000000,
    "link": "https://www.sec.gov/Archives/edgar/data/1022671/000110465909031567/0001104659-09-031567-index.htm",
    "finalLink": "https://www.sec.gov/Archives/edgar/data/1022671/000110465909031567/a09-11246_110q.htm"
  },
  {
    "date": "2008-12-31",
    "symbol": "STLD",
    "reportedCurrency": "USD",
    "cik": "0001022671",
    "fillingDate": "2009-02-27",
    "acceptedDate": "2009-02-27 16:40:29",
    "calendarYear": "2008",
    "period": "Q4",
    "revenue": 1210434000,
    "costOfRevenue": 1251345000,
    "grossProfit": -40911000,
    "grossProfitRatio": -0.033798621,
    "researchAndDevelopmentExpenses": 0,
    "generalAndAdministrativeExpenses": 0,
    "sellingAndMarketingExpenses": 0,
    "sellingGeneralAndAdministrativeExpenses": -27871000,
    "otherExpenses": 77915000,
    "operatingExpenses": 50044000,
    "costAndExpenses": 1301389000,
    "interestIncome": 0,
    "interestExpense": 144574000,
    "depreciationAndAmortization": 52599000,
    "ebitda": -5209000,
    "ebitdaratio": -0.0043034151,
    "operatingIncome": -90955000,
    "operatingIncomeRatio": -0.0751424696,
    "totalOtherIncomeExpensesNet": -41747000,
    "incomeBeforeTax": -132702000,
    "incomeBeforeTaxRatio": -0.1096317519,
    "incomeTaxExpense": -50029000,
    "netIncome": -82673000,
    "netIncomeRatio": -0.0683002956,
    "eps": -0.45,
    "epsdiluted": -0.45,
    "weightedAverageShsOut": 181823000,
    "weightedAverageShsOutDil": 182000000,
    "link": "https://www.sec.gov/Archives/edgar/data/1022671/000104746909001996/0001047469-09-001996-index.htm",
    "finalLink": "https://www.sec.gov/Archives/edgar/data/1022671/000104746909001996/a2191091z10-k.htm"
  },
  {
    "date": "2008-09-30",
    "symbol": "STLD",
    "reportedCurrency": "USD",
    "cik": "0001022671",
    "fillingDate": "2008-11-07",
    "acceptedDate": "2008-11-07 15:46:27",
    "calendarYear": "2008",
    "period": "Q3",
    "revenue": 2563943000,
    "costOfRevenue": 2118737000,
    "grossProfit": 445206000,
    "grossProfitRatio": 0.1736411457,
    "researchAndDevelopmentExpenses": 0,
    "generalAndAdministrativeExpenses": 103523000,
    "sellingAndMarketingExpenses": 0,
    "sellingGeneralAndAdministrativeExpenses": 103523000,
    "otherExpenses": 10765000,
    "operatingExpenses": 114288000,
    "costAndExpenses": 2233025000,
    "interestIncome": 0,
    "interestExpense": 37446000,
    "depreciationAndAmortization": 55359000,
    "ebitda": 394619000,
    "ebitdaratio": 0.1539109879,
    "operatingIncome": 336182000,
    "operatingIncomeRatio": 0.1311191395,
    "totalOtherIncomeExpensesNet": -23840000,
    "incomeBeforeTax": 307078000,
    "incomeBeforeTaxRatio": 0.1197678732,
    "incomeTaxExpense": 114070000,
    "netIncome": 193008000,
    "netIncomeRatio": 0.0752778045,
    "eps": 0.99,
    "epsdiluted": 0.98,
    "weightedAverageShsOut": 195347000,
    "weightedAverageShsOutDil": 196859000,
    "link": "https://www.sec.gov/Archives/edgar/data/1022671/000110465908069160/0001104659-08-069160-index.htm",
    "finalLink": "https://www.sec.gov/Archives/edgar/data/1022671/000110465908069160/a08-25563_110q.htm"
  },
  {
    "date": "2008-06-30",
    "symbol": "STLD",
    "reportedCurrency": "USD",
    "cik": "0001022671",
    "fillingDate": "2008-08-08",
    "acceptedDate": "2008-08-08 15:45:35",
    "calendarYear": "2008",
    "period": "Q2",
    "revenue": 2403939000,
    "costOfRevenue": 1924284000,
    "grossProfit": 479655000,
    "grossProfitRatio": 0.1995287734,
    "researchAndDevelopmentExpenses": 0,
    "generalAndAdministrativeExpenses": 112663000,
    "sellingAndMarketingExpenses": 0,
    "sellingGeneralAndAdministrativeExpenses": 112663000,
    "otherExpenses": 8120000,
    "operatingExpenses": 120783000,
    "costAndExpenses": 2045067000,
    "interestIncome": 0,
    "interestExpense": 35475000,
    "depreciationAndAmortization": 47582000,
    "ebitda": 423355000,
    "ebitdaratio": 0.176108878,
    "operatingIncome": 358081000,
    "operatingIncomeRatio": 0.1489559427,
    "totalOtherIncomeExpensesNet": -18574000,
    "incomeBeforeTax": 339507000,
    "incomeBeforeTaxRatio": 0.1412294572,
    "incomeTaxExpense": 129013000,
    "netIncome": 210494000,
    "netIncomeRatio": 0.087562122,
    "eps": 1.11,
    "epsdiluted": 1.05,
    "weightedAverageShsOut": 190351000,
    "weightedAverageShsOutDil": 200345000,
    "link": "https://www.sec.gov/Archives/edgar/data/1022671/000110465908051336/0001104659-08-051336-index.htm",
    "finalLink": "https://www.sec.gov/Archives/edgar/data/1022671/000110465908051336/a08-18882_110q.htm"
  },
  {
    "date": "2008-03-31",
    "symbol": "STLD",
    "reportedCurrency": "USD",
    "cik": "0001022671",
    "fillingDate": "2008-05-07",
    "acceptedDate": "2008-05-07 16:36:10",
    "calendarYear": "2008",
    "period": "Q1",
    "revenue": 1902205000,
    "costOfRevenue": 1554896000,
    "grossProfit": 347309000,
    "grossProfitRatio": 0.1825823189,
    "researchAndDevelopmentExpenses": 0,
    "generalAndAdministrativeExpenses": 0,
    "sellingAndMarketingExpenses": 0,
    "sellingGeneralAndAdministrativeExpenses": 83847000,
    "otherExpenses": 11530000,
    "operatingExpenses": 95377000,
    "costAndExpenses": 1650273000,
    "interestIncome": 0,
    "interestExpense": 29807000,
    "depreciationAndAmortization": 53212000,
    "ebitda": 305144000,
    "ebitdaratio": 0.1604159383,
    "operatingIncome": 251932000,
    "operatingIncomeRatio": 0.1324420869,
    "totalOtherIncomeExpensesNet": -22001000,
    "incomeBeforeTax": 229931000,
    "incomeBeforeTaxRatio": 0.120876036,
    "incomeTaxExpense": 87374000,
    "netIncome": 142557000,
    "netIncomeRatio": 0.0749430266,
    "eps": 0.75,
    "epsdiluted": 0.72,
    "weightedAverageShsOut": 189039000,
    "weightedAverageShsOutDil": 199317000,
    "link": "https://www.sec.gov/Archives/edgar/data/1022671/000110465908030780/0001104659-08-030780-index.htm",
    "finalLink": "https://www.sec.gov/Archives/edgar/data/1022671/000110465908030780/a08-11528_110q.htm"
  },
  {
    "date": "2007-12-31",
    "symbol": "STLD",
    "reportedCurrency": "USD",
    "cik": "0001022671",
    "fillingDate": "2008-02-27",
    "acceptedDate": "2008-02-27 16:10:07",
    "calendarYear": "2007",
    "period": "Q4",
    "revenue": 1451034000,
    "costOfRevenue": 1196776000,
    "grossProfit": 254258000,
    "grossProfitRatio": 0.175225391,
    "researchAndDevelopmentExpenses": 0,
    "generalAndAdministrativeExpenses": 0,
    "sellingAndMarketingExpenses": 0,
    "sellingGeneralAndAdministrativeExpenses": 76002000,
    "otherExpenses": 0,
    "operatingExpenses": 76002000,
    "costAndExpenses": 1272778000,
    "interestIncome": 0,
    "interestExpense": 55416000,
    "depreciationAndAmortization": 42040000,
    "ebitda": 220296000,
    "ebitdaratio": 0.1518200125,
    "operatingIncome": 178256000,
    "operatingIncomeRatio": 0.1228475694,
    "totalOtherIncomeExpensesNet": -21663000,
    "incomeBeforeTax": 156593000,
    "incomeBeforeTaxRatio": 0.1079182156,
    "incomeTaxExpense": 58723000,
    "netIncome": 97870000,
    "netIncomeRatio": 0.067448454,
    "eps": 0.52,
    "epsdiluted": 0.52,
    "weightedAverageShsOut": 186316000,
    "weightedAverageShsOutDil": 189039000,
    "link": "https://www.sec.gov/Archives/edgar/data/1022671/000104746908001824/0001047469-08-001824-index.htm",
    "finalLink": "https://www.sec.gov/Archives/edgar/data/1022671/000104746908001824/a2183117z10-k.htm"
  },
  {
    "date": "2007-09-30",
    "symbol": "STLD",
    "reportedCurrency": "USD",
    "cik": "0001022671",
    "fillingDate": "2007-11-09",
    "acceptedDate": "2007-11-09 15:00:03",
    "calendarYear": "2007",
    "period": "Q3",
    "revenue": 1156593000,
    "costOfRevenue": 928142000,
    "grossProfit": 228451000,
    "grossProfitRatio": 0.197520649,
    "researchAndDevelopmentExpenses": 0,
    "generalAndAdministrativeExpenses": 0,
    "sellingAndMarketingExpenses": 0,
    "sellingGeneralAndAdministrativeExpenses": 54524000,
    "otherExpenses": 0,
    "operatingExpenses": 54524000,
    "costAndExpenses": 982666000,
    "interestIncome": 0,
    "interestExpense": 14602000,
    "depreciationAndAmortization": 33852000,
    "ebitda": 207779000,
    "ebitdaratio": 0.1796474646,
    "operatingIncome": 173927000,
    "operatingIncomeRatio": 0.1503787417,
    "totalOtherIncomeExpensesNet": -14000000,
    "incomeBeforeTax": 159927000,
    "incomeBeforeTaxRatio": 0.1382742244,
    "incomeTaxExpense": 59336000,
    "netIncome": 100591000,
    "netIncomeRatio": 0.0869718215,
    "eps": 0.56,
    "epsdiluted": 0.53,
    "weightedAverageShsOut": 179482000,
    "weightedAverageShsOutDil": 189858000,
    "link": "https://www.sec.gov/Archives/edgar/data/1022671/000110465907081713/0001104659-07-081713-index.htm",
    "finalLink": "https://www.sec.gov/Archives/edgar/data/1022671/000110465907081713/a07-25820_110q.htm"
  },
  {
    "date": "2007-06-30",
    "symbol": "STLD",
    "reportedCurrency": "USD",
    "cik": "0001022671",
    "fillingDate": "2007-08-08",
    "acceptedDate": "2007-08-08 12:49:41",
    "calendarYear": "2007",
    "period": "Q2",
    "revenue": 911248000,
    "costOfRevenue": 694666000,
    "grossProfit": 216582000,
    "grossProfitRatio": 0.2376762418,
    "researchAndDevelopmentExpenses": 0,
    "generalAndAdministrativeExpenses": 0,
    "sellingAndMarketingExpenses": 0,
    "sellingGeneralAndAdministrativeExpenses": 48922000,
    "otherExpenses": 0,
    "operatingExpenses": 48922000,
    "costAndExpenses": 743588000,
    "interestIncome": 0,
    "interestExpense": 7198000,
    "depreciationAndAmortization": 32979000,
    "ebitda": 200639000,
    "ebitdaratio": 0.2201804558,
    "operatingIncome": 167660000,
    "operatingIncomeRatio": 0.1839894299,
    "totalOtherIncomeExpensesNet": -18721000,
    "incomeBeforeTax": 148939000,
    "incomeBeforeTaxRatio": 0.1634450775,
    "incomeTaxExpense": 54997000,
    "netIncome": 93942000,
    "netIncomeRatio": 0.1030915843,
    "eps": 0.51,
    "epsdiluted": 0.48,
    "weightedAverageShsOut": 186858000,
    "weightedAverageShsOutDil": 197562000,
    "link": "https://www.sec.gov/Archives/edgar/data/1022671/000110465907060096/0001104659-07-060096-index.htm",
    "finalLink": "https://www.sec.gov/Archives/edgar/data/1022671/000110465907060096/a07-19154_110q.htm"
  },
  {
    "date": "2007-03-31",
    "symbol": "STLD",
    "reportedCurrency": "USD",
    "cik": "0001022671",
    "fillingDate": "2007-05-07",
    "acceptedDate": "2007-05-07 13:16:50",
    "calendarYear": "2007",
    "period": "Q1",
    "revenue": 865674000,
    "costOfRevenue": 649271000,
    "grossProfit": 216403000,
    "grossProfitRatio": 0.2499820949,
    "researchAndDevelopmentExpenses": 0,
    "generalAndAdministrativeExpenses": 0,
    "sellingAndMarketingExpenses": 0,
    "sellingGeneralAndAdministrativeExpenses": 44118000,
    "otherExpenses": 974000,
    "operatingExpenses": 45092000,
    "costAndExpenses": 694363000,
    "interestIncome": 0,
    "interestExpense": 7246000,
    "depreciationAndAmortization": 29265000,
    "ebitda": 200576000,
    "ebitdaratio": 0.2316992309,
    "operatingIncome": 171311000,
    "operatingIncomeRatio": 0.1978932023,
    "totalOtherIncomeExpensesNet": -6531000,
    "incomeBeforeTax": 164780000,
    "incomeBeforeTaxRatio": 0.1903487918,
    "incomeTaxExpense": 62616000,
    "netIncome": 102164000,
    "netIncomeRatio": 0.118016713,
    "eps": 0.53,
    "epsdiluted": 0.5,
    "weightedAverageShsOut": 192632000,
    "weightedAverageShsOutDil": 203274000,
    "link": "https://www.sec.gov/Archives/edgar/data/1022671/000110465907036387/0001104659-07-036387-index.htm",
    "finalLink": "https://www.sec.gov/Archives/edgar/data/1022671/000110465907036387/a07-11181_110q.htm"
  },
  {
    "date": "2006-12-31",
    "symbol": "STLD",
    "reportedCurrency": "USD",
    "cik": "0001022671",
    "fillingDate": "2007-02-26",
    "acceptedDate": "2007-02-26 16:07:34",
    "calendarYear": "2006",
    "period": "Q4",
    "revenue": 839800000,
    "costOfRevenue": 610654000,
    "grossProfit": 229146000,
    "grossProfitRatio": 0.2728578233,
    "researchAndDevelopmentExpenses": 0,
    "generalAndAdministrativeExpenses": 0,
    "sellingAndMarketingExpenses": 0,
    "sellingGeneralAndAdministrativeExpenses": 53872000,
    "otherExpenses": 0,
    "operatingExpenses": 53872000,
    "costAndExpenses": 664526000,
    "interestIncome": 0,
    "interestExpense": 32104000,
    "depreciationAndAmortization": 27519000,
    "ebitda": 202793000,
    "ebitdaratio": 0.2414777328,
    "operatingIncome": 175274000,
    "operatingIncomeRatio": 0.2087092165,
    "totalOtherIncomeExpensesNet": -6883000,
    "incomeBeforeTax": 168391000,
    "incomeBeforeTaxRatio": 0.2005132174,
    "incomeTaxExpense": 63325000,
    "netIncome": 105066000,
    "netIncomeRatio": 0.1251083591,
    "eps": 0.55,
    "epsdiluted": 0.55,
    "weightedAverageShsOut": 185084000,
    "weightedAverageShsOutDil": 192632000,
    "link": "https://www.sec.gov/Archives/edgar/data/1022671/000110465907013867/0001104659-07-013867-index.htm",
    "finalLink": "https://www.sec.gov/Archives/edgar/data/1022671/000110465907013867/a07-5220_110k.htm"
  },
  {
    "date": "2006-09-30",
    "symbol": "STLD",
    "reportedCurrency": "USD",
    "cik": "0001022671",
    "fillingDate": "2006-10-30",
    "acceptedDate": "2006-10-30 16:14:33",
    "calendarYear": "2006",
    "period": "Q3",
    "revenue": 911862000,
    "costOfRevenue": 667058000,
    "grossProfit": 244804000,
    "grossProfitRatio": 0.2684660618,
    "researchAndDevelopmentExpenses": 0,
    "generalAndAdministrativeExpenses": 0,
    "sellingAndMarketingExpenses": 0,
    "sellingGeneralAndAdministrativeExpenses": 46224000,
    "otherExpenses": 0,
    "operatingExpenses": 46224000,
    "costAndExpenses": 713282000,
    "interestIncome": 0,
    "interestExpense": 7445000,
    "depreciationAndAmortization": 29773000,
    "ebitda": 228353000,
    "ebitdaratio": 0.2504249547,
    "operatingIncome": 198580000,
    "operatingIncomeRatio": 0.2177741807,
    "totalOtherIncomeExpensesNet": -6471000,
    "incomeBeforeTax": 192109000,
    "incomeBeforeTaxRatio": 0.2106777122,
    "incomeTaxExpense": 73386000,
    "netIncome": 118723000,
    "netIncomeRatio": 0.1301984291,
    "eps": 0.6,
    "epsdiluted": 0.54,
    "weightedAverageShsOut": 199372000,
    "weightedAverageShsOutDil": 219572000,
    "link": "https://www.sec.gov/Archives/edgar/data/1022671/000110465906069596/0001104659-06-069596-index.htm",
    "finalLink": "https://www.sec.gov/Archives/edgar/data/1022671/000110465906069596/a06-22089_110q.htm"
  },
  {
    "date": "2006-06-30",
    "symbol": "STLD",
    "reportedCurrency": "USD",
    "cik": "0001022671",
    "fillingDate": "2006-08-08",
    "acceptedDate": "2006-08-08 16:08:55",
    "calendarYear": "2006",
    "period": "Q2",
    "revenue": 821247000,
    "costOfRevenue": 624692000,
    "grossProfit": 196555000,
    "grossProfitRatio": 0.2393372518,
    "researchAndDevelopmentExpenses": 0,
    "generalAndAdministrativeExpenses": 0,
    "sellingAndMarketingExpenses": 0,
    "sellingGeneralAndAdministrativeExpenses": 42407000,
    "otherExpenses": 0,
    "operatingExpenses": 42407000,
    "costAndExpenses": 667099000,
    "interestIncome": 0,
    "interestExpense": 8025000,
    "depreciationAndAmortization": 32603000,
    "ebitda": 186751000,
    "ebitdaratio": 0.2273993086,
    "operatingIncome": 154148000,
    "operatingIncomeRatio": 0.1876999246,
    "totalOtherIncomeExpensesNet": -6750000,
    "incomeBeforeTax": 147398000,
    "incomeBeforeTaxRatio": 0.1794807165,
    "incomeTaxExpense": 50529000,
    "netIncome": 96869000,
    "netIncomeRatio": 0.1179535511,
    "eps": 0.5,
    "epsdiluted": 0.45,
    "weightedAverageShsOut": 192924000,
    "weightedAverageShsOutDil": 219532000,
    "link": "https://www.sec.gov/Archives/edgar/data/1022671/000110465906052499/0001104659-06-052499-index.htm",
    "finalLink": "https://www.sec.gov/Archives/edgar/data/1022671/000110465906052499/a06-15825_110q.htm"
  },
  {
    "date": "2006-03-31",
    "symbol": "STLD",
    "reportedCurrency": "USD",
    "cik": "0001022671",
    "fillingDate": "2006-05-10",
    "acceptedDate": "2006-05-10 09:37:30",
    "calendarYear": "2006",
    "period": "Q1",
    "revenue": 665878000,
    "costOfRevenue": 506391000,
    "grossProfit": 159487000,
    "grossProfitRatio": 0.2395138449,
    "researchAndDevelopmentExpenses": 0,
    "generalAndAdministrativeExpenses": 0,
    "sellingAndMarketingExpenses": 0,
    "sellingGeneralAndAdministrativeExpenses": 28375000,
    "otherExpenses": 0,
    "operatingExpenses": 28375000,
    "costAndExpenses": 534766000,
    "interestIncome": 0,
    "interestExpense": 8136000,
    "depreciationAndAmortization": 24917000,
    "ebitda": 156029000,
    "ebitdaratio": 0.2343207014,
    "operatingIncome": 131112000,
    "operatingIncomeRatio": 0.1969009338,
    "totalOtherIncomeExpensesNet": -7455000,
    "incomeBeforeTax": 123657000,
    "incomeBeforeTaxRatio": 0.1857051892,
    "incomeTaxExpense": 47608000,
    "netIncome": 76049000,
    "netIncomeRatio": 0.1142086088,
    "eps": 0.44,
    "epsdiluted": 0.38,
    "weightedAverageShsOut": 174068000,
    "weightedAverageShsOutDil": 201952000,
    "link": "https://www.sec.gov/Archives/edgar/data/1022671/000110465906032961/0001104659-06-032961-index.htm",
    "finalLink": "https://www.sec.gov/Archives/edgar/data/1022671/000110465906032961/a06-11535_110q.htm"
  },
  {
    "date": "2005-12-31",
    "symbol": "STLD",
    "reportedCurrency": "USD",
    "cik": "0001022671",
    "fillingDate": "2006-03-09",
    "acceptedDate": "2006-03-09 17:08:05",
    "calendarYear": "2005",
    "period": "Q4",
    "revenue": 569645000,
    "costOfRevenue": 429689000,
    "grossProfit": 139956000,
    "grossProfitRatio": 0.2456898595,
    "researchAndDevelopmentExpenses": 0,
    "generalAndAdministrativeExpenses": 0,
    "sellingAndMarketingExpenses": 0,
    "sellingGeneralAndAdministrativeExpenses": 26058000,
    "otherExpenses": 0,
    "operatingExpenses": 26058000,
    "costAndExpenses": 455747000,
    "interestIncome": 0,
    "interestExpense": 34341000,
    "depreciationAndAmortization": 23397000,
    "ebitda": 137295000,
    "ebitdaratio": 0.2410185291,
    "operatingIncome": 113898000,
    "operatingIncomeRatio": 0.1999455801,
    "totalOtherIncomeExpensesNet": -8309000,
    "incomeBeforeTax": 105589000,
    "incomeBeforeTaxRatio": 0.1853593027,
    "incomeTaxExpense": 40652000,
    "netIncome": 64937000,
    "netIncomeRatio": 0.1139955586,
    "eps": 0.37,
    "epsdiluted": 0.37,
    "weightedAverageShsOut": 172532000,
    "weightedAverageShsOutDil": 174068000,
    "link": "https://www.sec.gov/Archives/edgar/data/1022671/000110465906015390/0001104659-06-015390-index.htm",
    "finalLink": "https://www.sec.gov/Archives/edgar/data/1022671/000110465906015390/a06-4486_210k.htm"
  },
  {
    "date": "2005-09-30",
    "symbol": "STLD",
    "reportedCurrency": "USD",
    "cik": "0001022671",
    "fillingDate": "2005-11-02",
    "acceptedDate": "2005-11-02 16:36:04",
    "calendarYear": "2005",
    "period": "Q3",
    "revenue": 498689000,
    "costOfRevenue": 393457000,
    "grossProfit": 105232000,
    "grossProfitRatio": 0.2110172873,
    "researchAndDevelopmentExpenses": 0,
    "generalAndAdministrativeExpenses": 0,
    "sellingAndMarketingExpenses": 0,
    "sellingGeneralAndAdministrativeExpenses": 23381000,
    "otherExpenses": 0,
    "operatingExpenses": 23381000,
    "costAndExpenses": 416838000,
    "interestIncome": 0,
    "interestExpense": 0,
    "depreciationAndAmortization": 25059000,
    "ebitda": 106910000,
    "ebitdaratio": 0.2143821099,
    "operatingIncome": 81851000,
    "operatingIncomeRatio": 0.164132355,
    "totalOtherIncomeExpensesNet": -8018000,
    "incomeBeforeTax": 73833000,
    "incomeBeforeTaxRatio": 0.1480541981,
    "incomeTaxExpense": 28425000,
    "netIncome": 45408000,
    "netIncomeRatio": 0.0910547455,
    "eps": 0.26,
    "epsdiluted": 0.23,
    "weightedAverageShsOut": 172552000,
    "weightedAverageShsOutDil": 200552000,
    "link": "https://www.sec.gov/Archives/edgar/data/1022671/000112528205005658/0001125282-05-005658-index.htm",
    "finalLink": "https://www.sec.gov/Archives/edgar/data/1022671/000112528205005658/b409581_10q.htm"
  },
  {
    "date": "2005-06-30",
    "symbol": "STLD",
    "reportedCurrency": "USD",
    "cik": "0001022671",
    "fillingDate": "2005-08-05",
    "acceptedDate": "2005-08-05 15:31:23",
    "calendarYear": "2005",
    "period": "Q2",
    "revenue": 545826000,
    "costOfRevenue": 434642000,
    "grossProfit": 111184000,
    "grossProfitRatio": 0.2036986146,
    "researchAndDevelopmentExpenses": 0,
    "generalAndAdministrativeExpenses": 0,
    "sellingAndMarketingExpenses": 0,
    "sellingGeneralAndAdministrativeExpenses": 20081000,
    "otherExpenses": 0,
    "operatingExpenses": 20081000,
    "costAndExpenses": 454723000,
    "interestIncome": 0,
    "interestExpense": 0,
    "depreciationAndAmortization": 21579000,
    "ebitda": 112682000,
    "ebitdaratio": 0.2064430789,
    "operatingIncome": 91103000,
    "operatingIncomeRatio": 0.166908502,
    "totalOtherIncomeExpensesNet": -8723000,
    "incomeBeforeTax": 82380000,
    "incomeBeforeTaxRatio": 0.1509272186,
    "incomeTaxExpense": 31717000,
    "netIncome": 50663000,
    "netIncomeRatio": 0.092818957,
    "eps": 0.28,
    "epsdiluted": 0.25,
    "weightedAverageShsOut": 178040000,
    "weightedAverageShsOutDil": 205888000,
    "link": "https://www.sec.gov/Archives/edgar/data/1022671/000112528205004130/0001125282-05-004130-index.htm",
    "finalLink": "https://www.sec.gov/Archives/edgar/data/1022671/000112528205004130/b408154_10q.htm"
  },
  {
    "date": "2005-03-31",
    "symbol": "STLD",
    "reportedCurrency": "USD",
    "cik": "0001022671",
    "fillingDate": "2005-05-06",
    "acceptedDate": "2005-05-06 16:52:55",
    "calendarYear": "2005",
    "period": "Q1",
    "revenue": 570706000,
    "costOfRevenue": 441929000,
    "grossProfit": 128777000,
    "grossProfitRatio": 0.2256450782,
    "researchAndDevelopmentExpenses": 0,
    "generalAndAdministrativeExpenses": 0,
    "sellingAndMarketingExpenses": 0,
    "sellingGeneralAndAdministrativeExpenses": 22454000,
    "otherExpenses": 0,
    "operatingExpenses": 22454000,
    "costAndExpenses": 464383000,
    "interestIncome": 0,
    "interestExpense": 0,
    "depreciationAndAmortization": 21830000,
    "ebitda": 128153000,
    "ebitdaratio": 0.2245516956,
    "operatingIncome": 106323000,
    "operatingIncomeRatio": 0.1863008274,
    "totalOtherIncomeExpensesNet": -7499000,
    "incomeBeforeTax": 98824000,
    "incomeBeforeTaxRatio": 0.173160962,
    "incomeTaxExpense": 38047000,
    "netIncome": 60777000,
    "netIncomeRatio": 0.1064944122,
    "eps": 0.32,
    "epsdiluted": 0.28,
    "weightedAverageShsOut": 190812000,
    "weightedAverageShsOutDil": 219312000,
    "link": "https://www.sec.gov/Archives/edgar/data/1022671/000112528205002372/0001125282-05-002372-index.htm",
    "finalLink": "https://www.sec.gov/Archives/edgar/data/1022671/000112528205002372/b406554_10q.htm"
  },
  {
    "date": "2004-12-31",
    "symbol": "STLD",
    "reportedCurrency": "USD",
    "cik": "0001022671",
    "fillingDate": "2005-03-04",
    "acceptedDate": "2005-03-04 17:00:58",
    "calendarYear": "2004",
    "period": "Q4",
    "revenue": 600370000,
    "costOfRevenue": 449920000,
    "grossProfit": 150450000,
    "grossProfitRatio": 0.2505954661,
    "researchAndDevelopmentExpenses": 0,
    "generalAndAdministrativeExpenses": 0,
    "sellingAndMarketingExpenses": 0,
    "sellingGeneralAndAdministrativeExpenses": 10457000,
    "otherExpenses": 0,
    "operatingExpenses": 10457000,
    "costAndExpenses": 460377000,
    "interestIncome": 0,
    "interestExpense": 38907000,
    "depreciationAndAmortization": 20606000,
    "ebitda": 160599000,
    "ebitdaratio": 0.2675000416,
    "operatingIncome": 139993000,
    "operatingIncomeRatio": 0.2331778736,
    "totalOtherIncomeExpensesNet": -7015000,
    "incomeBeforeTax": 132978000,
    "incomeBeforeTaxRatio": 0.2214934124,
    "incomeTaxExpense": 50532000,
    "netIncome": 82446000,
    "netIncomeRatio": 0.1373253161,
    "eps": 0.43,
    "epsdiluted": 0.43,
    "weightedAverageShsOut": 190812000,
    "weightedAverageShsOutDil": 190812000,
    "link": "https://www.sec.gov/Archives/edgar/data/1022671/000112528205001122/0001125282-05-001122-index.htm",
    "finalLink": "https://www.sec.gov/Archives/edgar/data/1022671/000112528205001122/b404509_10k.htm"
  },
  {
    "date": "2004-09-30",
    "symbol": "STLD",
    "reportedCurrency": "USD",
    "cik": "0001022671",
    "fillingDate": "2004-11-08",
    "acceptedDate": "2004-11-08 10:21:38",
    "calendarYear": "2004",
    "period": "Q3",
    "revenue": 634741000,
    "costOfRevenue": 406489000,
    "grossProfit": 228252000,
    "grossProfitRatio": 0.3595986394,
    "researchAndDevelopmentExpenses": 0,
    "generalAndAdministrativeExpenses": 0,
    "sellingAndMarketingExpenses": 0,
    "sellingGeneralAndAdministrativeExpenses": 34992000,
    "otherExpenses": 0,
    "operatingExpenses": 34992000,
    "costAndExpenses": 441481000,
    "interestIncome": 0,
    "interestExpense": 10469000,
    "depreciationAndAmortization": 21735000,
    "ebitda": 214995000,
    "ebitdaratio": 0.3387129554,
    "operatingIncome": 193260000,
    "operatingIncomeRatio": 0.3044706424,
    "totalOtherIncomeExpensesNet": -10011000,
    "incomeBeforeTax": 183249000,
    "incomeBeforeTaxRatio": 0.2886988551,
    "incomeTaxExpense": 69635000,
    "netIncome": 113614000,
    "netIncomeRatio": 0.1789926915,
    "eps": 0.57,
    "epsdiluted": 0.5,
    "weightedAverageShsOut": 198444000,
    "weightedAverageShsOutDil": 227524000,
    "link": "https://www.sec.gov/Archives/edgar/data/1022671/000112528204005572/0001125282-04-005572-index.htm",
    "finalLink": "https://www.sec.gov/Archives/edgar/data/1022671/000112528204005572/b402134_10q.htm"
  },
  {
    "date": "2004-06-30",
    "symbol": "STLD",
    "reportedCurrency": "USD",
    "cik": "0001022671",
    "fillingDate": "2004-08-09",
    "acceptedDate": "2004-08-09 10:26:23",
    "calendarYear": "2004",
    "period": "Q2",
    "revenue": 525657000,
    "costOfRevenue": 382459000,
    "grossProfit": 143198000,
    "grossProfitRatio": 0.2724171846,
    "researchAndDevelopmentExpenses": 0,
    "generalAndAdministrativeExpenses": 0,
    "sellingAndMarketingExpenses": 0,
    "sellingGeneralAndAdministrativeExpenses": 28082000,
    "otherExpenses": 0,
    "operatingExpenses": 28082000,
    "costAndExpenses": 410541000,
    "interestIncome": 0,
    "interestExpense": 0,
    "depreciationAndAmortization": 23629000,
    "ebitda": 138745000,
    "ebitdaratio": 0.2639458811,
    "operatingIncome": 115116000,
    "operatingIncomeRatio": 0.2189945154,
    "totalOtherIncomeExpensesNet": -7449000,
    "incomeBeforeTax": 107667000,
    "incomeBeforeTaxRatio": 0.2048236778,
    "incomeTaxExpense": 40375000,
    "netIncome": 67292000,
    "netIncomeRatio": 0.1280150364,
    "eps": 0.34,
    "epsdiluted": 0.3,
    "weightedAverageShsOut": 197360000,
    "weightedAverageShsOutDil": 226180000,
    "link": "https://www.sec.gov/Archives/edgar/data/1022671/000112528204003698/0001125282-04-003698-index.htm",
    "finalLink": "https://www.sec.gov/Archives/edgar/data/1022671/000112528204003698/b400205_10q.htm"
  },
  {
    "date": "2004-03-31",
    "symbol": "STLD",
    "reportedCurrency": "USD",
    "cik": "0001022671",
    "fillingDate": "2004-05-04",
    "acceptedDate": "2004-05-04 16:12:24",
    "calendarYear": "2004",
    "period": "Q1",
    "revenue": 384145000,
    "costOfRevenue": 307670000,
    "grossProfit": 76475000,
    "grossProfitRatio": 0.199078473,
    "researchAndDevelopmentExpenses": 0,
    "generalAndAdministrativeExpenses": 0,
    "sellingAndMarketingExpenses": 0,
    "sellingGeneralAndAdministrativeExpenses": 17935000,
    "otherExpenses": 0,
    "operatingExpenses": 17935000,
    "costAndExpenses": 325605000,
    "interestIncome": 0,
    "interestExpense": 0,
    "depreciationAndAmortization": 18779000,
    "ebitda": 77319000,
    "ebitdaratio": 0.20127556,
    "operatingIncome": 58540000,
    "operatingIncomeRatio": 0.1523903734,
    "totalOtherIncomeExpensesNet": -7401000,
    "incomeBeforeTax": 51139000,
    "incomeBeforeTaxRatio": 0.1331242109,
    "incomeTaxExpense": 19177000,
    "netIncome": 31962000,
    "netIncomeRatio": 0.0832029572,
    "eps": 0.16,
    "epsdiluted": 0.14,
    "weightedAverageShsOut": 195788000,
    "weightedAverageShsOutDil": 224848000,
    "link": "https://www.sec.gov/Archives/edgar/data/1022671/000112528204001912/0001125282-04-001912-index.htm",
    "finalLink": "https://www.sec.gov/Archives/edgar/data/1022671/000112528204001912/b331695_10q.htm"
  },
  {
    "date": "2003-12-31",
    "symbol": "STLD",
    "reportedCurrency": "USD",
    "cik": "0001022671",
    "fillingDate": "2004-03-12",
    "acceptedDate": "2004-03-12 14:35:26",
    "calendarYear": "2003",
    "period": "Q4",
    "revenue": 279160000,
    "costOfRevenue": 239474000,
    "grossProfit": 39686000,
    "grossProfitRatio": 0.1421622009,
    "researchAndDevelopmentExpenses": 0,
    "generalAndAdministrativeExpenses": 0,
    "sellingAndMarketingExpenses": 0,
    "sellingGeneralAndAdministrativeExpenses": 17710000,
    "otherExpenses": 0,
    "operatingExpenses": 17710000,
    "costAndExpenses": 257184000,
    "interestIncome": 0,
    "interestExpense": 0,
    "depreciationAndAmortization": 18719000,
    "ebitda": 26708000,
    "ebitdaratio": 0.0956727325,
    "operatingIncome": 21976000,
    "operatingIncomeRatio": 0.0787218799,
    "totalOtherIncomeExpensesNet": 4823000,
    "incomeBeforeTax": 26799000,
    "incomeBeforeTaxRatio": 0.0959987104,
    "incomeTaxExpense": 10050000,
    "netIncome": 16749000,
    "netIncomeRatio": 0.0599978507,
    "eps": 0.0855,
    "epsdiluted": 0.0855,
    "weightedAverageShsOut": 193068000,
    "weightedAverageShsOutDil": 195788000,
    "link": "https://www.sec.gov/Archives/edgar/data/1022671/000112528204001009/0001125282-04-001009-index.htm",
    "finalLink": "https://www.sec.gov/Archives/edgar/data/1022671/000112528204001009/b330740_10k.txt"
  },
  {
    "date": "2003-09-30",
    "symbol": "STLD",
    "reportedCurrency": "USD",
    "cik": "0001022671",
    "fillingDate": "2003-11-10",
    "acceptedDate": "2003-11-10 14:01:20",
    "calendarYear": "2003",
    "period": "Q3",
    "revenue": 253952000,
    "costOfRevenue": 215097000,
    "grossProfit": 38855000,
    "grossProfitRatio": 0.1530013546,
    "researchAndDevelopmentExpenses": 0,
    "generalAndAdministrativeExpenses": 0,
    "sellingAndMarketingExpenses": 0,
    "sellingGeneralAndAdministrativeExpenses": 16010000,
    "otherExpenses": 0,
    "operatingExpenses": 16010000,
    "costAndExpenses": 231107000,
    "interestIncome": 0,
    "interestExpense": 0,
    "depreciationAndAmortization": 17472000,
    "ebitda": 40317000,
    "ebitdaratio": 0.158758348,
    "operatingIncome": 22845000,
    "operatingIncomeRatio": 0.0899579448,
    "totalOtherIncomeExpensesNet": -8139000,
    "incomeBeforeTax": 14706000,
    "incomeBeforeTaxRatio": 0.0579085811,
    "incomeTaxExpense": 5515000,
    "netIncome": 9191000,
    "netIncomeRatio": 0.0361918788,
    "eps": 0.0475,
    "epsdiluted": 0.0475,
    "weightedAverageShsOut": 191188000,
    "weightedAverageShsOutDil": 192488000,
    "link": "https://www.sec.gov/Archives/edgar/data/1022671/000112528203005988/0001125282-03-005988-index.htm",
    "finalLink": "https://www.sec.gov/Archives/edgar/data/1022671/000112528203005988/b327992_10q.txt"
  },
  {
    "date": "2003-06-30",
    "symbol": "STLD",
    "reportedCurrency": "USD",
    "cik": "0001022671",
    "fillingDate": "2003-08-08",
    "acceptedDate": "2003-08-08 10:55:00",
    "calendarYear": "2003",
    "period": "Q2",
    "revenue": 218632000,
    "costOfRevenue": 186724000,
    "grossProfit": 31908000,
    "grossProfitRatio": 0.1459438691,
    "researchAndDevelopmentExpenses": 0,
    "generalAndAdministrativeExpenses": 0,
    "sellingAndMarketingExpenses": 0,
    "sellingGeneralAndAdministrativeExpenses": 14682000,
    "otherExpenses": 0,
    "operatingExpenses": 14682000,
    "costAndExpenses": 201406000,
    "interestIncome": 0,
    "interestExpense": 0,
    "depreciationAndAmortization": 16643000,
    "ebitda": 33869000,
    "ebitdaratio": 0.1549132789,
    "operatingIncome": 17226000,
    "operatingIncomeRatio": 0.0787899301,
    "totalOtherIncomeExpensesNet": -8539000,
    "incomeBeforeTax": 8687000,
    "incomeBeforeTaxRatio": 0.0397334333,
    "incomeTaxExpense": 3257000,
    "netIncome": 5430000,
    "netIncomeRatio": 0.0248362545,
    "eps": 0.0275,
    "epsdiluted": 0.0275,
    "weightedAverageShsOut": 190600000,
    "weightedAverageShsOutDil": 191412000,
    "link": "https://www.sec.gov/Archives/edgar/data/1022671/000112528203004674/0001125282-03-004674-index.htm",
    "finalLink": "https://www.sec.gov/Archives/edgar/data/1022671/000112528203004674/b326325_10q.htm"
  },
  {
    "date": "2003-03-31",
    "symbol": "STLD",
    "reportedCurrency": "USD",
    "cik": "0001022671",
    "fillingDate": "2003-05-09",
    "acceptedDate": "2003-05-09 15:01:59",
    "calendarYear": "2003",
    "period": "Q1",
    "revenue": 235504000,
    "costOfRevenue": 185969000,
    "grossProfit": 49535000,
    "grossProfitRatio": 0.2103361302,
    "researchAndDevelopmentExpenses": 0,
    "generalAndAdministrativeExpenses": 0,
    "sellingAndMarketingExpenses": 0,
    "sellingGeneralAndAdministrativeExpenses": 14975000,
    "otherExpenses": 0,
    "operatingExpenses": 14975000,
    "costAndExpenses": 200944000,
    "interestIncome": 0,
    "interestExpense": 0,
    "depreciationAndAmortization": 16276000,
    "ebitda": 50836000,
    "ebitdaratio": 0.2158604525,
    "operatingIncome": 34560000,
    "operatingIncomeRatio": 0.1467490998,
    "totalOtherIncomeExpensesNet": -9315000,
    "incomeBeforeTax": 25245000,
    "incomeBeforeTaxRatio": 0.1071956315,
    "incomeTaxExpense": 9467000,
    "netIncome": 15778000,
    "netIncomeRatio": 0.0669967389,
    "eps": 0.0825,
    "epsdiluted": 0.0825,
    "weightedAverageShsOut": 190404000,
    "weightedAverageShsOutDil": 191144000,
    "link": "https://www.sec.gov/Archives/edgar/data/1022671/000095012303005626/0000950123-03-005626-index.htm",
    "finalLink": "https://www.sec.gov/Archives/edgar/data/1022671/000095012303005626/y86339e10vq.txt"
  },
  {
    "date": "2002-12-31",
    "symbol": "STLD",
    "reportedCurrency": "USD",
    "cik": "0001022671",
    "fillingDate": "2003-03-28",
    "acceptedDate": "2003-03-28 14:29:39",
    "calendarYear": "2002",
    "period": "Q4",
    "revenue": 243154000,
    "costOfRevenue": 170693000,
    "grossProfit": 72461000,
    "grossProfitRatio": 0.2980045568,
    "researchAndDevelopmentExpenses": 0,
    "generalAndAdministrativeExpenses": 0,
    "sellingAndMarketingExpenses": 0,
    "sellingGeneralAndAdministrativeExpenses": 13185000,
    "otherExpenses": 0,
    "operatingExpenses": 13185000,
    "costAndExpenses": 183878000,
    "interestIncome": 0,
    "interestExpense": 0,
    "depreciationAndAmortization": 15647000,
    "ebitda": 74923000,
    "ebitdaratio": 0.3081298272,
    "operatingIncome": 59276000,
    "operatingIncomeRatio": 0.2437796623,
    "totalOtherIncomeExpensesNet": -10106000,
    "incomeBeforeTax": 49170000,
    "incomeBeforeTaxRatio": 0.2022175247,
    "incomeTaxExpense": 18361000,
    "netIncome": 29378000,
    "netIncomeRatio": 0.1208205499,
    "eps": 0.15,
    "epsdiluted": 0.15,
    "weightedAverageShsOut": 190244000,
    "weightedAverageShsOutDil": 190404000,
    "link": "https://www.sec.gov/Archives/edgar/data/1022671/000095012303003465/0000950123-03-003465-index.htm",
    "finalLink": "https://www.sec.gov/Archives/edgar/data/1022671/000095012303003465/y84794e10vk.txt"
  },
  {
    "date": "2002-09-30",
    "symbol": "STLD",
    "reportedCurrency": "USD",
    "cik": "0001022671",
    "fillingDate": "2002-11-14",
    "acceptedDate": "2002-11-14 14:31:44",
    "calendarYear": "2002",
    "period": "Q3",
    "revenue": 240697000,
    "costOfRevenue": 167942000,
    "grossProfit": 72755000,
    "grossProfitRatio": 0.3022679967,
    "researchAndDevelopmentExpenses": 0,
    "generalAndAdministrativeExpenses": 0,
    "sellingAndMarketingExpenses": 0,
    "sellingGeneralAndAdministrativeExpenses": 15679000,
    "otherExpenses": 0,
    "operatingExpenses": 15679000,
    "costAndExpenses": 183621000,
    "interestIncome": 0,
    "interestExpense": 0,
    "depreciationAndAmortization": 15716000,
    "ebitda": 72792000,
    "ebitdaratio": 0.3024217169,
    "operatingIncome": 57076000,
    "operatingIncomeRatio": 0.2371280074,
    "totalOtherIncomeExpensesNet": -10467000,
    "incomeBeforeTax": 46609000,
    "incomeBeforeTaxRatio": 0.1936417986,
    "incomeTaxExpense": 17478000,
    "netIncome": 29131000,
    "netIncomeRatio": 0.1210276821,
    "eps": 0.15,
    "epsdiluted": 0.15,
    "weightedAverageShsOut": 190180000,
    "weightedAverageShsOutDil": 191416000,
    "link": "https://www.sec.gov/Archives/edgar/data/1022671/000095012302010912/0000950123-02-010912-index.htm",
    "finalLink": "https://www.sec.gov/Archives/edgar/data/1022671/000095012302010912/y65814e10vq.txt"
  },
  {
    "date": "2002-06-30",
    "symbol": "STLD",
    "reportedCurrency": "USD",
    "cik": "0001022671",
    "fillingDate": "2002-08-14",
    "acceptedDate": "2002-08-14 15:28:45",
    "calendarYear": "2002",
    "period": "Q2",
    "revenue": 213739000,
    "costOfRevenue": 160696000,
    "grossProfit": 53043000,
    "grossProfitRatio": 0.2481671571,
    "researchAndDevelopmentExpenses": 0,
    "generalAndAdministrativeExpenses": 0,
    "sellingAndMarketingExpenses": 0,
    "sellingGeneralAndAdministrativeExpenses": 19779000,
    "otherExpenses": 0,
    "operatingExpenses": 19779000,
    "costAndExpenses": 180475000,
    "interestIncome": 0,
    "interestExpense": 0,
    "depreciationAndAmortization": 14247000,
    "ebitda": 47511000,
    "ebitdaratio": 0.2222851234,
    "operatingIncome": 33264000,
    "operatingIncomeRatio": 0.1556290616,
    "totalOtherIncomeExpensesNet": -4899000,
    "incomeBeforeTax": 28365000,
    "incomeBeforeTaxRatio": 0.1327085838,
    "incomeTaxExpense": 10637000,
    "netIncome": 17728000,
    "netIncomeRatio": 0.0829422801,
    "eps": 0.0925,
    "epsdiluted": 0.0925,
    "weightedAverageShsOut": 189692000,
    "weightedAverageShsOutDil": 191436000,
    "link": "https://www.sec.gov/Archives/edgar/data/1022671/000095012302008022/0000950123-02-008022-index.htm",
    "finalLink": "https://www.sec.gov/Archives/edgar/data/1022671/000095012302008022/y63256e10vq.txt"
  },
  {
    "date": "2002-03-31",
    "symbol": "STLD",
    "reportedCurrency": "USD",
    "cik": "0001022671",
    "fillingDate": "2002-05-15",
    "acceptedDate": "2002-05-15 10:07:59",
    "calendarYear": "2002",
    "period": "Q1",
    "revenue": 166903000,
    "costOfRevenue": 139529000,
    "grossProfit": 27374000,
    "grossProfitRatio": 0.1640114318,
    "researchAndDevelopmentExpenses": 0,
    "generalAndAdministrativeExpenses": 0,
    "sellingAndMarketingExpenses": 0,
    "sellingGeneralAndAdministrativeExpenses": 16332000,
    "otherExpenses": 0,
    "operatingExpenses": 16332000,
    "costAndExpenses": 155861000,
    "interestIncome": 0,
    "interestExpense": 0,
    "depreciationAndAmortization": 13833000,
    "ebitda": 24875000,
    "ebitdaratio": 0.1490386632,
    "operatingIncome": 14286000,
    "operatingIncomeRatio": 0.0855946268,
    "totalOtherIncomeExpensesNet": -5174000,
    "incomeBeforeTax": 5868000,
    "incomeBeforeTaxRatio": 0.0351581457,
    "incomeTaxExpense": 2200000,
    "netIncome": 5696000,
    "netIncomeRatio": 0.0341276071,
    "eps": 0.01,
    "epsdiluted": 0.01,
    "weightedAverageShsOut": 184180000,
    "weightedAverageShsOutDil": 185392000,
    "link": "https://www.sec.gov/Archives/edgar/data/1022671/000095012302005216/0000950123-02-005216-index.htm",
    "finalLink": "https://www.sec.gov/Archives/edgar/data/1022671/000095012302005216/y60812e10-q.txt"
  },
  {
    "date": "2001-12-31",
    "symbol": "STLD",
    "reportedCurrency": "USD",
    "cik": "0001022671",
    "fillingDate": "2002-03-28",
    "acceptedDate": "2002-03-28 00:00:00",
    "calendarYear": "2001",
    "period": "Q4",
    "revenue": 138452000,
    "costOfRevenue": 127376000,
    "grossProfit": 11076000,
    "grossProfitRatio": 0.0799988444,
    "researchAndDevelopmentExpenses": 0,
    "generalAndAdministrativeExpenses": 0,
    "sellingAndMarketingExpenses": 0,
    "sellingGeneralAndAdministrativeExpenses": 13333000,
    "otherExpenses": 0,
    "operatingExpenses": 13333000,
    "costAndExpenses": 140709000,
    "interestIncome": 0,
    "interestExpense": 0,
    "depreciationAndAmortization": 11189000,
    "ebitda": 8932000,
    "ebitdaratio": 0.0645133331,
    "operatingIncome": -2257000,
    "operatingIncomeRatio": -0.0163016786,
    "totalOtherIncomeExpensesNet": -6384000,
    "incomeBeforeTax": -8641000,
    "incomeBeforeTaxRatio": -0.0624115217,
    "incomeTaxExpense": -3327000,
    "netIncome": -5314000,
    "netIncomeRatio": -0.038381533,
    "eps": -0.029,
    "epsdiluted": -0.0289,
    "weightedAverageShsOut": 182968000,
    "weightedAverageShsOutDil": 184180000,
    "link": "https://www.sec.gov/Archives/edgar/data/1022671/000095012302003118/0000950123-02-003118-index.htm",
    "finalLink": "https://www.sec.gov/Archives/edgar/data/1022671/000095012302003118/y58888e10-k405.txt"
  },
  {
    "date": "2001-09-30",
    "symbol": "STLD",
    "reportedCurrency": "USD",
    "cik": "0001022671",
    "fillingDate": "2001-11-08",
    "acceptedDate": "2001-11-08 00:00:00",
    "calendarYear": "2001",
    "period": "Q3",
    "revenue": 156807000,
    "costOfRevenue": 134888000,
    "grossProfit": 21919000,
    "grossProfitRatio": 0.1397833005,
    "researchAndDevelopmentExpenses": 0,
    "generalAndAdministrativeExpenses": 0,
    "sellingAndMarketingExpenses": 0,
    "sellingGeneralAndAdministrativeExpenses": 12821000,
    "otherExpenses": 0,
    "operatingExpenses": 12821000,
    "costAndExpenses": 147709000,
    "interestIncome": 0,
    "interestExpense": 0,
    "depreciationAndAmortization": 11777000,
    "ebitda": 20875000,
    "ebitdaratio": 0.1331254345,
    "operatingIncome": 9098000,
    "operatingIncomeRatio": 0.058020369,
    "totalOtherIncomeExpensesNet": -5647000,
    "incomeBeforeTax": 3451000,
    "incomeBeforeTaxRatio": 0.0220079461,
    "incomeTaxExpense": 1329000,
    "netIncome": 2122000,
    "netIncomeRatio": 0.0135325591,
    "eps": 0.0125,
    "epsdiluted": 0.0125,
    "weightedAverageShsOut": 182892000,
    "weightedAverageShsOutDil": 183716000,
    "link": "https://www.sec.gov/Archives/edgar/data/1022671/000095012301508058/0000950123-01-508058-index.htm",
    "finalLink": "https://www.sec.gov/Archives/edgar/data/1022671/000095012301508058/y54691e10-q.txt"
  },
  {
    "date": "2001-06-30",
    "symbol": "STLD",
    "reportedCurrency": "USD",
    "cik": "0001022671",
    "fillingDate": "2001-08-03",
    "acceptedDate": "2001-08-03 00:00:00",
    "calendarYear": "2001",
    "period": "Q2",
    "revenue": 157639000,
    "costOfRevenue": 131414000,
    "grossProfit": 26225000,
    "grossProfitRatio": 0.1663611162,
    "researchAndDevelopmentExpenses": 0,
    "generalAndAdministrativeExpenses": 0,
    "sellingAndMarketingExpenses": 0,
    "sellingGeneralAndAdministrativeExpenses": 18176000,
    "otherExpenses": 726000,
    "operatingExpenses": 18902000,
    "costAndExpenses": 150316000,
    "interestIncome": 0,
    "interestExpense": 0,
    "depreciationAndAmortization": 12277000,
    "ebitda": 20326000,
    "ebitdaratio": 0.1289401734,
    "operatingIncome": 7323000,
    "operatingIncomeRatio": 0.0464542404,
    "totalOtherIncomeExpensesNet": -4147000,
    "incomeBeforeTax": 3176000,
    "incomeBeforeTaxRatio": 0.0201472986,
    "incomeTaxExpense": 1223000,
    "netIncome": 1953000,
    "netIncomeRatio": 0.0123890662,
    "eps": 0.01,
    "epsdiluted": 0.01,
    "weightedAverageShsOut": 182592000,
    "weightedAverageShsOutDil": 183564000,
    "link": "https://www.sec.gov/Archives/edgar/data/1022671/000095012301505053/0000950123-01-505053-index.htm",
    "finalLink": "https://www.sec.gov/Archives/edgar/data/1022671/000095012301505053/y51938e10-q.txt"
  },
  {
    "date": "2001-03-31",
    "symbol": "STLD",
    "reportedCurrency": "USD",
    "cik": "0001022671",
    "fillingDate": "2001-05-15",
    "acceptedDate": "2001-05-15 00:00:00",
    "calendarYear": "2001",
    "period": "Q1",
    "revenue": 154086000,
    "costOfRevenue": 116972000,
    "grossProfit": 37114000,
    "grossProfitRatio": 0.2408654907,
    "researchAndDevelopmentExpenses": 0,
    "generalAndAdministrativeExpenses": 0,
    "sellingAndMarketingExpenses": 0,
    "sellingGeneralAndAdministrativeExpenses": 13802000,
    "otherExpenses": 11551000,
    "operatingExpenses": 25353000,
    "costAndExpenses": 142325000,
    "interestIncome": 0,
    "interestExpense": 0,
    "depreciationAndAmortization": 11551000,
    "ebitda": 34863000,
    "ebitdaratio": 0.2262567657,
    "operatingIncome": 11761000,
    "operatingIncomeRatio": 0.0763275054,
    "totalOtherIncomeExpensesNet": -4635000,
    "incomeBeforeTax": 7126000,
    "incomeBeforeTaxRatio": 0.0462469011,
    "incomeTaxExpense": 2743000,
    "netIncome": 4383000,
    "netIncomeRatio": 0.028445154,
    "eps": 0.025,
    "epsdiluted": 0.025,
    "weightedAverageShsOut": 182044000,
    "weightedAverageShsOutDil": 182840000,
    "link": "https://www.sec.gov/Archives/edgar/data/1022671/000095012301502529/0000950123-01-502529-index.htm",
    "finalLink": "https://www.sec.gov/Archives/edgar/data/1022671/000095012301502529/y49254e10-q.txt"
  },
  {
    "date": "2000-12-31",
    "symbol": "STLD",
    "reportedCurrency": "USD",
    "cik": "0001022671",
    "fillingDate": "2001-03-30",
    "acceptedDate": "2001-03-30 00:00:00",
    "calendarYear": "2000",
    "period": "Q4",
    "revenue": 152449000,
    "costOfRevenue": 114235000,
    "grossProfit": 38214000,
    "grossProfitRatio": 0.2506674363,
    "researchAndDevelopmentExpenses": 0,
    "generalAndAdministrativeExpenses": 0,
    "sellingAndMarketingExpenses": 0,
    "sellingGeneralAndAdministrativeExpenses": 12341000,
    "otherExpenses": 11220000,
    "operatingExpenses": 23561000,
    "costAndExpenses": 137796000,
    "interestIncome": 0,
    "interestExpense": 0,
    "depreciationAndAmortization": 11220000,
    "ebitda": 25873000,
    "ebitdaratio": 0.1697157738,
    "operatingIncome": 14653000,
    "operatingIncomeRatio": 0.0961173901,
    "totalOtherIncomeExpensesNet": -4689000,
    "incomeBeforeTax": 9964000,
    "incomeBeforeTaxRatio": 0.0653595629,
    "incomeTaxExpense": 2860000,
    "netIncome": 7104000,
    "netIncomeRatio": 0.0465991905,
    "eps": 0.039,
    "epsdiluted": 0.039,
    "weightedAverageShsOut": 182020000,
    "weightedAverageShsOutDil": 182044000,
    "link": "https://www.sec.gov/Archives/edgar/data/1022671/000095012301002922/0000950123-01-002922-index.htm",
    "finalLink": "https://www.sec.gov/Archives/edgar/data/1022671/000095012301002922/y47213e10-k405.txt"
  },
  {
    "date": "2000-09-30",
    "symbol": "STLD",
    "reportedCurrency": "USD",
    "cik": "0001022671",
    "fillingDate": "2000-11-13",
    "acceptedDate": "2000-11-13 00:00:00",
    "calendarYear": "2000",
    "period": "Q3",
    "revenue": 160265000,
    "costOfRevenue": 113637000,
    "grossProfit": 46628000,
    "grossProfitRatio": 0.2909431254,
    "researchAndDevelopmentExpenses": 0,
    "generalAndAdministrativeExpenses": 0,
    "sellingAndMarketingExpenses": 0,
    "sellingGeneralAndAdministrativeExpenses": 12185000,
    "otherExpenses": 10866000,
    "operatingExpenses": 23051000,
    "costAndExpenses": 136688000,
    "interestIncome": 0,
    "interestExpense": 0,
    "depreciationAndAmortization": 10866000,
    "ebitda": 34443000,
    "ebitdaratio": 0.2149128007,
    "operatingIncome": 23577000,
    "operatingIncomeRatio": 0.1471125948,
    "totalOtherIncomeExpensesNet": -5147000,
    "incomeBeforeTax": 18430000,
    "incomeBeforeTaxRatio": 0.1149970362,
    "incomeTaxExpense": 6047000,
    "netIncome": 12383000,
    "netIncomeRatio": 0.0772657786,
    "eps": 0.0675,
    "epsdiluted": 0.0675,
    "weightedAverageShsOut": 184868000,
    "weightedAverageShsOutDil": 185436000,
    "link": "https://www.sec.gov/Archives/edgar/data/1022671/000095012300010258/0000950123-00-010258-index.htm",
    "finalLink": "https://www.sec.gov/Archives/edgar/data/1022671/000095012300010258/y42515e10-q.txt"
  },
  {
    "date": "2000-06-30",
    "symbol": "STLD",
    "reportedCurrency": "USD",
    "cik": "0001022671",
    "fillingDate": "2000-08-11",
    "acceptedDate": "2000-08-11 00:00:00",
    "calendarYear": "2000",
    "period": "Q2",
    "revenue": 190737000,
    "costOfRevenue": 127341000,
    "grossProfit": 63396000,
    "grossProfitRatio": 0.332373897,
    "researchAndDevelopmentExpenses": 0,
    "generalAndAdministrativeExpenses": 0,
    "sellingAndMarketingExpenses": 0,
    "sellingGeneralAndAdministrativeExpenses": 14930000,
    "otherExpenses": 11454000,
    "operatingExpenses": 26384000,
    "costAndExpenses": 153725000,
    "interestIncome": 0,
    "interestExpense": 0,
    "depreciationAndAmortization": 11454000,
    "ebitda": 48466000,
    "ebitdaratio": 0.2540985755,
    "operatingIncome": 37012000,
    "operatingIncomeRatio": 0.1940473007,
    "totalOtherIncomeExpensesNet": -6336000,
    "incomeBeforeTax": 30676000,
    "incomeBeforeTaxRatio": 0.1608287852,
    "incomeTaxExpense": 11617000,
    "netIncome": 19059000,
    "netIncomeRatio": 0.0999229305,
    "eps": 0.1,
    "epsdiluted": 0.1,
    "weightedAverageShsOut": 190280000,
    "weightedAverageShsOutDil": 190820000,
    "link": "https://www.sec.gov/Archives/edgar/data/1022671/000095012300007463/0000950123-00-007463-index.htm",
    "finalLink": "https://www.sec.gov/Archives/edgar/data/1022671/000095012300007463/e10-q.txt"
  },
  {
    "date": "2000-03-31",
    "symbol": "STLD",
    "reportedCurrency": "USD",
    "cik": "0001022671",
    "fillingDate": "2000-05-05",
    "acceptedDate": "2000-05-05 00:00:00",
    "calendarYear": "2000",
    "period": "Q1",
    "revenue": 189172000,
    "costOfRevenue": 133258000,
    "grossProfit": 55914000,
    "grossProfitRatio": 0.2955722834,
    "researchAndDevelopmentExpenses": 0,
    "generalAndAdministrativeExpenses": 0,
    "sellingAndMarketingExpenses": 0,
    "sellingGeneralAndAdministrativeExpenses": 13850000,
    "otherExpenses": 11903000,
    "operatingExpenses": 25753000,
    "costAndExpenses": 159011000,
    "interestIncome": 0,
    "interestExpense": 0,
    "depreciationAndAmortization": 11903000,
    "ebitda": 42064000,
    "ebitdaratio": 0.2223584886,
    "operatingIncome": 30161000,
    "operatingIncomeRatio": 0.1594369146,
    "totalOtherIncomeExpensesNet": -4746000,
    "incomeBeforeTax": 25415000,
    "incomeBeforeTaxRatio": 0.1343486351,
    "incomeTaxExpense": 10166000,
    "netIncome": 15249000,
    "netIncomeRatio": 0.0806091811,
    "eps": 0.08,
    "epsdiluted": 0.08,
    "weightedAverageShsOut": 191984000,
    "weightedAverageShsOutDil": 192812000,
    "link": "https://www.sec.gov/Archives/edgar/data/1022671/000095012300004477/0000950123-00-004477-index.html",
    "finalLink": "https://www.sec.gov/Archives/edgar/data/1022671/000095012300004477/"
  },
  {
    "date": "1999-12-31",
    "symbol": "STLD",
    "reportedCurrency": "USD",
    "cik": "0001022671",
    "fillingDate": "2000-03-29",
    "acceptedDate": "2000-03-29 00:00:00",
    "calendarYear": "1999",
    "period": "Q4",
    "revenue": 176000000,
    "costOfRevenue": 125300000,
    "grossProfit": 50700000,
    "grossProfitRatio": 0.2880681818,
    "researchAndDevelopmentExpenses": 0,
    "generalAndAdministrativeExpenses": 0,
    "sellingAndMarketingExpenses": 0,
    "sellingGeneralAndAdministrativeExpenses": 12600000,
    "otherExpenses": 10700000,
    "operatingExpenses": 23300000,
    "costAndExpenses": 148600000,
    "interestIncome": 0,
    "interestExpense": 0,
    "depreciationAndAmortization": 10700000,
    "ebitda": 38100000,
    "ebitdaratio": 0.2164772727,
    "operatingIncome": 27400000,
    "operatingIncomeRatio": 0.1556818182,
    "totalOtherIncomeExpensesNet": -4900000,
    "incomeBeforeTax": 22500000,
    "incomeBeforeTaxRatio": 0.1278409091,
    "incomeTaxExpense": 8700000,
    "netIncome": 13800000,
    "netIncomeRatio": 0.0784090909,
    "eps": 0.0719,
    "epsdiluted": 0.0719,
    "weightedAverageShsOut": 191824000,
    "weightedAverageShsOutDil": 191984000,
    "link": "https://www.sec.gov/Archives/edgar/data/1022671/000095012300002921/0000950123-00-002921-index.html",
    "finalLink": "https://www.sec.gov/Archives/edgar/data/1022671/000095012300002921/"
  },
  {
    "date": "1999-09-30",
    "symbol": "STLD",
    "reportedCurrency": "USD",
    "cik": "0001022671",
    "fillingDate": "1999-11-15",
    "acceptedDate": "1999-11-15 00:00:00",
    "calendarYear": "1999",
    "period": "Q3",
    "revenue": 158700000,
    "costOfRevenue": 114500000,
    "grossProfit": 44200000,
    "grossProfitRatio": 0.2785129175,
    "researchAndDevelopmentExpenses": 0,
    "generalAndAdministrativeExpenses": 0,
    "sellingAndMarketingExpenses": 0,
    "sellingGeneralAndAdministrativeExpenses": 10800000,
    "otherExpenses": 10200000,
    "operatingExpenses": 21000000,
    "costAndExpenses": 135500000,
    "interestIncome": 0,
    "interestExpense": 0,
    "depreciationAndAmortization": 10200000,
    "ebitda": 33400000,
    "ebitdaratio": 0.2104599874,
    "operatingIncome": 23200000,
    "operatingIncomeRatio": 0.1461877757,
    "totalOtherIncomeExpensesNet": -5700000,
    "incomeBeforeTax": 17500000,
    "incomeBeforeTaxRatio": 0.1102709515,
    "incomeTaxExpense": 7000000,
    "netIncome": 10500000,
    "netIncomeRatio": 0.0661625709,
    "eps": 0.055,
    "epsdiluted": 0.055,
    "weightedAverageShsOut": 191676000,
    "weightedAverageShsOutDil": 193316000,
    "link": "https://www.sec.gov/Archives/edgar/data/1022671/000095012399010205/0000950123-99-010205-index.html",
    "finalLink": "https://www.sec.gov/Archives/edgar/data/1022671/000095012399010205/"
  },
  {
    "date": "1999-06-30",
    "symbol": "STLD",
    "reportedCurrency": "USD",
    "cik": "0001022671",
    "fillingDate": "1999-08-13",
    "acceptedDate": "1999-08-13 00:00:00",
    "calendarYear": "1999",
    "period": "Q2",
    "revenue": 166700000,
    "costOfRevenue": 117600000,
    "grossProfit": 49100000,
    "grossProfitRatio": 0.2945410918,
    "researchAndDevelopmentExpenses": 0,
    "generalAndAdministrativeExpenses": 0,
    "sellingAndMarketingExpenses": 0,
    "sellingGeneralAndAdministrativeExpenses": 10900000,
    "otherExpenses": 10200000,
    "operatingExpenses": 21100000,
    "costAndExpenses": 138700000,
    "interestIncome": 0,
    "interestExpense": 0,
    "depreciationAndAmortization": 10200000,
    "ebitda": 38200000,
    "ebitdaratio": 0.2291541692,
    "operatingIncome": 28000000,
    "operatingIncomeRatio": 0.1679664067,
    "totalOtherIncomeExpensesNet": -7800000,
    "incomeBeforeTax": 20200000,
    "incomeBeforeTaxRatio": 0.1211757648,
    "incomeTaxExpense": 8100000,
    "netIncome": 12100000,
    "netIncomeRatio": 0.0725854829,
    "eps": 0.0625,
    "epsdiluted": 0.0625,
    "weightedAverageShsOut": 193600000,
    "weightedAverageShsOutDil": 193600000,
    "link": "https://www.sec.gov/Archives/edgar/data/1022671/000095012399007609/0000950123-99-007609-index.html",
    "finalLink": "https://www.sec.gov/Archives/edgar/data/1022671/000095012399007609/"
  },
  {
    "date": "1999-03-31",
    "symbol": "STLD",
    "reportedCurrency": "USD",
    "cik": "0001022671",
    "fillingDate": "1999-05-07",
    "acceptedDate": "1999-05-07 00:00:00",
    "calendarYear": "1999",
    "period": "Q1",
    "revenue": 117453000,
    "costOfRevenue": 90900000,
    "grossProfit": 26553000,
    "grossProfitRatio": 0.2260734081,
    "researchAndDevelopmentExpenses": 0,
    "generalAndAdministrativeExpenses": 0,
    "sellingAndMarketingExpenses": 0,
    "sellingGeneralAndAdministrativeExpenses": 8100000,
    "otherExpenses": 8200000,
    "operatingExpenses": 16300000,
    "costAndExpenses": 107200000,
    "interestIncome": 0,
    "interestExpense": 0,
    "depreciationAndAmortization": 8200000,
    "ebitda": 18453000,
    "ebitdaratio": 0.1571096524,
    "operatingIncome": 10300000,
    "operatingIncomeRatio": 0.0876946523,
    "totalOtherIncomeExpensesNet": -5253000,
    "incomeBeforeTax": 5000000,
    "incomeBeforeTaxRatio": 0.0425702196,
    "incomeTaxExpense": 2000000,
    "netIncome": 3000000,
    "netIncomeRatio": 0.0255421317,
    "eps": 0.015,
    "epsdiluted": 0.015,
    "weightedAverageShsOut": 200000000,
    "weightedAverageShsOutDil": 200000000,
    "link": "https://www.sec.gov/Archives/edgar/data/1022671/000095012399004340/0000950123-99-004340-index.html",
    "finalLink": "https://www.sec.gov/Archives/edgar/data/1022671/"
  },
  {
    "date": "1998-12-31",
    "symbol": "STLD",
    "reportedCurrency": "USD",
    "cik": "0001022671",
    "fillingDate": "1999-03-31",
    "acceptedDate": "1999-03-31 00:00:00",
    "calendarYear": "1998",
    "period": "Q4",
    "revenue": 134300000,
    "costOfRevenue": 100700000,
    "grossProfit": 33600000,
    "grossProfitRatio": 0.2501861504,
    "researchAndDevelopmentExpenses": 0,
    "generalAndAdministrativeExpenses": 0,
    "sellingAndMarketingExpenses": 0,
    "sellingGeneralAndAdministrativeExpenses": 7500000,
    "otherExpenses": 8000000,
    "operatingExpenses": 15500000,
    "costAndExpenses": 116200000,
    "interestIncome": 0,
    "interestExpense": 0,
    "depreciationAndAmortization": 8000000,
    "ebitda": 26100000,
    "ebitdaratio": 0.1943410276,
    "operatingIncome": 18100000,
    "operatingIncomeRatio": 0.1347728965,
    "totalOtherIncomeExpensesNet": -4600000,
    "incomeBeforeTax": 13500000,
    "incomeBeforeTaxRatio": 0.1005212211,
    "incomeTaxExpense": 5400000,
    "netIncome": 8100000,
    "netIncomeRatio": 0.0603127327,
    "eps": 0.0405,
    "epsdiluted": 0.0405,
    "weightedAverageShsOut": 200000000,
    "weightedAverageShsOutDil": 200000000,
    "link": "https://www.sec.gov/Archives/edgar/data/1022671/000095012399002877/0000950123-99-002877-index.html",
    "finalLink": "https://www.sec.gov/Archives/edgar/data/1022671/"
  },
  {
    "date": "1998-09-30",
    "symbol": "STLD",
    "reportedCurrency": "USD",
    "cik": "0001022671",
    "fillingDate": "1998-11-16",
    "acceptedDate": "1998-11-16 00:00:00",
    "calendarYear": "1998",
    "period": "Q3",
    "revenue": 141000000,
    "costOfRevenue": 106500000,
    "grossProfit": 34500000,
    "grossProfitRatio": 0.2446808511,
    "researchAndDevelopmentExpenses": 0,
    "generalAndAdministrativeExpenses": 0,
    "sellingAndMarketingExpenses": 0,
    "sellingGeneralAndAdministrativeExpenses": 6000000,
    "otherExpenses": 8400000,
    "operatingExpenses": 14400000,
    "costAndExpenses": 120900000,
    "interestIncome": 0,
    "interestExpense": 0,
    "depreciationAndAmortization": 8500000,
    "ebitda": 28600000,
    "ebitdaratio": 0.2028368794,
    "operatingIncome": 20100000,
    "operatingIncomeRatio": 0.1425531915,
    "totalOtherIncomeExpensesNet": -5900000,
    "incomeBeforeTax": 14200000,
    "incomeBeforeTaxRatio": 0.1007092199,
    "incomeTaxExpense": 5700000,
    "netIncome": 8500000,
    "netIncomeRatio": 0.0602836879,
    "eps": 0.045,
    "epsdiluted": 0.045,
    "weightedAverageShsOut": 188888889,
    "weightedAverageShsOutDil": 188888889,
    "link": "https://www.sec.gov/Archives/edgar/data/1022671/000095012398009947/0000950123-98-009947-index.html",
    "finalLink": "https://www.sec.gov/Archives/edgar/data/1022671/"
  },
  {
    "date": "1998-06-30",
    "symbol": "STLD",
    "reportedCurrency": "USD",
    "cik": "0001022671",
    "fillingDate": "1998-08-14",
    "acceptedDate": "1998-08-14 00:00:00",
    "calendarYear": "1998",
    "period": "Q2",
    "revenue": 121000000,
    "costOfRevenue": 94500000,
    "grossProfit": 26500000,
    "grossProfitRatio": 0.2190082645,
    "researchAndDevelopmentExpenses": 0,
    "generalAndAdministrativeExpenses": 0,
    "sellingAndMarketingExpenses": 0,
    "sellingGeneralAndAdministrativeExpenses": 3200000,
    "otherExpenses": 7300000,
    "operatingExpenses": 10500000,
    "costAndExpenses": 105000000,
    "interestIncome": 0,
    "interestExpense": 0,
    "depreciationAndAmortization": 7200000,
    "ebitda": 23300000,
    "ebitdaratio": 0.1925619835,
    "operatingIncome": 16000000,
    "operatingIncomeRatio": 0.132231405,
    "totalOtherIncomeExpensesNet": -3500000,
    "incomeBeforeTax": 12500000,
    "incomeBeforeTaxRatio": 0.1033057851,
    "incomeTaxExpense": 5000000,
    "netIncome": 7500000,
    "netIncomeRatio": 0.0619834711,
    "eps": 0.0375,
    "epsdiluted": 0.0375,
    "weightedAverageShsOut": 200000000,
    "weightedAverageShsOutDil": 200000000,
    "link": "https://www.sec.gov/Archives/edgar/data/1022671/000095012398007696/0000950123-98-007696-index.html",
    "finalLink": "https://www.sec.gov/Archives/edgar/data/1022671/"
  },
  {
    "date": "1998-03-31",
    "symbol": "STLD",
    "reportedCurrency": "USD",
    "cik": "0001022671",
    "fillingDate": "1998-05-15",
    "acceptedDate": "1998-05-15 00:00:00",
    "calendarYear": "1998",
    "period": "Q1",
    "revenue": 118500000,
    "costOfRevenue": 96500000,
    "grossProfit": 22000000,
    "grossProfitRatio": 0.1856540084,
    "researchAndDevelopmentExpenses": 0,
    "generalAndAdministrativeExpenses": 0,
    "sellingAndMarketingExpenses": 0,
    "sellingGeneralAndAdministrativeExpenses": 3900000,
    "otherExpenses": 7000000,
    "operatingExpenses": 10900000,
    "costAndExpenses": 107400000,
    "interestIncome": 0,
    "interestExpense": 0,
    "depreciationAndAmortization": 7000000,
    "ebitda": 18100000,
    "ebitdaratio": 0.152742616,
    "operatingIncome": 11100000,
    "operatingIncomeRatio": 0.0936708861,
    "totalOtherIncomeExpensesNet": 1400000,
    "incomeBeforeTax": 12500000,
    "incomeBeforeTaxRatio": 0.1054852321,
    "incomeTaxExpense": 4900000,
    "netIncome": 7600000,
    "netIncomeRatio": 0.0641350211,
    "eps": 0.04,
    "epsdiluted": 0.0375,
    "weightedAverageShsOut": 190000000,
    "weightedAverageShsOutDil": 202666667,
    "link": "https://www.sec.gov/Archives/edgar/data/1022671/000095012398005161/0000950123-98-005161-index.html",
    "finalLink": "https://www.sec.gov/Archives/edgar/data/1022671/"
  },
  {
    "date": "1997-12-31",
    "symbol": "STLD",
    "reportedCurrency": "USD",
    "cik": "0001022671",
    "fillingDate": "1998-03-27",
    "acceptedDate": "1998-03-27 00:00:00",
    "calendarYear": "1997",
    "period": "Q4",
    "revenue": 114600000,
    "costOfRevenue": 92900000,
    "grossProfit": 21700000,
    "grossProfitRatio": 0.1893542757,
    "researchAndDevelopmentExpenses": 0,
    "generalAndAdministrativeExpenses": 0,
    "sellingAndMarketingExpenses": 0,
    "sellingGeneralAndAdministrativeExpenses": 4500000,
    "otherExpenses": 6400000,
    "operatingExpenses": 10900000,
    "costAndExpenses": 103800000,
    "interestIncome": 0,
    "interestExpense": 0,
    "depreciationAndAmortization": 6400000,
    "ebitda": 17200000,
    "ebitdaratio": 0.15008726,
    "operatingIncome": 10800000,
    "operatingIncomeRatio": 0.0942408377,
    "totalOtherIncomeExpensesNet": -2100000,
    "incomeBeforeTax": 8700000,
    "incomeBeforeTaxRatio": 0.0759162304,
    "incomeTaxExpense": 300000,
    "netIncome": 8400000,
    "netIncomeRatio": 0.0732984293,
    "eps": 0.0442,
    "epsdiluted": 0.0442,
    "weightedAverageShsOut": 190000000,
    "weightedAverageShsOutDil": 190000000,
    "link": "https://www.sec.gov/Archives/edgar/data/1022671/000095012398003021/0000950123-98-003021-index.html",
    "finalLink": "https://www.sec.gov/Archives/edgar/data/1022671/"
  },
  {
    "date": "1997-09-30",
    "symbol": "STLD",
    "reportedCurrency": "USD",
    "cik": "0001022671",
    "fillingDate": "1997-11-06",
    "acceptedDate": "1997-11-06 00:00:00",
    "calendarYear": "1997",
    "period": "Q3",
    "revenue": 104700000,
    "costOfRevenue": 75000000,
    "grossProfit": 29700000,
    "grossProfitRatio": 0.2836676218,
    "researchAndDevelopmentExpenses": 0,
    "generalAndAdministrativeExpenses": 0,
    "sellingAndMarketingExpenses": 0,
    "sellingGeneralAndAdministrativeExpenses": 7500000,
    "otherExpenses": 6000000,
    "operatingExpenses": 13500000,
    "costAndExpenses": 88500000,
    "interestIncome": 0,
    "interestExpense": 0,
    "depreciationAndAmortization": 6100000,
    "ebitda": 22200000,
    "ebitdaratio": 0.212034384,
    "operatingIncome": 16200000,
    "operatingIncomeRatio": 0.1547277937,
    "totalOtherIncomeExpensesNet": -1200000,
    "incomeBeforeTax": 15000000,
    "incomeBeforeTaxRatio": 0.1432664756,
    "incomeTaxExpense": 2000000,
    "netIncome": 5400000,
    "netIncomeRatio": 0.0515759312,
    "eps": 0.0275,
    "epsdiluted": 0.0275,
    "weightedAverageShsOut": 196363636,
    "weightedAverageShsOutDil": 196363636,
    "link": "https://www.sec.gov/Archives/edgar/data/1022671/000095012397009189/0000950123-97-009189-index.html",
    "finalLink": "https://www.sec.gov/Archives/edgar/data/1022671/"
  },
  {
    "date": "1997-06-30",
    "symbol": "STLD",
    "reportedCurrency": "USD",
    "cik": "0001022671",
    "fillingDate": "1997-07-24",
    "acceptedDate": "1997-07-24 00:00:00",
    "calendarYear": "1997",
    "period": "Q2",
    "revenue": 102700000,
    "costOfRevenue": 70400000,
    "grossProfit": 32300000,
    "grossProfitRatio": 0.3145082765,
    "researchAndDevelopmentExpenses": 0,
    "generalAndAdministrativeExpenses": 0,
    "sellingAndMarketingExpenses": 0,
    "sellingGeneralAndAdministrativeExpenses": 7100000,
    "otherExpenses": 5900000,
    "operatingExpenses": 13000000,
    "costAndExpenses": 83400000,
    "interestIncome": 0,
    "interestExpense": 0,
    "depreciationAndAmortization": 5900000,
    "ebitda": 25200000,
    "ebitdaratio": 0.2453748783,
    "operatingIncome": 19300000,
    "operatingIncomeRatio": 0.1879259981,
    "totalOtherIncomeExpensesNet": -900000,
    "incomeBeforeTax": 18400000,
    "incomeBeforeTaxRatio": 0.1791626095,
    "incomeTaxExpense": 2800000,
    "netIncome": 15600000,
    "netIncomeRatio": 0.1518987342,
    "eps": 0.0825,
    "epsdiluted": 0.08,
    "weightedAverageShsOut": 189090909,
    "weightedAverageShsOutDil": 195000000,
    "link": "https://www.sec.gov/Archives/edgar/data/1022671/000095012397006172/0000950123-97-006172-index.html",
    "finalLink": "https://www.sec.gov/Archives/edgar/data/1022671/"
  },
  {
    "date": "1997-03-31",
    "symbol": "STLD",
    "reportedCurrency": "USD",
    "cik": "0001022671",
    "fillingDate": "1997-05-13",
    "acceptedDate": "1997-05-13 00:00:00",
    "calendarYear": "1997",
    "period": "Q1",
    "revenue": 98100000,
    "costOfRevenue": 68200000,
    "grossProfit": 29900000,
    "grossProfitRatio": 0.3047910296,
    "researchAndDevelopmentExpenses": 0,
    "generalAndAdministrativeExpenses": 0,
    "sellingAndMarketingExpenses": 0,
    "sellingGeneralAndAdministrativeExpenses": 5300000,
    "otherExpenses": 5700000,
    "operatingExpenses": 11000000,
    "costAndExpenses": 79200000,
    "interestIncome": 0,
    "interestExpense": 0,
    "depreciationAndAmortization": 5700000,
    "ebitda": 24600000,
    "ebitdaratio": 0.250764526,
    "operatingIncome": 18900000,
    "operatingIncomeRatio": 0.1926605505,
    "totalOtherIncomeExpensesNet": -1600000,
    "incomeBeforeTax": 17300000,
    "incomeBeforeTaxRatio": 0.1763506626,
    "incomeTaxExpense": 2700000,
    "netIncome": 14600000,
    "netIncomeRatio": 0.1488277268,
    "eps": 0.075,
    "epsdiluted": 0.075,
    "weightedAverageShsOut": 194666667,
    "weightedAverageShsOutDil": 194666667,
    "link": "https://www.sec.gov/Archives/edgar/data/1022671/000095012397004232/0000950123-97-004232-index.html",
    "finalLink": "https://www.sec.gov/Archives/edgar/data/1022671/"
  },
  {
    "date": "1996-12-31",
    "symbol": "STLD",
    "reportedCurrency": "USD",
    "cik": "0001022671",
    "fillingDate": "1997-03-31",
    "acceptedDate": "1997-03-31 00:00:00",
    "calendarYear": "1996",
    "period": "Q4",
    "revenue": 78000000,
    "costOfRevenue": 0,
    "grossProfit": 0,
    "grossProfitRatio": 0,
    "researchAndDevelopmentExpenses": 0,
    "generalAndAdministrativeExpenses": 0,
    "sellingAndMarketingExpenses": 0,
    "sellingGeneralAndAdministrativeExpenses": 0,
    "otherExpenses": 78000000,
    "operatingExpenses": 78000000,
    "costAndExpenses": 78000000,
    "interestIncome": 0,
    "interestExpense": 0,
    "depreciationAndAmortization": 0,
    "ebitda": -156400000,
    "ebitdaratio": -2.0051282051,
    "operatingIncome": -156400000,
    "operatingIncomeRatio": -2.0051282051,
    "totalOtherIncomeExpensesNet": 156400000,
    "incomeBeforeTax": 0,
    "incomeBeforeTaxRatio": 0,
    "incomeTaxExpense": 100000,
    "netIncome": -100000,
    "netIncomeRatio": -0.0012820513,
    "eps": -0.0063,
    "epsdiluted": -0.0063,
    "weightedAverageShsOut": 15813953,
    "weightedAverageShsOutDil": 15813953,
    "link": "https://www.sec.gov/Archives/edgar/data/1022671/000095012397002820/0000950123-97-002820-index.html",
    "finalLink": "https://www.sec.gov/Archives/edgar/data/1022671/"
  },
  {
    "date": "1996-09-30",
    "symbol": "STLD",
    "reportedCurrency": "USD",
    "cik": "0001022671",
    "fillingDate": "1996-09-30",
    "acceptedDate": "1996-09-29 20:00:00",
    "calendarYear": "1996",
    "period": "Q3",
    "revenue": 58200000,
    "costOfRevenue": 0,
    "grossProfit": 0,
    "grossProfitRatio": 0,
    "researchAndDevelopmentExpenses": 0,
    "generalAndAdministrativeExpenses": 0,
    "sellingAndMarketingExpenses": 0,
    "sellingGeneralAndAdministrativeExpenses": 0,
    "otherExpenses": 58200000,
    "operatingExpenses": 58200000,
    "costAndExpenses": 58200000,
    "interestIncome": 0,
    "interestExpense": 0,
    "depreciationAndAmortization": 0,
    "ebitda": 58200000,
    "ebitdaratio": 1,
    "operatingIncome": 58200000,
    "operatingIncomeRatio": 1,
    "totalOtherIncomeExpensesNet": -58200000,
    "incomeBeforeTax": 0,
    "incomeBeforeTaxRatio": 0,
    "incomeTaxExpense": 900000,
    "netIncome": -900000,
    "netIncomeRatio": -0.0154639175,
    "eps": -0.0569,
    "epsdiluted": -0.0569,
    "weightedAverageShsOut": 15813953,
    "weightedAverageShsOutDil": 15813953,
    "link": "",
    "finalLink": ""
  },
  {
    "date": "1996-06-30",
    "symbol": "STLD",
    "reportedCurrency": "USD",
    "cik": "0001022671",
    "fillingDate": "1996-06-30",
    "acceptedDate": "1996-06-29 20:00:00",
    "calendarYear": "1996",
    "period": "Q2",
    "revenue": 58200000,
    "costOfRevenue": 0,
    "grossProfit": 0,
    "grossProfitRatio": 0,
    "researchAndDevelopmentExpenses": 0,
    "generalAndAdministrativeExpenses": 0,
    "sellingAndMarketingExpenses": 0,
    "sellingGeneralAndAdministrativeExpenses": 0,
    "otherExpenses": 58200000,
    "operatingExpenses": 58200000,
    "costAndExpenses": 58200000,
    "interestIncome": 0,
    "interestExpense": 0,
    "depreciationAndAmortization": 0,
    "ebitda": 58200000,
    "ebitdaratio": 1,
    "operatingIncome": 58200000,
    "operatingIncomeRatio": 1,
    "totalOtherIncomeExpensesNet": -58200000,
    "incomeBeforeTax": 0,
    "incomeBeforeTaxRatio": 0,
    "incomeTaxExpense": 900000,
    "netIncome": -900000,
    "netIncomeRatio": -0.0154639175,
    "eps": -0.02,
    "epsdiluted": -0.02,
    "weightedAverageShsOut": 45000000,
    "weightedAverageShsOutDil": 45000000,
    "link": "",
    "finalLink": ""
  },
  {
    "date": "1996-03-31",
    "symbol": "STLD",
    "reportedCurrency": "USD",
    "cik": "0001022671",
    "fillingDate": "1996-03-31",
    "acceptedDate": "1996-03-30 19:00:00",
    "calendarYear": "1996",
    "period": "Q1",
    "revenue": 58200000,
    "costOfRevenue": 0,
    "grossProfit": 0,
    "grossProfitRatio": 0,
    "researchAndDevelopmentExpenses": 0,
    "generalAndAdministrativeExpenses": 0,
    "sellingAndMarketingExpenses": 0,
    "sellingGeneralAndAdministrativeExpenses": 0,
    "otherExpenses": 58200000,
    "operatingExpenses": 58200000,
    "costAndExpenses": 58200000,
    "interestIncome": 0,
    "interestExpense": 0,
    "depreciationAndAmortization": 0,
    "ebitda": 58200000,
    "ebitdaratio": 1,
    "operatingIncome": 58200000,
    "operatingIncomeRatio": 1,
    "totalOtherIncomeExpensesNet": -58200000,
    "incomeBeforeTax": 0,
    "incomeBeforeTaxRatio": 0,
    "incomeTaxExpense": 900000,
    "netIncome": -900000,
    "netIncomeRatio": -0.0154639175,
    "eps": -0.0875,
    "epsdiluted": -0.0875,
    "weightedAverageShsOut": 10285714,
    "weightedAverageShsOutDil": 10285714,
    "link": "",
    "finalLink": ""
  },
  {
    "date": "1995-12-31",
    "symbol": "STLD",
    "reportedCurrency": "USD",
    "cik": "0001022671",
    "fillingDate": "1995-12-31",
    "acceptedDate": "1995-12-30 19:00:00",
    "calendarYear": "1995",
    "period": "Q4",
    "revenue": 0,
    "costOfRevenue": 0,
    "grossProfit": 0,
    "grossProfitRatio": 0,
    "researchAndDevelopmentExpenses": 0,
    "generalAndAdministrativeExpenses": 0,
    "sellingAndMarketingExpenses": 0,
    "sellingGeneralAndAdministrativeExpenses": 0,
    "otherExpenses": 0,
    "operatingExpenses": 0,
    "costAndExpenses": 0,
    "interestIncome": 0,
    "interestExpense": 0,
    "depreciationAndAmortization": 0,
    "ebitda": -16800000,
    "ebitdaratio": 0,
    "operatingIncome": -16800000,
    "operatingIncomeRatio": 0,
    "totalOtherIncomeExpensesNet": 16800000,
    "incomeBeforeTax": 0,
    "incomeBeforeTaxRatio": 0,
    "incomeTaxExpense": 5000000,
    "netIncome": -5000000,
    "netIncomeRatio": 0,
    "eps": -0.04,
    "epsdiluted": -0.04,
    "weightedAverageShsOut": 124852735,
    "weightedAverageShsOutDil": 125000000,
    "link": "",
    "finalLink": ""
  },
  {
    "date": "1995-09-30",
    "symbol": "STLD",
    "reportedCurrency": "USD",
    "cik": "0001022671",
    "fillingDate": "1995-09-30",
    "acceptedDate": "1995-09-29 20:00:00",
    "calendarYear": "1995",
    "period": "Q3",
    "revenue": 100000,
    "costOfRevenue": 0,
    "grossProfit": 0,
    "grossProfitRatio": 0,
    "researchAndDevelopmentExpenses": 0,
    "generalAndAdministrativeExpenses": 0,
    "sellingAndMarketingExpenses": 0,
    "sellingGeneralAndAdministrativeExpenses": 0,
    "otherExpenses": 100000,
    "operatingExpenses": 100000,
    "costAndExpenses": 100000,
    "interestIncome": 0,
    "interestExpense": 0,
    "depreciationAndAmortization": 0,
    "ebitda": 100000,
    "ebitdaratio": 1,
    "operatingIncome": 100000,
    "operatingIncomeRatio": 1,
    "totalOtherIncomeExpensesNet": -100000,
    "incomeBeforeTax": 0,
    "incomeBeforeTaxRatio": 0,
    "incomeTaxExpense": 5000000,
    "netIncome": -5000000,
    "netIncomeRatio": -50,
    "eps": -0.04,
    "epsdiluted": -0.04,
    "weightedAverageShsOut": 125000000,
    "weightedAverageShsOutDil": 125000000,
    "link": "",
    "finalLink": ""
  }
]