[
  {
    "date": "2025-06-30",
    "symbol": "STT",
    "reportedCurrency": "USD",
    "cik": "0000093751",
    "fillingDate": "2025-07-31",
    "acceptedDate": "2025-07-31 08:30:20",
    "calendarYear": "2025",
    "period": "Q2",
    "revenue": 5774000000,
    "costOfRevenue": 2356000000,
    "grossProfit": 3418000000,
    "grossProfitRatio": 0.5919639764,
    "researchAndDevelopmentExpenses": 0,
    "generalAndAdministrativeExpenses": 1180000000,
    "sellingAndMarketingExpenses": 39000000,
    "sellingGeneralAndAdministrativeExpenses": 1219000000,
    "otherExpenses": 1310000000,
    "operatingExpenses": 2529000000,
    "costAndExpenses": 4885000000,
    "interestIncome": 3055000000,
    "interestExpense": 2326000000,
    "depreciationAndAmortization": 0,
    "ebitda": 889000000,
    "ebitdaratio": 0.1539660547,
    "operatingIncome": 889000000,
    "operatingIncomeRatio": 0.1539660547,
    "totalOtherIncomeExpensesNet": 0,
    "incomeBeforeTax": 889000000,
    "incomeBeforeTaxRatio": 0.1539660547,
    "incomeTaxExpense": 196000000,
    "netIncome": 693000000,
    "netIncomeRatio": 0.1200207828,
    "eps": 2.2,
    "epsdiluted": 2.17,
    "weightedAverageShsOut": 286281000,
    "weightedAverageShsOutDil": 290490000,
    "link": "https://www.sec.gov/Archives/edgar/data/93751/000009375125000425/0000093751-25-000425-index.htm",
    "finalLink": "https://www.sec.gov/Archives/edgar/data/93751/000009375125000425/stt-20250630.htm"
  },
  {
    "date": "2025-03-31",
    "symbol": "STT",
    "reportedCurrency": "USD",
    "cik": "0000093751",
    "fillingDate": "2025-05-01",
    "acceptedDate": "2025-05-01 08:06:31",
    "calendarYear": "2025",
    "period": "Q1",
    "revenue": 5492000000,
    "costOfRevenue": 2220000000,
    "grossProfit": 3272000000,
    "grossProfitRatio": 0.5957756737,
    "researchAndDevelopmentExpenses": 0,
    "generalAndAdministrativeExpenses": 1262000000,
    "sellingAndMarketingExpenses": 25000000,
    "sellingGeneralAndAdministrativeExpenses": 1287000000,
    "otherExpenses": 1163000000,
    "operatingExpenses": 2450000000,
    "costAndExpenses": 4670000000,
    "interestIncome": 2922000000,
    "interestExpense": 2208000000,
    "depreciationAndAmortization": 88000000,
    "ebitda": 910000000,
    "ebitdaratio": 0.1656955572,
    "operatingIncome": 822000000,
    "operatingIncomeRatio": 0.1496722505,
    "totalOtherIncomeExpensesNet": 0,
    "incomeBeforeTax": 822000000,
    "incomeBeforeTaxRatio": 0.1496722505,
    "incomeTaxExpense": 178000000,
    "netIncome": 644000000,
    "netIncomeRatio": 0.1172614712,
    "eps": 2.07,
    "epsdiluted": 2.04,
    "weightedAverageShsOut": 288562000,
    "weightedAverageShsOutDil": 292716000,
    "link": "https://www.sec.gov/Archives/edgar/data/93751/000009375125000226/0000093751-25-000226-index.htm",
    "finalLink": "https://www.sec.gov/Archives/edgar/data/93751/000009375125000226/stt-20250331.htm"
  },
  {
    "date": "2024-12-31",
    "symbol": "STT",
    "reportedCurrency": "USD",
    "cik": "0000093751",
    "fillingDate": "2025-02-13",
    "acceptedDate": "2025-02-13 08:01:05",
    "calendarYear": "2024",
    "period": "Q4",
    "revenue": 5672000000,
    "costOfRevenue": 2272000000,
    "grossProfit": 3400000000,
    "grossProfitRatio": 0.5994358251,
    "researchAndDevelopmentExpenses": 0,
    "generalAndAdministrativeExpenses": 1227000000,
    "sellingAndMarketingExpenses": 38000000,
    "sellingGeneralAndAdministrativeExpenses": 1265000000,
    "otherExpenses": 1175000000,
    "operatingExpenses": 2440000000,
    "costAndExpenses": 4712000000,
    "interestIncome": 3009000000,
    "interestExpense": 2260000000,
    "depreciationAndAmortization": 119000000,
    "ebitda": 1079000000,
    "ebitdaratio": 0.1902327221,
    "operatingIncome": 960000000,
    "operatingIncomeRatio": 0.1692524683,
    "totalOtherIncomeExpensesNet": 0,
    "incomeBeforeTax": 960000000,
    "incomeBeforeTaxRatio": 0.1692524683,
    "incomeTaxExpense": 177000000,
    "netIncome": 783000000,
    "netIncomeRatio": 0.1380465444,
    "eps": 2.5,
    "epsdiluted": 2.46,
    "weightedAverageShsOut": 291686000,
    "weightedAverageShsOutDil": 296420000,
    "link": "https://www.sec.gov/Archives/edgar/data/93751/000009375125000111/0000093751-25-000111-index.htm",
    "finalLink": "https://www.sec.gov/Archives/edgar/data/93751/000009375125000111/stt-20241231.htm"
  },
  {
    "date": "2024-09-30",
    "symbol": "STT",
    "reportedCurrency": "USD",
    "cik": "0000093751",
    "fillingDate": "2024-10-31",
    "acceptedDate": "2024-10-31 08:01:50",
    "calendarYear": "2024",
    "period": "Q3",
    "revenue": 5536000000,
    "costOfRevenue": 2384000000,
    "grossProfit": 3152000000,
    "grossProfitRatio": 0.5693641618,
    "researchAndDevelopmentExpenses": 0,
    "generalAndAdministrativeExpenses": 1134000000,
    "sellingAndMarketingExpenses": 45000000,
    "sellingGeneralAndAdministrativeExpenses": 1179000000,
    "otherExpenses": 1048000000,
    "operatingExpenses": 2227000000,
    "costAndExpenses": 4611000000,
    "interestIncome": 3081000000,
    "interestExpense": 2358000000,
    "depreciationAndAmortization": 144000000,
    "ebitda": 1069000000,
    "ebitdaratio": 0.193099711,
    "operatingIncome": 925000000,
    "operatingIncomeRatio": 0.1670881503,
    "totalOtherIncomeExpensesNet": 0,
    "incomeBeforeTax": 925000000,
    "incomeBeforeTaxRatio": 0.1670881503,
    "incomeTaxExpense": 195000000,
    "netIncome": 730000000,
    "netIncomeRatio": 0.1318641618,
    "eps": 2.29,
    "epsdiluted": 2.26,
    "weightedAverageShsOut": 297365000,
    "weightedAverageShsOutDil": 301847000,
    "link": "https://www.sec.gov/Archives/edgar/data/93751/000009375124000909/0000093751-24-000909-index.htm",
    "finalLink": "https://www.sec.gov/Archives/edgar/data/93751/000009375124000909/stt-20240930.htm"
  },
  {
    "date": "2024-06-30",
    "symbol": "STT",
    "reportedCurrency": "USD",
    "cik": "0000093751",
    "fillingDate": "2024-08-01",
    "acceptedDate": "2024-08-01 08:12:06",
    "calendarYear": "2024",
    "period": "Q2",
    "revenue": 5454000000,
    "costOfRevenue": 2273000000,
    "grossProfit": 3181000000,
    "grossProfitRatio": 0.5832416575,
    "researchAndDevelopmentExpenses": 0,
    "generalAndAdministrativeExpenses": 1099000000,
    "sellingAndMarketingExpenses": 34000000,
    "sellingGeneralAndAdministrativeExpenses": 1133000000,
    "otherExpenses": 1136000000,
    "operatingExpenses": 2269000000,
    "costAndExpenses": 4542000000,
    "interestIncome": 2998000000,
    "interestExpense": 2263000000,
    "depreciationAndAmortization": 161000000,
    "ebitda": 1073000000,
    "ebitdaratio": 0.1967363403,
    "operatingIncome": 912000000,
    "operatingIncomeRatio": 0.1672167217,
    "totalOtherIncomeExpensesNet": 0,
    "incomeBeforeTax": 912000000,
    "incomeBeforeTaxRatio": 0.1672167217,
    "incomeTaxExpense": 201000000,
    "netIncome": 711000000,
    "netIncomeRatio": 0.1303630363,
    "eps": 2.18,
    "epsdiluted": 2.15,
    "weightedAverageShsOut": 300564000,
    "weightedAverageShsOutDil": 304765000,
    "link": "https://www.sec.gov/Archives/edgar/data/93751/000009375124000665/0000093751-24-000665-index.htm",
    "finalLink": "https://www.sec.gov/Archives/edgar/data/93751/000009375124000665/stt-20240630.htm"
  },
  {
    "date": "2024-03-31",
    "symbol": "STT",
    "reportedCurrency": "USD",
    "cik": "0000093751",
    "fillingDate": "2024-05-02",
    "acceptedDate": "2024-05-02 07:45:49",
    "calendarYear": "2024",
    "period": "Q1",
    "revenue": 5311000000,
    "costOfRevenue": 2200000000,
    "grossProfit": 3111000000,
    "grossProfitRatio": 0.5857653926,
    "researchAndDevelopmentExpenses": 0,
    "generalAndAdministrativeExpenses": 1252000000,
    "sellingAndMarketingExpenses": 25000000,
    "sellingGeneralAndAdministrativeExpenses": 1277000000,
    "otherExpenses": 1236000000,
    "operatingExpenses": 2513000000,
    "costAndExpenses": 4713000000,
    "interestIncome": 2889000000,
    "interestExpense": 2173000000,
    "depreciationAndAmortization": 181000000,
    "ebitda": 779000000,
    "ebitdaratio": 0.1466767087,
    "operatingIncome": 598000000,
    "operatingIncomeRatio": 0.1125964978,
    "totalOtherIncomeExpensesNet": 0,
    "incomeBeforeTax": 598000000,
    "incomeBeforeTaxRatio": 0.1125964978,
    "incomeTaxExpense": 135000000,
    "netIncome": 463000000,
    "netIncomeRatio": 0.087177556,
    "eps": 1.38,
    "epsdiluted": 1.37,
    "weightedAverageShsOut": 301991000,
    "weightedAverageShsOutDil": 305943000,
    "link": "https://www.sec.gov/Archives/edgar/data/93751/000009375124000587/0000093751-24-000587-index.htm",
    "finalLink": "https://www.sec.gov/Archives/edgar/data/93751/000009375124000587/stt-20240331.htm"
  },
  {
    "date": "2023-12-31",
    "symbol": "STT",
    "reportedCurrency": "USD",
    "cik": "0000093751",
    "fillingDate": "2024-02-15",
    "acceptedDate": "2024-02-15 16:43:23",
    "calendarYear": "2023",
    "period": "Q4",
    "revenue": 4958000000,
    "costOfRevenue": 1935000000,
    "grossProfit": 3023000000,
    "grossProfitRatio": 0.609721662,
    "researchAndDevelopmentExpenses": 0,
    "generalAndAdministrativeExpenses": 1065000000,
    "sellingAndMarketingExpenses": 51000000,
    "sellingGeneralAndAdministrativeExpenses": 1116000000,
    "otherExpenses": 1706000000,
    "operatingExpenses": 2822000000,
    "costAndExpenses": 4757000000,
    "interestIncome": 2593000000,
    "interestExpense": 1915000000,
    "depreciationAndAmortization": 191000000,
    "ebitda": 392000000,
    "ebitdaratio": 0.0790641388,
    "operatingIncome": 201000000,
    "operatingIncomeRatio": 0.0405405405,
    "totalOtherIncomeExpensesNet": 0,
    "incomeBeforeTax": 201000000,
    "incomeBeforeTaxRatio": 0.0405405405,
    "incomeTaxExpense": -9000000,
    "netIncome": 210000000,
    "netIncomeRatio": 0.0423557886,
    "eps": 0.56,
    "epsdiluted": 0.55,
    "weightedAverageShsOut": 306198000,
    "weightedAverageShsOutDil": 310419000,
    "link": "https://www.sec.gov/Archives/edgar/data/93751/000009375124000498/0000093751-24-000498-index.htm",
    "finalLink": "https://www.sec.gov/Archives/edgar/data/93751/000009375124000498/stt-20231231.htm"
  },
  {
    "date": "2023-09-30",
    "symbol": "STT",
    "reportedCurrency": "USD",
    "cik": "0000093751",
    "fillingDate": "2023-10-27",
    "acceptedDate": "2023-10-27 07:36:11",
    "calendarYear": "2023",
    "period": "Q3",
    "revenue": 4395000000,
    "costOfRevenue": 1704000000,
    "grossProfit": 2691000000,
    "grossProfitRatio": 0.6122866894,
    "researchAndDevelopmentExpenses": 0,
    "generalAndAdministrativeExpenses": 1082000000,
    "sellingAndMarketingExpenses": 38000000,
    "sellingGeneralAndAdministrativeExpenses": 1120000000,
    "otherExpenses": 1060000000,
    "operatingExpenses": 2180000000,
    "costAndExpenses": 3884000000,
    "interestIncome": 2328000000,
    "interestExpense": 1704000000,
    "depreciationAndAmortization": 223000000,
    "ebitda": 734000000,
    "ebitdaratio": 0.1670079636,
    "operatingIncome": 511000000,
    "operatingIncomeRatio": 0.1162684869,
    "totalOtherIncomeExpensesNet": 0,
    "incomeBeforeTax": 511000000,
    "incomeBeforeTaxRatio": 0.1162684869,
    "incomeTaxExpense": 89000000,
    "netIncome": 422000000,
    "netIncomeRatio": 0.0960182025,
    "eps": 1.27,
    "epsdiluted": 1.25,
    "weightedAverageShsOut": 313147000,
    "weightedAverageShsOutDil": 317329000,
    "link": "https://www.sec.gov/Archives/edgar/data/93751/000009375123000694/0000093751-23-000694-index.htm",
    "finalLink": "https://www.sec.gov/Archives/edgar/data/93751/000009375123000694/stt-20230930.htm"
  },
  {
    "date": "2023-06-30",
    "symbol": "STT",
    "reportedCurrency": "USD",
    "cik": "0000093751",
    "fillingDate": "2023-07-28",
    "acceptedDate": "2023-07-28 07:34:08",
    "calendarYear": "2023",
    "period": "Q2",
    "revenue": 4651000000,
    "costOfRevenue": 1523000000,
    "grossProfit": 3128000000,
    "grossProfitRatio": 0.672543539,
    "researchAndDevelopmentExpenses": 0,
    "generalAndAdministrativeExpenses": 1123000000,
    "sellingAndMarketingExpenses": 30000000,
    "sellingGeneralAndAdministrativeExpenses": 1153000000,
    "otherExpenses": 1059000000,
    "operatingExpenses": 2212000000,
    "costAndExpenses": 3735000000,
    "interestIncome": 2232000000,
    "interestExpense": 1541000000,
    "depreciationAndAmortization": 237000000,
    "ebitda": 1153000000,
    "ebitdaratio": 0.2479036766,
    "operatingIncome": 916000000,
    "operatingIncomeRatio": 0.1969468931,
    "totalOtherIncomeExpensesNet": 0,
    "incomeBeforeTax": 916000000,
    "incomeBeforeTaxRatio": 0.1969468931,
    "incomeTaxExpense": 153000000,
    "netIncome": 763000000,
    "netIncomeRatio": 0.1640507418,
    "eps": 2.2,
    "epsdiluted": 2.17,
    "weightedAverageShsOut": 329383000,
    "weightedAverageShsOutDil": 333540000,
    "link": "https://www.sec.gov/Archives/edgar/data/93751/000009375123000642/0000093751-23-000642-index.htm",
    "finalLink": "https://www.sec.gov/Archives/edgar/data/93751/000009375123000642/stt-20230630.htm"
  },
  {
    "date": "2023-03-31",
    "symbol": "STT",
    "reportedCurrency": "USD",
    "cik": "0000093751",
    "fillingDate": "2023-04-27",
    "acceptedDate": "2023-04-27 07:36:24",
    "calendarYear": "2023",
    "period": "Q1",
    "revenue": 4362000000,
    "costOfRevenue": 1305000000,
    "grossProfit": 3057000000,
    "grossProfitRatio": 0.7008253095,
    "researchAndDevelopmentExpenses": 0,
    "generalAndAdministrativeExpenses": 1292000000,
    "sellingAndMarketingExpenses": 23000000,
    "sellingGeneralAndAdministrativeExpenses": 1315000000,
    "otherExpenses": 1054000000,
    "operatingExpenses": 2369000000,
    "costAndExpenses": 3674000000,
    "interestIncome": 2027000000,
    "interestExpense": 1261000000,
    "depreciationAndAmortization": 231000000,
    "ebitda": 919000000,
    "ebitdaratio": 0.2106831729,
    "operatingIncome": 688000000,
    "operatingIncomeRatio": 0.1577258138,
    "totalOtherIncomeExpensesNet": 0,
    "incomeBeforeTax": 688000000,
    "incomeBeforeTaxRatio": 0.1577258138,
    "incomeTaxExpense": 139000000,
    "netIncome": 549000000,
    "netIncomeRatio": 0.1258596974,
    "eps": 1.54,
    "epsdiluted": 1.52,
    "weightedAverageShsOut": 341106000,
    "weightedAverageShsOutDil": 345472000,
    "link": "https://www.sec.gov/Archives/edgar/data/93751/000009375123000554/0000093751-23-000554-index.htm",
    "finalLink": "https://www.sec.gov/Archives/edgar/data/93751/000009375123000554/stt-20230331.htm"
  },
  {
    "date": "2022-12-31",
    "symbol": "STT",
    "reportedCurrency": "USD",
    "cik": "0000093751",
    "fillingDate": "2023-02-16",
    "acceptedDate": "2023-02-16 08:09:28",
    "calendarYear": "2022",
    "period": "Q4",
    "revenue": 4103000000,
    "costOfRevenue": 981000000,
    "grossProfit": 3122000000,
    "grossProfitRatio": 0.7609066537,
    "researchAndDevelopmentExpenses": 0,
    "generalAndAdministrativeExpenses": 1058000000,
    "sellingAndMarketingExpenses": 30000000,
    "sellingGeneralAndAdministrativeExpenses": 1088000000,
    "otherExpenses": 1145000000,
    "operatingExpenses": 2233000000,
    "costAndExpenses": 3214000000,
    "interestIncome": 1762000000,
    "interestExpense": 971000000,
    "depreciationAndAmortization": 419000000,
    "ebitda": 1308000000,
    "ebitdaratio": 0.3187911284,
    "operatingIncome": 889000000,
    "operatingIncomeRatio": 0.2166707287,
    "totalOtherIncomeExpensesNet": 0,
    "incomeBeforeTax": 889000000,
    "incomeBeforeTaxRatio": 0.2166707287,
    "incomeTaxExpense": 156000000,
    "netIncome": 733000000,
    "netIncomeRatio": 0.1786497685,
    "eps": 1.94,
    "epsdiluted": 1.91,
    "weightedAverageShsOut": 359200000,
    "weightedAverageShsOutDil": 363923000,
    "link": "https://www.sec.gov/Archives/edgar/data/93751/000009375123000489/0000093751-23-000489-index.htm",
    "finalLink": "https://www.sec.gov/Archives/edgar/data/93751/000009375123000489/stt-20221231.htm"
  },
  {
    "date": "2022-09-30",
    "symbol": "STT",
    "reportedCurrency": "USD",
    "cik": "0000093751",
    "fillingDate": "2022-10-26",
    "acceptedDate": "2022-10-26 07:50:24",
    "calendarYear": "2022",
    "period": "Q3",
    "revenue": 3400000000,
    "costOfRevenue": 441000000,
    "grossProfit": 2959000000,
    "grossProfitRatio": 0.8702941176,
    "researchAndDevelopmentExpenses": 0,
    "generalAndAdministrativeExpenses": 1042000000,
    "sellingAndMarketingExpenses": 28000000,
    "sellingGeneralAndAdministrativeExpenses": 1070000000,
    "otherExpenses": 1040000000,
    "operatingExpenses": 2110000000,
    "costAndExpenses": 2551000000,
    "interestIncome": 1101000000,
    "interestExpense": 441000000,
    "depreciationAndAmortization": 196000000,
    "ebitda": 1045000000,
    "ebitdaratio": 0.3073529412,
    "operatingIncome": 849000000,
    "operatingIncomeRatio": 0.2497058824,
    "totalOtherIncomeExpensesNet": 0,
    "incomeBeforeTax": 849000000,
    "incomeBeforeTaxRatio": 0.2497058824,
    "incomeTaxExpense": 159000000,
    "netIncome": 690000000,
    "netIncomeRatio": 0.2029411765,
    "eps": 1.82,
    "epsdiluted": 1.8,
    "weightedAverageShsOut": 367789000,
    "weightedAverageShsOutDil": 372418000,
    "link": "https://www.sec.gov/Archives/edgar/data/93751/000009375122000617/0000093751-22-000617-index.htm",
    "finalLink": "https://www.sec.gov/Archives/edgar/data/93751/000009375122000617/stt-20220930.htm"
  },
  {
    "date": "2022-06-30",
    "symbol": "STT",
    "reportedCurrency": "USD",
    "cik": "0000093751",
    "fillingDate": "2022-07-28",
    "acceptedDate": "2022-07-28 07:32:00",
    "calendarYear": "2022",
    "period": "Q2",
    "revenue": 3073000000,
    "costOfRevenue": 130000000,
    "grossProfit": 2943000000,
    "grossProfitRatio": 0.9576960625,
    "researchAndDevelopmentExpenses": 0,
    "generalAndAdministrativeExpenses": 1046000000,
    "sellingAndMarketingExpenses": 22000000,
    "sellingGeneralAndAdministrativeExpenses": 1068000000,
    "otherExpenses": 1040000000,
    "operatingExpenses": 2108000000,
    "costAndExpenses": 2238000000,
    "interestIncome": 704000000,
    "interestExpense": 120000000,
    "depreciationAndAmortization": 248000000,
    "ebitda": 1083000000,
    "ebitdaratio": 0.352424341,
    "operatingIncome": 835000000,
    "operatingIncomeRatio": 0.2717214448,
    "totalOtherIncomeExpensesNet": 0,
    "incomeBeforeTax": 835000000,
    "incomeBeforeTaxRatio": 0.2717214448,
    "incomeTaxExpense": 88000000,
    "netIncome": 747000000,
    "netIncomeRatio": 0.2430849333,
    "eps": 1.94,
    "epsdiluted": 1.91,
    "weightedAverageShsOut": 367375000,
    "weightedAverageShsOutDil": 372123000,
    "link": "https://www.sec.gov/Archives/edgar/data/93751/000009375122000582/0000093751-22-000582-index.htm",
    "finalLink": "https://www.sec.gov/Archives/edgar/data/93751/000009375122000582/stt-20220630.htm"
  },
  {
    "date": "2022-03-31",
    "symbol": "STT",
    "reportedCurrency": "USD",
    "cik": "0000093751",
    "fillingDate": "2022-04-27",
    "acceptedDate": "2022-04-27 08:15:11",
    "calendarYear": "2022",
    "period": "Q1",
    "revenue": 3093000000,
    "costOfRevenue": 12000000,
    "grossProfit": 3081000000,
    "grossProfitRatio": 0.9961202716,
    "researchAndDevelopmentExpenses": 0,
    "generalAndAdministrativeExpenses": 1232000000,
    "sellingAndMarketingExpenses": 19000000,
    "sellingGeneralAndAdministrativeExpenses": 1251000000,
    "otherExpenses": 1076000000,
    "operatingExpenses": 2327000000,
    "costAndExpenses": 2339000000,
    "interestIncome": 521000000,
    "interestExpense": 12000000,
    "depreciationAndAmortization": 293000000,
    "ebitda": 1047000000,
    "ebitdaratio": 0.3385063046,
    "operatingIncome": 754000000,
    "operatingIncomeRatio": 0.243776269,
    "totalOtherIncomeExpensesNet": 0,
    "incomeBeforeTax": 754000000,
    "incomeBeforeTaxRatio": 0.243776269,
    "incomeTaxExpense": 150000000,
    "netIncome": 604000000,
    "netIncomeRatio": 0.1952796638,
    "eps": 1.59,
    "epsdiluted": 1.57,
    "weightedAverageShsOut": 366542000,
    "weightedAverageShsOutDil": 372037000,
    "link": "https://www.sec.gov/Archives/edgar/data/93751/000009375122000500/0000093751-22-000500-index.htm",
    "finalLink": "https://www.sec.gov/Archives/edgar/data/93751/000009375122000500/stt-20220331.htm"
  },
  {
    "date": "2021-12-31",
    "symbol": "STT",
    "reportedCurrency": "USD",
    "cik": "0000093751",
    "fillingDate": "2022-02-17",
    "acceptedDate": "2022-02-17 16:38:23",
    "calendarYear": "2021",
    "period": "Q4",
    "revenue": 2999000000,
    "costOfRevenue": -8000000,
    "grossProfit": 3007000000,
    "grossProfitRatio": 1.0026675559,
    "researchAndDevelopmentExpenses": 0,
    "generalAndAdministrativeExpenses": 1216000000,
    "sellingAndMarketingExpenses": 27000000,
    "sellingGeneralAndAdministrativeExpenses": 1243000000,
    "otherExpenses": 1034000000,
    "operatingExpenses": 2277000000,
    "costAndExpenses": 2269000000,
    "interestIncome": 483000000,
    "interestExpense": 0,
    "depreciationAndAmortization": 359000000,
    "ebitda": 1089000000,
    "ebitdaratio": 0.3631210403,
    "operatingIncome": 730000000,
    "operatingIncomeRatio": 0.2434144715,
    "totalOtherIncomeExpensesNet": 0,
    "incomeBeforeTax": 730000000,
    "incomeBeforeTaxRatio": 0.2434144715,
    "incomeTaxExpense": 33000000,
    "netIncome": 697000000,
    "netIncomeRatio": 0.2324108036,
    "eps": 1.81,
    "epsdiluted": 1.78,
    "weightedAverageShsOut": 365798000,
    "weightedAverageShsOutDil": 371685000,
    "link": "https://www.sec.gov/Archives/edgar/data/93751/000009375122000424/0000093751-22-000424-index.htm",
    "finalLink": "https://www.sec.gov/Archives/edgar/data/93751/000009375122000424/stt-20211231.htm"
  },
  {
    "date": "2021-09-30",
    "symbol": "STT",
    "reportedCurrency": "USD",
    "cik": "0000093751",
    "fillingDate": "2021-10-22",
    "acceptedDate": "2021-10-22 07:57:58",
    "calendarYear": "2021",
    "period": "Q3",
    "revenue": 2990000000,
    "costOfRevenue": -2000000,
    "grossProfit": 2992000000,
    "grossProfitRatio": 1.0006688963,
    "researchAndDevelopmentExpenses": 0,
    "generalAndAdministrativeExpenses": 1054000000,
    "sellingAndMarketingExpenses": 13000000,
    "sellingGeneralAndAdministrativeExpenses": 1067000000,
    "otherExpenses": 1049000000,
    "operatingExpenses": 2116000000,
    "costAndExpenses": 2114000000,
    "interestIncome": 487000000,
    "interestExpense": 0,
    "depreciationAndAmortization": 377000000,
    "ebitda": 1253000000,
    "ebitdaratio": 0.4190635452,
    "operatingIncome": 876000000,
    "operatingIncomeRatio": 0.2929765886,
    "totalOtherIncomeExpensesNet": 0,
    "incomeBeforeTax": 876000000,
    "incomeBeforeTaxRatio": 0.2929765886,
    "incomeTaxExpense": 162000000,
    "netIncome": 714000000,
    "netIncomeRatio": 0.2387959866,
    "eps": 1.99,
    "epsdiluted": 1.96,
    "weightedAverageShsOut": 347718000,
    "weightedAverageShsOutDil": 353494000,
    "link": "https://www.sec.gov/Archives/edgar/data/93751/000009375121000691/0000093751-21-000691-index.htm",
    "finalLink": "https://www.sec.gov/Archives/edgar/data/93751/000009375121000691/stt-20210930.htm"
  },
  {
    "date": "2021-06-30",
    "symbol": "STT",
    "reportedCurrency": "USD",
    "cik": "0000093751",
    "fillingDate": "2021-07-23",
    "acceptedDate": "2021-07-23 09:10:35",
    "calendarYear": "2021",
    "period": "Q2",
    "revenue": 2970000000,
    "costOfRevenue": -15000000,
    "grossProfit": 2985000000,
    "grossProfitRatio": 1.0050505051,
    "researchAndDevelopmentExpenses": 0,
    "generalAndAdministrativeExpenses": 1080000000,
    "sellingAndMarketingExpenses": 16000000,
    "sellingGeneralAndAdministrativeExpenses": 1096000000,
    "otherExpenses": 951000000,
    "operatingExpenses": 2047000000,
    "costAndExpenses": 2032000000,
    "interestIncome": 467000000,
    "interestExpense": 0,
    "depreciationAndAmortization": 404000000,
    "ebitda": 1342000000,
    "ebitdaratio": 0.4518518519,
    "operatingIncome": 938000000,
    "operatingIncomeRatio": 0.3158249158,
    "totalOtherIncomeExpensesNet": 0,
    "incomeBeforeTax": 938000000,
    "incomeBeforeTaxRatio": 0.3158249158,
    "incomeTaxExpense": 175000000,
    "netIncome": 763000000,
    "netIncomeRatio": 0.2569023569,
    "eps": 2.11,
    "epsdiluted": 2.07,
    "weightedAverageShsOut": 345889000,
    "weightedAverageShsOutDil": 351582000,
    "link": "https://www.sec.gov/Archives/edgar/data/93751/000009375121000635/0000093751-21-000635-index.htm",
    "finalLink": "https://www.sec.gov/Archives/edgar/data/93751/000009375121000635/stt-20210630.htm"
  },
  {
    "date": "2021-03-31",
    "symbol": "STT",
    "reportedCurrency": "USD",
    "cik": "0000093751",
    "fillingDate": "2021-04-23",
    "acceptedDate": "2021-04-23 09:24:10",
    "calendarYear": "2021",
    "period": "Q1",
    "revenue": 2954000000,
    "costOfRevenue": -5000000,
    "grossProfit": 2959000000,
    "grossProfitRatio": 1.0016926202,
    "researchAndDevelopmentExpenses": 0,
    "generalAndAdministrativeExpenses": 1245000000,
    "sellingAndMarketingExpenses": 17000000,
    "sellingGeneralAndAdministrativeExpenses": 1262000000,
    "otherExpenses": 1070000000,
    "operatingExpenses": 2332000000,
    "costAndExpenses": 2327000000,
    "interestIncome": 471000000,
    "interestExpense": 4000000,
    "depreciationAndAmortization": 417000000,
    "ebitda": 1044000000,
    "ebitdaratio": 0.3534190928,
    "operatingIncome": 627000000,
    "operatingIncomeRatio": 0.2122545701,
    "totalOtherIncomeExpensesNet": 0,
    "incomeBeforeTax": 627000000,
    "incomeBeforeTaxRatio": 0.2122545701,
    "incomeTaxExpense": 108000000,
    "netIncome": 519000000,
    "netIncomeRatio": 0.1756939743,
    "eps": 1.39,
    "epsdiluted": 1.37,
    "weightedAverageShsOut": 350743000,
    "weightedAverageShsOutDil": 355690000,
    "link": "https://www.sec.gov/Archives/edgar/data/93751/000009375121000540/0000093751-21-000540-index.htm",
    "finalLink": "https://www.sec.gov/Archives/edgar/data/93751/000009375121000540/stt-20210331.htm"
  },
  {
    "date": "2020-12-31",
    "symbol": "STT",
    "reportedCurrency": "USD",
    "cik": "0000093751",
    "fillingDate": "2021-02-19",
    "acceptedDate": "2021-02-19 07:09:17",
    "calendarYear": "2020",
    "period": "Q4",
    "revenue": 2931000000,
    "costOfRevenue": 14000000,
    "grossProfit": 2917000000,
    "grossProfitRatio": 0.9952234732,
    "researchAndDevelopmentExpenses": 0,
    "generalAndAdministrativeExpenses": 1133000000,
    "sellingAndMarketingExpenses": 27000000,
    "sellingGeneralAndAdministrativeExpenses": 1160000000,
    "otherExpenses": 1116000000,
    "operatingExpenses": 2276000000,
    "costAndExpenses": 2290000000,
    "interestIncome": 513000000,
    "interestExpense": 14000000,
    "depreciationAndAmortization": 2128000000,
    "ebitda": 2769000000,
    "ebitdaratio": 0.9447287615,
    "operatingIncome": 641000000,
    "operatingIncomeRatio": 0.2186966905,
    "totalOtherIncomeExpensesNet": 0,
    "incomeBeforeTax": 641000000,
    "incomeBeforeTaxRatio": 0.2186966905,
    "incomeTaxExpense": 104000000,
    "netIncome": 537000000,
    "netIncomeRatio": 0.1832139202,
    "eps": 1.41,
    "epsdiluted": 1.39,
    "weightedAverageShsOut": 352974000,
    "weightedAverageShsOutDil": 357719000,
    "link": "https://www.sec.gov/Archives/edgar/data/93751/000009375121000476/0000093751-21-000476-index.htm",
    "finalLink": "https://www.sec.gov/Archives/edgar/data/93751/000009375121000476/stt-20201231.htm"
  },
  {
    "date": "2020-09-30",
    "symbol": "STT",
    "reportedCurrency": "USD",
    "cik": "0000093751",
    "fillingDate": "2020-10-23",
    "acceptedDate": "2020-10-23 11:37:58",
    "calendarYear": "2020",
    "period": "Q3",
    "revenue": 2826000000,
    "costOfRevenue": 42000000,
    "grossProfit": 2784000000,
    "grossProfitRatio": 0.9851380042,
    "researchAndDevelopmentExpenses": 0,
    "generalAndAdministrativeExpenses": 1064000000,
    "sellingAndMarketingExpenses": 20000000,
    "sellingGeneralAndAdministrativeExpenses": 1084000000,
    "otherExpenses": 1019000000,
    "operatingExpenses": 2103000000,
    "costAndExpenses": 2145000000,
    "interestIncome": 520000000,
    "interestExpense": 42000000,
    "depreciationAndAmortization": -1302000000,
    "ebitda": -621000000,
    "ebitdaratio": -0.2197452229,
    "operatingIncome": 681000000,
    "operatingIncomeRatio": 0.2409766454,
    "totalOtherIncomeExpensesNet": 0,
    "incomeBeforeTax": 681000000,
    "incomeBeforeTaxRatio": 0.2409766454,
    "incomeTaxExpense": 126000000,
    "netIncome": 555000000,
    "netIncomeRatio": 0.1963906582,
    "eps": 1.47,
    "epsdiluted": 1.45,
    "weightedAverageShsOut": 352586000,
    "weightedAverageShsOutDil": 357168000,
    "link": "https://www.sec.gov/Archives/edgar/data/93751/000009375120000978/0000093751-20-000978-index.htm",
    "finalLink": "https://www.sec.gov/Archives/edgar/data/93751/000009375120000978/stt-20200930.htm"
  },
  {
    "date": "2020-06-30",
    "symbol": "STT",
    "reportedCurrency": "USD",
    "cik": "0000093751",
    "fillingDate": "2020-07-27",
    "acceptedDate": "2020-07-27 11:29:18",
    "calendarYear": "2020",
    "period": "Q2",
    "revenue": 3052000000,
    "costOfRevenue": 167000000,
    "grossProfit": 2885000000,
    "grossProfitRatio": 0.9452817824,
    "researchAndDevelopmentExpenses": 0,
    "generalAndAdministrativeExpenses": 1054000000,
    "sellingAndMarketingExpenses": 12000000,
    "sellingGeneralAndAdministrativeExpenses": 1066000000,
    "otherExpenses": 1016000000,
    "operatingExpenses": 2082000000,
    "costAndExpenses": 2249000000,
    "interestIncome": 674000000,
    "interestExpense": 115000000,
    "depreciationAndAmortization": 352000000,
    "ebitda": 1155000000,
    "ebitdaratio": 0.378440367,
    "operatingIncome": 803000000,
    "operatingIncomeRatio": 0.2631061599,
    "totalOtherIncomeExpensesNet": 0,
    "incomeBeforeTax": 803000000,
    "incomeBeforeTaxRatio": 0.2631061599,
    "incomeTaxExpense": 109000000,
    "netIncome": 694000000,
    "netIncomeRatio": 0.2273918742,
    "eps": 1.88,
    "epsdiluted": 1.86,
    "weightedAverageShsOut": 352157000,
    "weightedAverageShsOutDil": 356413000,
    "link": "https://www.sec.gov/Archives/edgar/data/93751/000009375120000906/0000093751-20-000906-index.htm",
    "finalLink": "https://www.sec.gov/Archives/edgar/data/93751/000009375120000906/stt-202063010q.htm"
  },
  {
    "date": "2020-03-31",
    "symbol": "STT",
    "reportedCurrency": "USD",
    "cik": "0000093751",
    "fillingDate": "2020-04-28",
    "acceptedDate": "2020-04-28 15:03:35",
    "calendarYear": "2020",
    "period": "Q1",
    "revenue": 3269000000,
    "costOfRevenue": 240000000,
    "grossProfit": 3029000000,
    "grossProfitRatio": 0.9265830529,
    "researchAndDevelopmentExpenses": 0,
    "generalAndAdministrativeExpenses": 1213000000,
    "sellingAndMarketingExpenses": 18000000,
    "sellingGeneralAndAdministrativeExpenses": 1231000000,
    "otherExpenses": 1024000000,
    "operatingExpenses": 2255000000,
    "costAndExpenses": 2495000000,
    "interestIncome": 868000000,
    "interestExpense": 204000000,
    "depreciationAndAmortization": 332000000,
    "ebitda": 1106000000,
    "ebitdaratio": 0.3383297645,
    "operatingIncome": 774000000,
    "operatingIncomeRatio": 0.2367696543,
    "totalOtherIncomeExpensesNet": 0,
    "incomeBeforeTax": 774000000,
    "incomeBeforeTaxRatio": 0.2367696543,
    "incomeTaxExpense": 140000000,
    "netIncome": 634000000,
    "netIncomeRatio": 0.1939431019,
    "eps": 1.64,
    "epsdiluted": 1.62,
    "weightedAverageShsOut": 353746000,
    "weightedAverageShsOutDil": 357993000,
    "link": "https://www.sec.gov/Archives/edgar/data/93751/000009375120000760/0000093751-20-000760-index.htm",
    "finalLink": "https://www.sec.gov/Archives/edgar/data/93751/000009375120000760/stt-2020331.htm"
  },
  {
    "date": "2019-12-31",
    "symbol": "STT",
    "reportedCurrency": "USD",
    "cik": "0000093751",
    "fillingDate": "2020-02-20",
    "acceptedDate": "2020-02-20 17:13:58",
    "calendarYear": "2019",
    "period": "Q4",
    "revenue": 3318000000,
    "costOfRevenue": 273000000,
    "grossProfit": 3045000000,
    "grossProfitRatio": 0.917721519,
    "researchAndDevelopmentExpenses": 0,
    "generalAndAdministrativeExpenses": 1164000000,
    "sellingAndMarketingExpenses": 114000000,
    "sellingGeneralAndAdministrativeExpenses": 1278000000,
    "otherExpenses": 1129000000,
    "operatingExpenses": 2407000000,
    "costAndExpenses": 2680000000,
    "interestIncome": 906000000,
    "interestExpense": 270000000,
    "depreciationAndAmortization": 363000000,
    "ebitda": 1001000000,
    "ebitdaratio": 0.3016877637,
    "operatingIncome": 638000000,
    "operatingIncomeRatio": 0.1922845087,
    "totalOtherIncomeExpensesNet": 0,
    "incomeBeforeTax": 638000000,
    "incomeBeforeTaxRatio": 0.1922845087,
    "incomeTaxExpense": 74000000,
    "netIncome": 564000000,
    "netIncomeRatio": 0.1699819168,
    "eps": 1.75,
    "epsdiluted": 1.73,
    "weightedAverageShsOut": 361439000,
    "weightedAverageShsOutDil": 365851000,
    "link": "https://www.sec.gov/Archives/edgar/data/93751/000009375120000684/0000093751-20-000684-index.htm",
    "finalLink": "https://www.sec.gov/Archives/edgar/data/93751/000009375120000684/stt-2019123110xk.htm"
  },
  {
    "date": "2019-09-30",
    "symbol": "STT",
    "reportedCurrency": "USD",
    "cik": "0000093751",
    "fillingDate": "2019-10-25",
    "acceptedDate": "2019-10-25 08:29:56",
    "calendarYear": "2019",
    "period": "Q3",
    "revenue": 3260000000,
    "costOfRevenue": 359000000,
    "grossProfit": 2901000000,
    "grossProfitRatio": 0.8898773006,
    "researchAndDevelopmentExpenses": 0,
    "generalAndAdministrativeExpenses": 1088000000,
    "sellingAndMarketingExpenses": 30000000,
    "sellingGeneralAndAdministrativeExpenses": 1118000000,
    "otherExpenses": 1062000000,
    "operatingExpenses": 2180000000,
    "costAndExpenses": 2539000000,
    "interestIncome": 1001000000,
    "interestExpense": 357000000,
    "depreciationAndAmortization": 340000000,
    "ebitda": 1061000000,
    "ebitdaratio": 0.3254601227,
    "operatingIncome": 721000000,
    "operatingIncomeRatio": 0.2211656442,
    "totalOtherIncomeExpensesNet": 0,
    "incomeBeforeTax": 721000000,
    "incomeBeforeTaxRatio": 0.2211656442,
    "incomeTaxExpense": 138000000,
    "netIncome": 583000000,
    "netIncomeRatio": 0.1788343558,
    "eps": 1.44,
    "epsdiluted": 1.42,
    "weightedAverageShsOut": 366732000,
    "weightedAverageShsOutDil": 370595000,
    "link": "https://www.sec.gov/Archives/edgar/data/93751/000009375119000595/0000093751-19-000595-index.htm",
    "finalLink": "https://www.sec.gov/Archives/edgar/data/93751/000009375119000595/stt-201993010q.htm"
  },
  {
    "date": "2019-06-30",
    "symbol": "STT",
    "reportedCurrency": "USD",
    "cik": "0000093751",
    "fillingDate": "2019-07-26",
    "acceptedDate": "2019-07-26 09:35:37",
    "calendarYear": "2019",
    "period": "Q2",
    "revenue": 3267000000,
    "costOfRevenue": 395000000,
    "grossProfit": 2872000000,
    "grossProfitRatio": 0.87909397,
    "researchAndDevelopmentExpenses": 0,
    "generalAndAdministrativeExpenses": 1088000000,
    "sellingAndMarketingExpenses": 27000000,
    "sellingGeneralAndAdministrativeExpenses": 1115000000,
    "otherExpenses": 1039000000,
    "operatingExpenses": 2154000000,
    "costAndExpenses": 2549000000,
    "interestIncome": 1007000000,
    "interestExpense": 394000000,
    "depreciationAndAmortization": 330000000,
    "ebitda": 1048000000,
    "ebitdaratio": 0.3207835935,
    "operatingIncome": 718000000,
    "operatingIncomeRatio": 0.2197734925,
    "totalOtherIncomeExpensesNet": 0,
    "incomeBeforeTax": 718000000,
    "incomeBeforeTaxRatio": 0.2197734925,
    "incomeTaxExpense": 131000000,
    "netIncome": 587000000,
    "netIncomeRatio": 0.1796755433,
    "eps": 1.44,
    "epsdiluted": 1.42,
    "weightedAverageShsOut": 373773000,
    "weightedAverageShsOutDil": 377577000,
    "link": "https://www.sec.gov/Archives/edgar/data/93751/000009375119000506/0000093751-19-000506-index.htm",
    "finalLink": "https://www.sec.gov/Archives/edgar/data/93751/000009375119000506/stt-201963010q.htm"
  },
  {
    "date": "2019-03-31",
    "symbol": "STT",
    "reportedCurrency": "USD",
    "cik": "0000093751",
    "fillingDate": "2019-05-01",
    "acceptedDate": "2019-05-01 11:26:24",
    "calendarYear": "2019",
    "period": "Q1",
    "revenue": 3286000000,
    "costOfRevenue": 358000000,
    "grossProfit": 2928000000,
    "grossProfitRatio": 0.8910529519,
    "researchAndDevelopmentExpenses": 0,
    "generalAndAdministrativeExpenses": 1234000000,
    "sellingAndMarketingExpenses": 27000000,
    "sellingGeneralAndAdministrativeExpenses": 1261000000,
    "otherExpenses": 1032000000,
    "operatingExpenses": 2293000000,
    "costAndExpenses": 2651000000,
    "interestIncome": 1027000000,
    "interestExpense": 354000000,
    "depreciationAndAmortization": 304000000,
    "ebitda": 939000000,
    "ebitdaratio": 0.2857577602,
    "operatingIncome": 635000000,
    "operatingIncomeRatio": 0.1932440657,
    "totalOtherIncomeExpensesNet": 0,
    "incomeBeforeTax": 635000000,
    "incomeBeforeTaxRatio": 0.1932440657,
    "incomeTaxExpense": 127000000,
    "netIncome": 508000000,
    "netIncomeRatio": 0.1545952526,
    "eps": 1.2,
    "epsdiluted": 1.18,
    "weightedAverageShsOut": 377915000,
    "weightedAverageShsOutDil": 381703000,
    "link": "https://www.sec.gov/Archives/edgar/data/93751/000009375119000387/0000093751-19-000387-index.htm",
    "finalLink": "https://www.sec.gov/Archives/edgar/data/93751/000009375119000387/stt-2019331.htm"
  },
  {
    "date": "2018-12-31",
    "symbol": "STT",
    "reportedCurrency": "USD",
    "cik": "0000093751",
    "fillingDate": "2019-02-21",
    "acceptedDate": "2019-02-21 16:21:33",
    "calendarYear": "2018",
    "period": "Q4",
    "revenue": 3271000000,
    "costOfRevenue": 293000000,
    "grossProfit": 2978000000,
    "grossProfitRatio": 0.9104249465,
    "researchAndDevelopmentExpenses": 0,
    "generalAndAdministrativeExpenses": 1321000000,
    "sellingAndMarketingExpenses": 31000000,
    "sellingGeneralAndAdministrativeExpenses": 1352000000,
    "otherExpenses": 1122000000,
    "operatingExpenses": 2474000000,
    "costAndExpenses": 2767000000,
    "interestIncome": 982000000,
    "interestExpense": 285000000,
    "depreciationAndAmortization": 329000000,
    "ebitda": 833000000,
    "ebitdaratio": 0.2546621828,
    "operatingIncome": 504000000,
    "operatingIncomeRatio": 0.1540813207,
    "totalOtherIncomeExpensesNet": 0,
    "incomeBeforeTax": 504000000,
    "incomeBeforeTaxRatio": 0.1540813207,
    "incomeTaxExpense": 65000000,
    "netIncome": 439000000,
    "netIncomeRatio": 0.1342097218,
    "eps": 1.05,
    "epsdiluted": 1.04,
    "weightedAverageShsOut": 379741000,
    "weightedAverageShsOutDil": 383651000,
    "link": "https://www.sec.gov/Archives/edgar/data/93751/000009375119000336/0000093751-19-000336-index.htm",
    "finalLink": "https://www.sec.gov/Archives/edgar/data/93751/000009375119000336/stt-20181231_10k.htm"
  },
  {
    "date": "2018-09-30",
    "symbol": "STT",
    "reportedCurrency": "USD",
    "cik": "0000093751",
    "fillingDate": "2018-10-31",
    "acceptedDate": "2018-10-31 13:56:20",
    "calendarYear": "2018",
    "period": "Q3",
    "revenue": 3233000000,
    "costOfRevenue": 249000000,
    "grossProfit": 2984000000,
    "grossProfitRatio": 0.9229817507,
    "researchAndDevelopmentExpenses": 0,
    "generalAndAdministrativeExpenses": 1103000000,
    "sellingAndMarketingExpenses": 0,
    "sellingGeneralAndAdministrativeExpenses": 1103000000,
    "otherExpenses": 988000000,
    "operatingExpenses": 2091000000,
    "costAndExpenses": 2340000000,
    "interestIncome": 916000000,
    "interestExpense": 244000000,
    "depreciationAndAmortization": 287000000,
    "ebitda": 1180000000,
    "ebitdaratio": 0.364986081,
    "operatingIncome": 893000000,
    "operatingIncomeRatio": 0.2762140427,
    "totalOtherIncomeExpensesNet": 0,
    "incomeBeforeTax": 893000000,
    "incomeBeforeTaxRatio": 0.2762140427,
    "incomeTaxExpense": 129000000,
    "netIncome": 764000000,
    "netIncomeRatio": 0.236313022,
    "eps": 1.89,
    "epsdiluted": 1.87,
    "weightedAverageShsOut": 374963000,
    "weightedAverageShsOutDil": 379383000,
    "link": "https://www.sec.gov/Archives/edgar/data/93751/000009375118000477/0000093751-18-000477-index.htm",
    "finalLink": "https://www.sec.gov/Archives/edgar/data/93751/000009375118000477/stt-2018930_10q.htm"
  },
  {
    "date": "2018-06-30",
    "symbol": "STT",
    "reportedCurrency": "USD",
    "cik": "0000093751",
    "fillingDate": "2018-07-25",
    "acceptedDate": "2018-07-25 08:16:22",
    "calendarYear": "2018",
    "period": "Q2",
    "revenue": 3311000000,
    "costOfRevenue": 250000000,
    "grossProfit": 3061000000,
    "grossProfitRatio": 0.9244941105,
    "researchAndDevelopmentExpenses": 0,
    "generalAndAdministrativeExpenses": 1157000000,
    "sellingAndMarketingExpenses": 29000000,
    "sellingGeneralAndAdministrativeExpenses": 1186000000,
    "otherExpenses": 984000000,
    "operatingExpenses": 2170000000,
    "costAndExpenses": 2420000000,
    "interestIncome": 907000000,
    "interestExpense": 248000000,
    "depreciationAndAmortization": 289000000,
    "ebitda": 1180000000,
    "ebitdaratio": 0.3563877982,
    "operatingIncome": 891000000,
    "operatingIncomeRatio": 0.26910299,
    "totalOtherIncomeExpensesNet": 0,
    "incomeBeforeTax": 891000000,
    "incomeBeforeTaxRatio": 0.26910299,
    "incomeTaxExpense": 158000000,
    "netIncome": 733000000,
    "netIncomeRatio": 0.2213832679,
    "eps": 1.91,
    "epsdiluted": 1.88,
    "weightedAverageShsOut": 365619000,
    "weightedAverageShsOutDil": 370410000,
    "link": "https://www.sec.gov/Archives/edgar/data/93751/000009375118000439/0000093751-18-000439-index.htm",
    "finalLink": "https://www.sec.gov/Archives/edgar/data/93751/000009375118000439/stt-2018630_10q.htm"
  },
  {
    "date": "2018-03-31",
    "symbol": "STT",
    "reportedCurrency": "USD",
    "cik": "0000093751",
    "fillingDate": "2018-05-03",
    "acceptedDate": "2018-05-03 13:53:45",
    "calendarYear": "2018",
    "period": "Q1",
    "revenue": 3270000000,
    "costOfRevenue": 214000000,
    "grossProfit": 3056000000,
    "grossProfitRatio": 0.9345565749,
    "researchAndDevelopmentExpenses": 0,
    "generalAndAdministrativeExpenses": 1281000000,
    "sellingAndMarketingExpenses": 26000000,
    "sellingGeneralAndAdministrativeExpenses": 1307000000,
    "otherExpenses": 961000000,
    "operatingExpenses": 2268000000,
    "costAndExpenses": 2482000000,
    "interestIncome": 857000000,
    "interestExpense": 214000000,
    "depreciationAndAmortization": 298000000,
    "ebitda": 1086000000,
    "ebitdaratio": 0.3321100917,
    "operatingIncome": 788000000,
    "operatingIncomeRatio": 0.2409785933,
    "totalOtherIncomeExpensesNet": 0,
    "incomeBeforeTax": 788000000,
    "incomeBeforeTaxRatio": 0.2409785933,
    "incomeTaxExpense": 129000000,
    "netIncome": 659000000,
    "netIncomeRatio": 0.201529052,
    "eps": 1.65,
    "epsdiluted": 1.62,
    "weightedAverageShsOut": 367439000,
    "weightedAverageShsOutDil": 372619000,
    "link": "https://www.sec.gov/Archives/edgar/data/93751/000009375118000364/0000093751-18-000364-index.htm",
    "finalLink": "https://www.sec.gov/Archives/edgar/data/93751/000009375118000364/stt-2018331_10q.htm"
  },
  {
    "date": "2017-12-31",
    "symbol": "STT",
    "reportedCurrency": "USD",
    "cik": "0000093751",
    "fillingDate": "2018-02-26",
    "acceptedDate": "2018-02-26 08:24:47",
    "calendarYear": "2017",
    "period": "Q4",
    "revenue": 3027000000,
    "costOfRevenue": 179000000,
    "grossProfit": 2848000000,
    "grossProfitRatio": 0.9408655434,
    "researchAndDevelopmentExpenses": 0,
    "generalAndAdministrativeExpenses": 1101000000,
    "sellingAndMarketingExpenses": 67000000,
    "sellingGeneralAndAdministrativeExpenses": 1168000000,
    "otherExpenses": 963000000,
    "operatingExpenses": 2131000000,
    "costAndExpenses": 2310000000,
    "interestIncome": 797000000,
    "interestExpense": 181000000,
    "depreciationAndAmortization": 289000000,
    "ebitda": 1006000000,
    "ebitdaratio": 0.3323422531,
    "operatingIncome": 717000000,
    "operatingIncomeRatio": 0.2368681863,
    "totalOtherIncomeExpensesNet": 0,
    "incomeBeforeTax": 717000000,
    "incomeBeforeTaxRatio": 0.2368681863,
    "incomeTaxExpense": 347000000,
    "netIncome": 370000000,
    "netIncomeRatio": 0.1222332342,
    "eps": 0.91,
    "epsdiluted": 0.89,
    "weightedAverageShsOut": 369934000,
    "weightedAverageShsOutDil": 375477000,
    "link": "https://www.sec.gov/Archives/edgar/data/93751/000009375118000308/0000093751-18-000308-index.htm",
    "finalLink": "https://www.sec.gov/Archives/edgar/data/93751/000009375118000308/stt-20171231_10k.htm"
  },
  {
    "date": "2017-09-30",
    "symbol": "STT",
    "reportedCurrency": "USD",
    "cik": "0000093751",
    "fillingDate": "2017-11-01",
    "acceptedDate": "2017-11-01 16:44:36",
    "calendarYear": "2017",
    "period": "Q3",
    "revenue": 3004000000,
    "costOfRevenue": 161000000,
    "grossProfit": 2843000000,
    "grossProfitRatio": 0.9464047936,
    "researchAndDevelopmentExpenses": 0,
    "generalAndAdministrativeExpenses": 1117000000,
    "sellingAndMarketingExpenses": 14000000,
    "sellingGeneralAndAdministrativeExpenses": 1131000000,
    "otherExpenses": 890000000,
    "operatingExpenses": 2021000000,
    "costAndExpenses": 2182000000,
    "interestIncome": 761000000,
    "interestExpense": 158000000,
    "depreciationAndAmortization": 275000000,
    "ebitda": 1097000000,
    "ebitdaratio": 0.3651797603,
    "operatingIncome": 822000000,
    "operatingIncomeRatio": 0.2736351531,
    "totalOtherIncomeExpensesNet": 0,
    "incomeBeforeTax": 822000000,
    "incomeBeforeTaxRatio": 0.2736351531,
    "incomeTaxExpense": 137000000,
    "netIncome": 685000000,
    "netIncomeRatio": 0.2280292943,
    "eps": 1.69,
    "epsdiluted": 1.66,
    "weightedAverageShsOut": 372765000,
    "weightedAverageShsOutDil": 378518000,
    "link": "https://www.sec.gov/Archives/edgar/data/93751/000009375117000473/0000093751-17-000473-index.htm",
    "finalLink": "https://www.sec.gov/Archives/edgar/data/93751/000009375117000473/stt-2017930_10q.htm"
  },
  {
    "date": "2017-06-30",
    "symbol": "STT",
    "reportedCurrency": "USD",
    "cik": "0000093751",
    "fillingDate": "2017-08-04",
    "acceptedDate": "2017-08-04 07:02:52",
    "calendarYear": "2017",
    "period": "Q2",
    "revenue": 2935000000,
    "costOfRevenue": 128000000,
    "grossProfit": 2807000000,
    "grossProfitRatio": 0.9563884157,
    "researchAndDevelopmentExpenses": 0,
    "generalAndAdministrativeExpenses": 1099000000,
    "sellingAndMarketingExpenses": 0,
    "sellingGeneralAndAdministrativeExpenses": 1099000000,
    "otherExpenses": 932000000,
    "operatingExpenses": 2031000000,
    "costAndExpenses": 2159000000,
    "interestIncome": 700000000,
    "interestExpense": 125000000,
    "depreciationAndAmortization": 257000000,
    "ebitda": 1033000000,
    "ebitdaratio": 0.3519591141,
    "operatingIncome": 776000000,
    "operatingIncomeRatio": 0.26439523,
    "totalOtherIncomeExpensesNet": 0,
    "incomeBeforeTax": 776000000,
    "incomeBeforeTaxRatio": 0.26439523,
    "incomeTaxExpense": 156000000,
    "netIncome": 620000000,
    "netIncomeRatio": 0.2112436116,
    "eps": 1.56,
    "epsdiluted": 1.53,
    "weightedAverageShsOut": 375395000,
    "weightedAverageShsOutDil": 380915000,
    "link": "https://www.sec.gov/Archives/edgar/data/93751/000009375117000435/0000093751-17-000435-index.htm",
    "finalLink": "https://www.sec.gov/Archives/edgar/data/93751/000009375117000435/stt-2017630_10q.htm"
  },
  {
    "date": "2017-03-31",
    "symbol": "STT",
    "reportedCurrency": "USD",
    "cik": "0000093751",
    "fillingDate": "2017-05-04",
    "acceptedDate": "2017-05-04 17:07:41",
    "calendarYear": "2017",
    "period": "Q1",
    "revenue": 2808000000,
    "costOfRevenue": 138000000,
    "grossProfit": 2670000000,
    "grossProfitRatio": 0.9508547009,
    "researchAndDevelopmentExpenses": 0,
    "generalAndAdministrativeExpenses": 1196000000,
    "sellingAndMarketingExpenses": 0,
    "sellingGeneralAndAdministrativeExpenses": 1196000000,
    "otherExpenses": 890000000,
    "operatingExpenses": 2086000000,
    "costAndExpenses": 2224000000,
    "interestIncome": 650000000,
    "interestExpense": 140000000,
    "depreciationAndAmortization": 264000000,
    "ebitda": 848000000,
    "ebitdaratio": 0.301994302,
    "operatingIncome": 584000000,
    "operatingIncomeRatio": 0.207977208,
    "totalOtherIncomeExpensesNet": 0,
    "incomeBeforeTax": 584000000,
    "incomeBeforeTaxRatio": 0.207977208,
    "incomeTaxExpense": 82000000,
    "netIncome": 502000000,
    "netIncomeRatio": 0.1787749288,
    "eps": 1.17,
    "epsdiluted": 1.15,
    "weightedAverageShsOut": 381224000,
    "weightedAverageShsOutDil": 386417000,
    "link": "https://www.sec.gov/Archives/edgar/data/93751/000009375117000338/0000093751-17-000338-index.htm",
    "finalLink": "https://www.sec.gov/Archives/edgar/data/93751/000009375117000338/stt-2017331_10q.htm"
  },
  {
    "date": "2016-12-31",
    "symbol": "STT",
    "reportedCurrency": "USD",
    "cik": "0000093751",
    "fillingDate": "2017-02-17",
    "acceptedDate": "2017-02-16 17:33:59",
    "calendarYear": "2016",
    "period": "Q4",
    "revenue": 2633000000,
    "costOfRevenue": 104000000,
    "grossProfit": 2529000000,
    "grossProfitRatio": 0.9605013293,
    "researchAndDevelopmentExpenses": 0,
    "generalAndAdministrativeExpenses": 1263000000,
    "sellingAndMarketingExpenses": 0,
    "sellingGeneralAndAdministrativeExpenses": 1263000000,
    "otherExpenses": 921000000,
    "operatingExpenses": 2184000000,
    "costAndExpenses": 2288000000,
    "interestIncome": 617000000,
    "interestExpense": 102000000,
    "depreciationAndAmortization": 259000000,
    "ebitda": 604000000,
    "ebitdaratio": 0.2293961261,
    "operatingIncome": 345000000,
    "operatingIncomeRatio": 0.1310292442,
    "totalOtherIncomeExpensesNet": 0,
    "incomeBeforeTax": 345000000,
    "incomeBeforeTaxRatio": 0.1310292442,
    "incomeTaxExpense": -248000000,
    "netIncome": 593000000,
    "netIncomeRatio": 0.2252183821,
    "eps": 1.45,
    "epsdiluted": 1.43,
    "weightedAverageShsOut": 384115000,
    "weightedAverageShsOutDil": 389046000,
    "link": "https://www.sec.gov/Archives/edgar/data/93751/000009375117000249/0000093751-17-000249-index.htm",
    "finalLink": "https://www.sec.gov/Archives/edgar/data/93751/000009375117000249/stt-20161231_10k.htm"
  },
  {
    "date": "2016-09-30",
    "symbol": "STT",
    "reportedCurrency": "USD",
    "cik": "0000093751",
    "fillingDate": "2016-11-03",
    "acceptedDate": "2016-11-03 17:07:01",
    "calendarYear": "2016",
    "period": "Q3",
    "revenue": 2730000000,
    "costOfRevenue": 110000000,
    "grossProfit": 2620000000,
    "grossProfitRatio": 0.9597069597,
    "researchAndDevelopmentExpenses": 0,
    "generalAndAdministrativeExpenses": 1044000000,
    "sellingAndMarketingExpenses": 0,
    "sellingGeneralAndAdministrativeExpenses": 1044000000,
    "otherExpenses": 940000000,
    "operatingExpenses": 1984000000,
    "costAndExpenses": 2094000000,
    "interestIncome": 647000000,
    "interestExpense": 110000000,
    "depreciationAndAmortization": 210000000,
    "ebitda": 846000000,
    "ebitdaratio": 0.3098901099,
    "operatingIncome": 636000000,
    "operatingIncomeRatio": 0.232967033,
    "totalOtherIncomeExpensesNet": 0,
    "incomeBeforeTax": 636000000,
    "incomeBeforeTaxRatio": 0.232967033,
    "incomeTaxExpense": 72000000,
    "netIncome": 563000000,
    "netIncomeRatio": 0.2062271062,
    "eps": 1.31,
    "epsdiluted": 1.29,
    "weightedAverageShsOut": 388358000,
    "weightedAverageShsOutDil": 393212000,
    "link": "https://www.sec.gov/Archives/edgar/data/93751/000009375116000697/0000093751-16-000697-index.html",
    "finalLink": "https://www.sec.gov/Archives/edgar/data/93751/000009375116000697/stt-2016930_10q.htm"
  },
  {
    "date": "2016-06-30",
    "symbol": "STT",
    "reportedCurrency": "USD",
    "cik": "0000093751",
    "fillingDate": "2016-08-05",
    "acceptedDate": "2016-08-04 18:10:34",
    "calendarYear": "2016",
    "period": "Q2",
    "revenue": 2672000000,
    "costOfRevenue": 103000000,
    "grossProfit": 2569000000,
    "grossProfitRatio": 0.9614520958,
    "researchAndDevelopmentExpenses": 0,
    "generalAndAdministrativeExpenses": 1010000000,
    "sellingAndMarketingExpenses": 0,
    "sellingGeneralAndAdministrativeExpenses": 1010000000,
    "otherExpenses": 850000000,
    "operatingExpenses": 1860000000,
    "costAndExpenses": 1963000000,
    "interestIncome": 620000000,
    "interestExpense": 99000000,
    "depreciationAndAmortization": 228000000,
    "ebitda": 937000000,
    "ebitdaratio": 0.3506736527,
    "operatingIncome": 709000000,
    "operatingIncomeRatio": 0.2653443114,
    "totalOtherIncomeExpensesNet": 0,
    "incomeBeforeTax": 709000000,
    "incomeBeforeTaxRatio": 0.2653443114,
    "incomeTaxExpense": 92000000,
    "netIncome": 619000000,
    "netIncomeRatio": 0.2316616766,
    "eps": 1.48,
    "epsdiluted": 1.47,
    "weightedAverageShsOut": 394160000,
    "weightedAverageShsOutDil": 398847000,
    "link": "https://www.sec.gov/Archives/edgar/data/93751/000009375116000653/0000093751-16-000653-index.html",
    "finalLink": "https://www.sec.gov/Archives/edgar/data/93751/000009375116000653/stt-2016630_10q.htm"
  },
  {
    "date": "2016-03-31",
    "symbol": "STT",
    "reportedCurrency": "USD",
    "cik": "0000093751",
    "fillingDate": "2016-05-06",
    "acceptedDate": "2016-05-06 16:45:28",
    "calendarYear": "2016",
    "period": "Q1",
    "revenue": 2601000000,
    "costOfRevenue": 121000000,
    "grossProfit": 2480000000,
    "grossProfitRatio": 0.953479431,
    "researchAndDevelopmentExpenses": 0,
    "generalAndAdministrativeExpenses": 1129000000,
    "sellingAndMarketingExpenses": 0,
    "sellingGeneralAndAdministrativeExpenses": 1129000000,
    "otherExpenses": 921000000,
    "operatingExpenses": 2050000000,
    "costAndExpenses": 2171000000,
    "interestIncome": 629000000,
    "interestExpense": 117000000,
    "depreciationAndAmortization": 232000000,
    "ebitda": 662000000,
    "ebitdaratio": 0.2545174933,
    "operatingIncome": 430000000,
    "operatingIncomeRatio": 0.1653210304,
    "totalOtherIncomeExpensesNet": 0,
    "incomeBeforeTax": 430000000,
    "incomeBeforeTaxRatio": 0.1653210304,
    "incomeTaxExpense": 62000000,
    "netIncome": 368000000,
    "netIncomeRatio": 0.1414840446,
    "eps": 0.8,
    "epsdiluted": 0.79,
    "weightedAverageShsOut": 399421000,
    "weightedAverageShsOutDil": 403615000,
    "link": "https://www.sec.gov/Archives/edgar/data/93751/000009375116000581/0000093751-16-000581-index.htm",
    "finalLink": "https://www.sec.gov/Archives/edgar/data/93751/000009375116000581/stt-2016331_10q.htm"
  },
  {
    "date": "2015-12-31",
    "symbol": "STT",
    "reportedCurrency": "USD",
    "cik": "0000093751",
    "fillingDate": "2016-02-19",
    "acceptedDate": "2016-02-19 08:16:47",
    "calendarYear": "2015",
    "period": "Q4",
    "revenue": 2631000000,
    "costOfRevenue": 110000000,
    "grossProfit": 2521000000,
    "grossProfitRatio": 0.958190802,
    "researchAndDevelopmentExpenses": 0,
    "generalAndAdministrativeExpenses": 1065000000,
    "sellingAndMarketingExpenses": 0,
    "sellingGeneralAndAdministrativeExpenses": 1065000000,
    "otherExpenses": 792000000,
    "operatingExpenses": 1857000000,
    "costAndExpenses": 1967000000,
    "interestIncome": 603000000,
    "interestExpense": 109000000,
    "depreciationAndAmortization": 212000000,
    "ebitda": 876000000,
    "ebitdaratio": 0.3329532497,
    "operatingIncome": 664000000,
    "operatingIncomeRatio": 0.2523755226,
    "totalOtherIncomeExpensesNet": 0,
    "incomeBeforeTax": 664000000,
    "incomeBeforeTaxRatio": 0.2523755226,
    "incomeTaxExpense": 99000000,
    "netIncome": 564000000,
    "netIncomeRatio": 0.2143671608,
    "eps": 1.36,
    "epsdiluted": 1.34,
    "weightedAverageShsOut": 402041000,
    "weightedAverageShsOutDil": 407012000,
    "link": "https://www.sec.gov/Archives/edgar/data/93751/000009375116000446/0000093751-16-000446-index.html",
    "finalLink": "https://www.sec.gov/Archives/edgar/data/93751/000009375116000446/stt-20151231_10k.htm"
  },
  {
    "date": "2015-09-30",
    "symbol": "STT",
    "reportedCurrency": "USD",
    "cik": "0000093751",
    "fillingDate": "2015-11-06",
    "acceptedDate": "2015-11-06 14:55:42",
    "calendarYear": "2015",
    "period": "Q3",
    "revenue": 2715000000,
    "costOfRevenue": 106000000,
    "grossProfit": 2609000000,
    "grossProfitRatio": 0.9609576427,
    "researchAndDevelopmentExpenses": 0,
    "generalAndAdministrativeExpenses": 1084000000,
    "sellingAndMarketingExpenses": 0,
    "sellingGeneralAndAdministrativeExpenses": 1084000000,
    "otherExpenses": 878000000,
    "operatingExpenses": 1962000000,
    "costAndExpenses": 2068000000,
    "interestIncome": 614000000,
    "interestExpense": 101000000,
    "depreciationAndAmortization": 207000000,
    "ebitda": 854000000,
    "ebitdaratio": 0.3145488029,
    "operatingIncome": 647000000,
    "operatingIncomeRatio": 0.238305709,
    "totalOtherIncomeExpensesNet": 0,
    "incomeBeforeTax": 647000000,
    "incomeBeforeTaxRatio": 0.238305709,
    "incomeTaxExpense": 67000000,
    "netIncome": 581000000,
    "netIncomeRatio": 0.2139963168,
    "eps": 1.34,
    "epsdiluted": 1.32,
    "weightedAverageShsOut": 406612000,
    "weightedAverageShsOutDil": 412167000,
    "link": "https://www.sec.gov/Archives/edgar/data/93751/000009375115000225/0000093751-15-000225-index.html",
    "finalLink": "https://www.sec.gov/Archives/edgar/data/93751/000009375115000225/stt-2015930_10q.htm"
  },
  {
    "date": "2015-06-30",
    "symbol": "STT",
    "reportedCurrency": "USD",
    "cik": "0000093751",
    "fillingDate": "2015-08-07",
    "acceptedDate": "2015-08-07 17:06:34",
    "calendarYear": "2015",
    "period": "Q2",
    "revenue": 2702000000,
    "costOfRevenue": 96000000,
    "grossProfit": 2606000000,
    "grossProfitRatio": 0.9644707624,
    "researchAndDevelopmentExpenses": 0,
    "generalAndAdministrativeExpenses": 1012000000,
    "sellingAndMarketingExpenses": 0,
    "sellingGeneralAndAdministrativeExpenses": 1012000000,
    "otherExpenses": 1122000000,
    "operatingExpenses": 2134000000,
    "costAndExpenses": 2230000000,
    "interestIncome": 629000000,
    "interestExpense": 94000000,
    "depreciationAndAmortization": 198000000,
    "ebitda": 670000000,
    "ebitdaratio": 0.2479644708,
    "operatingIncome": 472000000,
    "operatingIncomeRatio": 0.1746854182,
    "totalOtherIncomeExpensesNet": 0,
    "incomeBeforeTax": 472000000,
    "incomeBeforeTaxRatio": 0.1746854182,
    "incomeTaxExpense": 54000000,
    "netIncome": 418000000,
    "netIncomeRatio": 0.1547002221,
    "eps": 0.96,
    "epsdiluted": 0.94,
    "weightedAverageShsOut": 410674000,
    "weightedAverageShsOutDil": 416712000,
    "link": "https://www.sec.gov/Archives/edgar/data/93751/000009375115000183/0000093751-15-000183-index.html",
    "finalLink": "https://www.sec.gov/Archives/edgar/data/93751/000009375115000183/stt-2015630_10q.htm"
  },
  {
    "date": "2015-03-31",
    "symbol": "STT",
    "reportedCurrency": "USD",
    "cik": "0000093751",
    "fillingDate": "2015-05-08",
    "acceptedDate": "2015-05-08 17:06:24",
    "calendarYear": "2015",
    "period": "Q1",
    "revenue": 2696000000,
    "costOfRevenue": 100000000,
    "grossProfit": 2596000000,
    "grossProfitRatio": 0.9629080119,
    "researchAndDevelopmentExpenses": 0,
    "generalAndAdministrativeExpenses": 1124000000,
    "sellingAndMarketingExpenses": 0,
    "sellingGeneralAndAdministrativeExpenses": 1124000000,
    "otherExpenses": 973000000,
    "operatingExpenses": 2097000000,
    "costAndExpenses": 2197000000,
    "interestIncome": 642000000,
    "interestExpense": 96000000,
    "depreciationAndAmortization": 186000000,
    "ebitda": 685000000,
    "ebitdaratio": 0.2540801187,
    "operatingIncome": 499000000,
    "operatingIncomeRatio": 0.1850890208,
    "totalOtherIncomeExpensesNet": 0,
    "incomeBeforeTax": 499000000,
    "incomeBeforeTaxRatio": 0.1850890208,
    "incomeTaxExpense": 94000000,
    "netIncome": 405000000,
    "netIncomeRatio": 0.1502225519,
    "eps": 0.91,
    "epsdiluted": 0.9,
    "weightedAverageShsOut": 412225000,
    "weightedAverageShsOutDil": 418750000,
    "link": "https://www.sec.gov/Archives/edgar/data/93751/000009375115000110/0000093751-15-000110-index.htm",
    "finalLink": "https://www.sec.gov/Archives/edgar/data/93751/000009375115000110/stt-2015331_10q.htm"
  },
  {
    "date": "2014-12-31",
    "symbol": "STT",
    "reportedCurrency": "USD",
    "cik": "0000093751",
    "fillingDate": "2015-02-20",
    "acceptedDate": "2015-02-20 17:25:20",
    "calendarYear": "2014",
    "period": "Q4",
    "revenue": 2731000000,
    "costOfRevenue": 106000000,
    "grossProfit": 2625000000,
    "grossProfitRatio": 0.9611863786,
    "researchAndDevelopmentExpenses": 0,
    "generalAndAdministrativeExpenses": 972000000,
    "sellingAndMarketingExpenses": 0,
    "sellingGeneralAndAdministrativeExpenses": 972000000,
    "otherExpenses": 1084000000,
    "operatingExpenses": 2056000000,
    "costAndExpenses": 2162000000,
    "interestIncome": 675000000,
    "interestExpense": 102000000,
    "depreciationAndAmortization": 186000000,
    "ebitda": 755000000,
    "ebitdaratio": 0.2764555108,
    "operatingIncome": 569000000,
    "operatingIncomeRatio": 0.2083485903,
    "totalOtherIncomeExpensesNet": 0,
    "incomeBeforeTax": 569000000,
    "incomeBeforeTaxRatio": 0.2083485903,
    "incomeTaxExpense": 77000000,
    "netIncome": 492000000,
    "netIncomeRatio": 0.1801537898,
    "eps": 1.26,
    "epsdiluted": 1.24,
    "weightedAverageShsOut": 416651000,
    "weightedAverageShsOutDil": 424339000,
    "link": "https://www.sec.gov/Archives/edgar/data/93751/000009375115000042/0000093751-15-000042-index.htm",
    "finalLink": "https://www.sec.gov/Archives/edgar/data/93751/000009375115000042/stt-20141231_10k.htm"
  },
  {
    "date": "2014-09-30",
    "symbol": "STT",
    "reportedCurrency": "USD",
    "cik": "0000093751",
    "fillingDate": "2014-11-10",
    "acceptedDate": "2014-11-07 18:17:15",
    "calendarYear": "2014",
    "period": "Q3",
    "revenue": 2683000000,
    "costOfRevenue": 103000000,
    "grossProfit": 2580000000,
    "grossProfitRatio": 0.9616101379,
    "researchAndDevelopmentExpenses": 0,
    "generalAndAdministrativeExpenses": 953000000,
    "sellingAndMarketingExpenses": 0,
    "sellingGeneralAndAdministrativeExpenses": 953000000,
    "otherExpenses": 939000000,
    "operatingExpenses": 1892000000,
    "costAndExpenses": 1995000000,
    "interestIncome": 671000000,
    "interestExpense": 101000000,
    "depreciationAndAmortization": 177000000,
    "ebitda": 865000000,
    "ebitdaratio": 0.3224002982,
    "operatingIncome": 688000000,
    "operatingIncomeRatio": 0.2564293701,
    "totalOtherIncomeExpensesNet": 0,
    "incomeBeforeTax": 688000000,
    "incomeBeforeTaxRatio": 0.2564293701,
    "incomeTaxExpense": 128000000,
    "netIncome": 560000000,
    "netIncomeRatio": 0.2087215803,
    "eps": 1.28,
    "epsdiluted": 1.26,
    "weightedAverageShsOut": 421974000,
    "weightedAverageShsOutDil": 429736000,
    "link": "https://www.sec.gov/Archives/edgar/data/93751/000009375114000165/0000093751-14-000165-index.html",
    "finalLink": "https://www.sec.gov/Archives/edgar/data/93751/000009375114000165/stt-20140930_10q.htm"
  },
  {
    "date": "2014-06-30",
    "symbol": "STT",
    "reportedCurrency": "USD",
    "cik": "0000093751",
    "fillingDate": "2014-08-08",
    "acceptedDate": "2014-08-08 15:57:36",
    "calendarYear": "2014",
    "period": "Q2",
    "revenue": 2687000000,
    "costOfRevenue": 91000000,
    "grossProfit": 2596000000,
    "grossProfitRatio": 0.9661332341,
    "researchAndDevelopmentExpenses": 0,
    "generalAndAdministrativeExpenses": 978000000,
    "sellingAndMarketingExpenses": 0,
    "sellingGeneralAndAdministrativeExpenses": 978000000,
    "otherExpenses": 872000000,
    "operatingExpenses": 1850000000,
    "costAndExpenses": 1941000000,
    "interestIncome": 650000000,
    "interestExpense": 89000000,
    "depreciationAndAmortization": 183000000,
    "ebitda": 929000000,
    "ebitdaratio": 0.3457387421,
    "operatingIncome": 746000000,
    "operatingIncomeRatio": 0.277633048,
    "totalOtherIncomeExpensesNet": 0,
    "incomeBeforeTax": 746000000,
    "incomeBeforeTaxRatio": 0.277633048,
    "incomeTaxExpense": 124000000,
    "netIncome": 622000000,
    "netIncomeRatio": 0.2314849274,
    "eps": 1.41,
    "epsdiluted": 1.38,
    "weightedAverageShsOut": 427824000,
    "weightedAverageShsOutDil": 435320000,
    "link": "https://www.sec.gov/Archives/edgar/data/93751/000009375114000137/0000093751-14-000137-index.html",
    "finalLink": "https://www.sec.gov/Archives/edgar/data/93751/000009375114000137/stt-20140630_10q.htm"
  },
  {
    "date": "2014-03-31",
    "symbol": "STT",
    "reportedCurrency": "USD",
    "cik": "0000093751",
    "fillingDate": "2014-05-09",
    "acceptedDate": "2014-05-09 16:10:36",
    "calendarYear": "2014",
    "period": "Q1",
    "revenue": 2585000000,
    "costOfRevenue": 102000000,
    "grossProfit": 2483000000,
    "grossProfitRatio": 0.9605415861,
    "researchAndDevelopmentExpenses": 0,
    "generalAndAdministrativeExpenses": 1157000000,
    "sellingAndMarketingExpenses": 0,
    "sellingGeneralAndAdministrativeExpenses": 1157000000,
    "otherExpenses": 871000000,
    "operatingExpenses": 2028000000,
    "costAndExpenses": 2130000000,
    "interestIncome": 655000000,
    "interestExpense": 100000000,
    "depreciationAndAmortization": 153000000,
    "ebitda": 608000000,
    "ebitdaratio": 0.2352030948,
    "operatingIncome": 455000000,
    "operatingIncomeRatio": 0.1760154739,
    "totalOtherIncomeExpensesNet": 0,
    "incomeBeforeTax": 455000000,
    "incomeBeforeTaxRatio": 0.1760154739,
    "incomeTaxExpense": 92000000,
    "netIncome": 363000000,
    "netIncomeRatio": 0.1404255319,
    "eps": 0.83,
    "epsdiluted": 0.81,
    "weightedAverageShsOut": 430621000,
    "weightedAverageShsOutDil": 438815000,
    "link": "https://www.sec.gov/Archives/edgar/data/93751/000009375114000086/0000093751-14-000086-index.htm",
    "finalLink": "https://www.sec.gov/Archives/edgar/data/93751/000009375114000086/stt-20140331_10q.htm"
  },
  {
    "date": "2013-12-31",
    "symbol": "STT",
    "reportedCurrency": "USD",
    "cik": "0000093751",
    "fillingDate": "2014-02-21",
    "acceptedDate": "2014-02-21 17:08:29",
    "calendarYear": "2013",
    "period": "Q4",
    "revenue": 2563000000,
    "costOfRevenue": 105000000,
    "grossProfit": 2458000000,
    "grossProfitRatio": 0.9590323839,
    "researchAndDevelopmentExpenses": 0,
    "generalAndAdministrativeExpenses": 945000000,
    "sellingAndMarketingExpenses": 0,
    "sellingGeneralAndAdministrativeExpenses": 945000000,
    "otherExpenses": 901000000,
    "operatingExpenses": 1846000000,
    "costAndExpenses": 1951000000,
    "interestIncome": 684000000,
    "interestExpense": 99000000,
    "depreciationAndAmortization": 191000000,
    "ebitda": 803000000,
    "ebitdaratio": 0.313304721,
    "operatingIncome": 612000000,
    "operatingIncomeRatio": 0.2387826766,
    "totalOtherIncomeExpensesNet": 0,
    "incomeBeforeTax": 612000000,
    "incomeBeforeTaxRatio": 0.2387826766,
    "incomeTaxExpense": 59000000,
    "netIncome": 553000000,
    "netIncomeRatio": 0.215762778,
    "eps": 1.25,
    "epsdiluted": 1.22,
    "weightedAverageShsOut": 435871000,
    "weightedAverageShsOutDil": 445225000,
    "link": "https://www.sec.gov/Archives/edgar/data/93751/000009375114000040/0000093751-14-000040-index.htm",
    "finalLink": "https://www.sec.gov/Archives/edgar/data/93751/000009375114000040/stt-20131231_10k.htm"
  },
  {
    "date": "2013-09-30",
    "symbol": "STT",
    "reportedCurrency": "USD",
    "cik": "0000093751",
    "fillingDate": "2013-11-06",
    "acceptedDate": "2013-11-06 16:41:33",
    "calendarYear": "2013",
    "period": "Q3",
    "revenue": 2522000000,
    "costOfRevenue": 97000000,
    "grossProfit": 2425000000,
    "grossProfitRatio": 0.9615384615,
    "researchAndDevelopmentExpenses": 0,
    "generalAndAdministrativeExpenses": 903000000,
    "sellingAndMarketingExpenses": 0,
    "sellingGeneralAndAdministrativeExpenses": 903000000,
    "otherExpenses": 819000000,
    "operatingExpenses": 1722000000,
    "costAndExpenses": 1819000000,
    "interestIncome": 643000000,
    "interestExpense": 97000000,
    "depreciationAndAmortization": 184000000,
    "ebitda": 887000000,
    "ebitdaratio": 0.351704996,
    "operatingIncome": 703000000,
    "operatingIncomeRatio": 0.2787470262,
    "totalOtherIncomeExpensesNet": 0,
    "incomeBeforeTax": 703000000,
    "incomeBeforeTaxRatio": 0.2787470262,
    "incomeTaxExpense": 163000000,
    "netIncome": 540000000,
    "netIncomeRatio": 0.2141157811,
    "eps": 1.2,
    "epsdiluted": 1.17,
    "weightedAverageShsOut": 442860000,
    "weightedAverageShsOutDil": 452154000,
    "link": "https://www.sec.gov/Archives/edgar/data/93751/000009375113000175/0000093751-13-000175-index.html",
    "finalLink": "https://www.sec.gov/Archives/edgar/data/93751/000009375113000175/stt-20130930_10q.htm"
  },
  {
    "date": "2013-06-30",
    "symbol": "STT",
    "reportedCurrency": "USD",
    "cik": "0000093751",
    "fillingDate": "2013-08-06",
    "acceptedDate": "2013-08-06 17:28:30",
    "calendarYear": "2013",
    "period": "Q2",
    "revenue": 2664000000,
    "costOfRevenue": 104000000,
    "grossProfit": 2560000000,
    "grossProfitRatio": 0.960960961,
    "researchAndDevelopmentExpenses": 0,
    "generalAndAdministrativeExpenses": 917000000,
    "sellingAndMarketingExpenses": 0,
    "sellingGeneralAndAdministrativeExpenses": 917000000,
    "otherExpenses": 881000000,
    "operatingExpenses": 1798000000,
    "costAndExpenses": 1902000000,
    "interestIncome": 700000000,
    "interestExpense": 104000000,
    "depreciationAndAmortization": 140000000,
    "ebitda": 902000000,
    "ebitdaratio": 0.3385885886,
    "operatingIncome": 762000000,
    "operatingIncomeRatio": 0.286036036,
    "totalOtherIncomeExpensesNet": 0,
    "incomeBeforeTax": 762000000,
    "incomeBeforeTaxRatio": 0.286036036,
    "incomeTaxExpense": 183000000,
    "netIncome": 579000000,
    "netIncomeRatio": 0.2173423423,
    "eps": 1.26,
    "epsdiluted": 1.24,
    "weightedAverageShsOut": 452176000,
    "weightedAverageShsOutDil": 461040000,
    "link": "https://www.sec.gov/Archives/edgar/data/93751/000009375113000146/0000093751-13-000146-index.html",
    "finalLink": "https://www.sec.gov/Archives/edgar/data/93751/000009375113000146/stt-20130630_10q.htm"
  },
  {
    "date": "2013-03-31",
    "symbol": "STT",
    "reportedCurrency": "USD",
    "cik": "0000093751",
    "fillingDate": "2013-05-03",
    "acceptedDate": "2013-05-03 16:18:44",
    "calendarYear": "2013",
    "period": "Q1",
    "revenue": 2546000000,
    "costOfRevenue": 111000000,
    "grossProfit": 2435000000,
    "grossProfitRatio": 0.9564021995,
    "researchAndDevelopmentExpenses": 0,
    "generalAndAdministrativeExpenses": 1035000000,
    "sellingAndMarketingExpenses": 0,
    "sellingGeneralAndAdministrativeExpenses": 1035000000,
    "otherExpenses": 791000000,
    "operatingExpenses": 1826000000,
    "costAndExpenses": 1937000000,
    "interestIncome": 687000000,
    "interestExpense": 111000000,
    "depreciationAndAmortization": 160000000,
    "ebitda": 769000000,
    "ebitdaratio": 0.3020424195,
    "operatingIncome": 609000000,
    "operatingIncomeRatio": 0.2391987431,
    "totalOtherIncomeExpensesNet": 0,
    "incomeBeforeTax": 609000000,
    "incomeBeforeTaxRatio": 0.2391987431,
    "incomeTaxExpense": 145000000,
    "netIncome": 464000000,
    "netIncomeRatio": 0.1822466614,
    "eps": 1,
    "epsdiluted": 0.98,
    "weightedAverageShsOut": 454315000,
    "weightedAverageShsOutDil": 462751000,
    "link": "https://www.sec.gov/Archives/edgar/data/93751/000009375113000084/0000093751-13-000084-index.htm",
    "finalLink": "https://www.sec.gov/Archives/edgar/data/93751/000009375113000084/stt-20130331_10q.htm"
  },
  {
    "date": "2012-12-31",
    "symbol": "STT",
    "reportedCurrency": "USD",
    "cik": "0000093751",
    "fillingDate": "2013-02-22",
    "acceptedDate": "2013-02-22 16:13:53",
    "calendarYear": "2012",
    "period": "Q4",
    "revenue": 2510000000,
    "costOfRevenue": 107000000,
    "grossProfit": 2403000000,
    "grossProfitRatio": 0.9573705179,
    "researchAndDevelopmentExpenses": 0,
    "generalAndAdministrativeExpenses": -218000000,
    "sellingAndMarketingExpenses": 0,
    "sellingGeneralAndAdministrativeExpenses": -218000000,
    "otherExpenses": 2034000000,
    "operatingExpenses": 1816000000,
    "costAndExpenses": 1923000000,
    "interestIncome": 733000000,
    "interestExpense": 111000000,
    "depreciationAndAmortization": 32000000,
    "ebitda": 619000000,
    "ebitdaratio": 0.2466135458,
    "operatingIncome": 587000000,
    "operatingIncomeRatio": 0.2338645418,
    "totalOtherIncomeExpensesNet": 0,
    "incomeBeforeTax": 587000000,
    "incomeBeforeTaxRatio": 0.2338645418,
    "incomeTaxExpense": 117000000,
    "netIncome": 470000000,
    "netIncomeRatio": 0.187250996,
    "eps": 1.02,
    "epsdiluted": 1,
    "weightedAverageShsOut": 459339000,
    "weightedAverageShsOutDil": 467466000,
    "link": "https://www.sec.gov/Archives/edgar/data/93751/000009375113000040/0000093751-13-000040-index.html",
    "finalLink": "https://www.sec.gov/Archives/edgar/data/93751/000009375113000040/stt-20121231_10k.htm"
  },
  {
    "date": "2012-09-30",
    "symbol": "STT",
    "reportedCurrency": "USD",
    "cik": "0000093751",
    "fillingDate": "2012-11-02",
    "acceptedDate": "2012-11-02 16:01:52",
    "calendarYear": "2012",
    "period": "Q3",
    "revenue": 2467000000,
    "costOfRevenue": 111000000,
    "grossProfit": 2356000000,
    "grossProfitRatio": 0.9550060803,
    "researchAndDevelopmentExpenses": 0,
    "generalAndAdministrativeExpenses": 916000000,
    "sellingAndMarketingExpenses": 0,
    "sellingGeneralAndAdministrativeExpenses": 916000000,
    "otherExpenses": 499000000,
    "operatingExpenses": 1415000000,
    "costAndExpenses": 1526000000,
    "interestIncome": 730000000,
    "interestExpense": 111000000,
    "depreciationAndAmortization": 120000000,
    "ebitda": 1061000000,
    "ebitdaratio": 0.4300770166,
    "operatingIncome": 941000000,
    "operatingIncomeRatio": 0.3814349412,
    "totalOtherIncomeExpensesNet": 0,
    "incomeBeforeTax": 941000000,
    "incomeBeforeTaxRatio": 0.3814349412,
    "incomeTaxExpense": 267000000,
    "netIncome": 674000000,
    "netIncomeRatio": 0.2732063235,
    "eps": 1.39,
    "epsdiluted": 1.36,
    "weightedAverageShsOut": 472355000,
    "weightedAverageShsOutDil": 480010000,
    "link": "https://www.sec.gov/Archives/edgar/data/93751/000009375112000113/0000093751-12-000113-index.html",
    "finalLink": "https://www.sec.gov/Archives/edgar/data/93751/000009375112000113/stt-2012930_10q.htm"
  },
  {
    "date": "2012-06-30",
    "symbol": "STT",
    "reportedCurrency": "USD",
    "cik": "0000093751",
    "fillingDate": "2012-08-03",
    "acceptedDate": "2012-08-03 15:20:05",
    "calendarYear": "2012",
    "period": "Q2",
    "revenue": 2537000000,
    "costOfRevenue": 113000000,
    "grossProfit": 2424000000,
    "grossProfitRatio": 0.9554592038,
    "researchAndDevelopmentExpenses": 0,
    "generalAndAdministrativeExpenses": 942000000,
    "sellingAndMarketingExpenses": 0,
    "sellingGeneralAndAdministrativeExpenses": 942000000,
    "otherExpenses": 830000000,
    "operatingExpenses": 1772000000,
    "costAndExpenses": 1885000000,
    "interestIncome": 786000000,
    "interestExpense": 114000000,
    "depreciationAndAmortization": 91000000,
    "ebitda": 743000000,
    "ebitdaratio": 0.2928655893,
    "operatingIncome": 652000000,
    "operatingIncomeRatio": 0.2569964525,
    "totalOtherIncomeExpensesNet": 0,
    "incomeBeforeTax": 652000000,
    "incomeBeforeTaxRatio": 0.2569964525,
    "incomeTaxExpense": 162000000,
    "netIncome": 490000000,
    "netIncomeRatio": 0.1931415057,
    "eps": 1,
    "epsdiluted": 0.98,
    "weightedAverageShsOut": 481404000,
    "weightedAverageShsOutDil": 488518000,
    "link": "https://www.sec.gov/Archives/edgar/data/93751/000009375112000079/0000093751-12-000079-index.html",
    "finalLink": "https://www.sec.gov/Archives/edgar/data/93751/000009375112000079/stt-2012630_10q.htm"
  },
  {
    "date": "2012-03-31",
    "symbol": "STT",
    "reportedCurrency": "USD",
    "cik": "0000093751",
    "fillingDate": "2012-05-04",
    "acceptedDate": "2012-05-04 17:03:59",
    "calendarYear": "2012",
    "period": "Q1",
    "revenue": 2561000000,
    "costOfRevenue": 140000000,
    "grossProfit": 2421000000,
    "grossProfitRatio": 0.945333854,
    "researchAndDevelopmentExpenses": 0,
    "generalAndAdministrativeExpenses": 1064000000,
    "sellingAndMarketingExpenses": 0,
    "sellingGeneralAndAdministrativeExpenses": 1064000000,
    "otherExpenses": 771000000,
    "operatingExpenses": 1835000000,
    "costAndExpenses": 1975000000,
    "interestIncome": 765000000,
    "interestExpense": 140000000,
    "depreciationAndAmortization": 106000000,
    "ebitda": 692000000,
    "ebitdaratio": 0.2702069504,
    "operatingIncome": 586000000,
    "operatingIncomeRatio": 0.2288168684,
    "totalOtherIncomeExpensesNet": 0,
    "incomeBeforeTax": 586000000,
    "incomeBeforeTaxRatio": 0.2288168684,
    "incomeTaxExpense": 159000000,
    "netIncome": 427000000,
    "netIncomeRatio": 0.1667317454,
    "eps": 0.86,
    "epsdiluted": 0.85,
    "weightedAverageShsOut": 484942000,
    "weightedAverageShsOutDil": 490454000,
    "link": "https://www.sec.gov/Archives/edgar/data/93751/000009375112000034/0000093751-12-000034-index.htm",
    "finalLink": "https://www.sec.gov/Archives/edgar/data/93751/000009375112000034/stt-2012331_10q.htm"
  },
  {
    "date": "2011-12-31",
    "symbol": "STT",
    "reportedCurrency": "USD",
    "cik": "0000093751",
    "fillingDate": "2012-02-27",
    "acceptedDate": "2012-02-27 06:22:22",
    "calendarYear": "2011",
    "period": "Q4",
    "revenue": 2345000000,
    "costOfRevenue": 158000000,
    "grossProfit": 2187000000,
    "grossProfitRatio": 0.9326226013,
    "researchAndDevelopmentExpenses": 0,
    "generalAndAdministrativeExpenses": -262000000,
    "sellingAndMarketingExpenses": 0,
    "sellingGeneralAndAdministrativeExpenses": -262000000,
    "otherExpenses": 1917000000,
    "operatingExpenses": 1655000000,
    "costAndExpenses": 1813000000,
    "interestIncome": 765000000,
    "interestExpense": 159000000,
    "depreciationAndAmortization": 115000000,
    "ebitda": 647000000,
    "ebitdaratio": 0.2759061834,
    "operatingIncome": 532000000,
    "operatingIncomeRatio": 0.2268656716,
    "totalOtherIncomeExpensesNet": 0,
    "incomeBeforeTax": 532000000,
    "incomeBeforeTaxRatio": 0.2268656716,
    "incomeTaxExpense": 151000000,
    "netIncome": 381000000,
    "netIncomeRatio": 0.1624733475,
    "eps": 0.79,
    "epsdiluted": 0.79,
    "weightedAverageShsOut": 484942000,
    "weightedAverageShsOutDil": 484942000,
    "link": "https://www.sec.gov/Archives/edgar/data/93751/000119312512079737/0001193125-12-079737-index.htm",
    "finalLink": "https://www.sec.gov/Archives/edgar/data/93751/000119312512079737/d262731d10k.htm"
  },
  {
    "date": "2011-09-30",
    "symbol": "STT",
    "reportedCurrency": "USD",
    "cik": "0000093751",
    "fillingDate": "2011-11-04",
    "acceptedDate": "2011-11-04 15:34:22",
    "calendarYear": "2011",
    "period": "Q3",
    "revenue": 2602000000,
    "costOfRevenue": 150000000,
    "grossProfit": 2452000000,
    "grossProfitRatio": 0.9423520369,
    "researchAndDevelopmentExpenses": 0,
    "generalAndAdministrativeExpenses": 1336000000,
    "sellingAndMarketingExpenses": 0,
    "sellingGeneralAndAdministrativeExpenses": 1336000000,
    "otherExpenses": 487000000,
    "operatingExpenses": 1823000000,
    "costAndExpenses": 1973000000,
    "interestIncome": 728000000,
    "interestExpense": 150000000,
    "depreciationAndAmortization": 96000000,
    "ebitda": 725000000,
    "ebitdaratio": 0.2786318217,
    "operatingIncome": 629000000,
    "operatingIncomeRatio": 0.2417371253,
    "totalOtherIncomeExpensesNet": 0,
    "incomeBeforeTax": 629000000,
    "incomeBeforeTaxRatio": 0.2417371253,
    "incomeTaxExpense": 74000000,
    "netIncome": 555000000,
    "netIncomeRatio": 0.2132974635,
    "eps": 1.11,
    "epsdiluted": 1.1,
    "weightedAverageShsOut": 490840000,
    "weightedAverageShsOutDil": 494780000,
    "link": "https://www.sec.gov/Archives/edgar/data/93751/000119312511297261/0001193125-11-297261-index.html",
    "finalLink": "https://www.sec.gov/Archives/edgar/data/93751/000119312511297261/d233981d10q.htm"
  },
  {
    "date": "2011-06-30",
    "symbol": "STT",
    "reportedCurrency": "USD",
    "cik": "0000093751",
    "fillingDate": "2011-08-05",
    "acceptedDate": "2011-08-05 15:25:20",
    "calendarYear": "2011",
    "period": "Q2",
    "revenue": 2709000000,
    "costOfRevenue": 145000000,
    "grossProfit": 2564000000,
    "grossProfitRatio": 0.9464747139,
    "researchAndDevelopmentExpenses": 0,
    "generalAndAdministrativeExpenses": 1401000000,
    "sellingAndMarketingExpenses": 0,
    "sellingGeneralAndAdministrativeExpenses": 1401000000,
    "otherExpenses": 448000000,
    "operatingExpenses": 1849000000,
    "costAndExpenses": 1994000000,
    "interestIncome": 719000000,
    "interestExpense": 147000000,
    "depreciationAndAmortization": 110000000,
    "ebitda": 825000000,
    "ebitdaratio": 0.3045404208,
    "operatingIncome": 715000000,
    "operatingIncomeRatio": 0.2639350314,
    "totalOtherIncomeExpensesNet": 0,
    "incomeBeforeTax": 715000000,
    "incomeBeforeTaxRatio": 0.2639350314,
    "incomeTaxExpense": 202000000,
    "netIncome": 513000000,
    "netIncomeRatio": 0.1893687708,
    "eps": 1.01,
    "epsdiluted": 1,
    "weightedAverageShsOut": 496806000,
    "weightedAverageShsOutDil": 501044000,
    "link": "https://www.sec.gov/Archives/edgar/data/93751/000119312511212197/0001193125-11-212197-index.html",
    "finalLink": "https://www.sec.gov/Archives/edgar/data/93751/000119312511212197/d10q.htm"
  },
  {
    "date": "2011-03-31",
    "symbol": "STT",
    "reportedCurrency": "USD",
    "cik": "0000093751",
    "fillingDate": "2011-05-09",
    "acceptedDate": "2011-05-06 21:21:51",
    "calendarYear": "2011",
    "period": "Q1",
    "revenue": 2518000000,
    "costOfRevenue": 156000000,
    "grossProfit": 2362000000,
    "grossProfitRatio": 0.9380460683,
    "researchAndDevelopmentExpenses": 0,
    "generalAndAdministrativeExpenses": 1165000000,
    "sellingAndMarketingExpenses": 0,
    "sellingGeneralAndAdministrativeExpenses": 1165000000,
    "otherExpenses": 537000000,
    "operatingExpenses": 1702000000,
    "costAndExpenses": 1858000000,
    "interestIncome": 734000000,
    "interestExpense": 157000000,
    "depreciationAndAmortization": 59000000,
    "ebitda": 719000000,
    "ebitdaratio": 0.2855440826,
    "operatingIncome": 660000000,
    "operatingIncomeRatio": 0.2621127879,
    "totalOtherIncomeExpensesNet": 0,
    "incomeBeforeTax": 660000000,
    "incomeBeforeTaxRatio": 0.2621127879,
    "incomeTaxExpense": 189000000,
    "netIncome": 471000000,
    "netIncomeRatio": 0.1870532168,
    "eps": 0.94,
    "epsdiluted": 0.93,
    "weightedAverageShsOut": 497471000,
    "weightedAverageShsOutDil": 500980000,
    "link": "https://www.sec.gov/Archives/edgar/data/93751/000119312511131166/0001193125-11-131166-index.htm",
    "finalLink": "https://www.sec.gov/Archives/edgar/data/93751/000119312511131166/d10q.htm"
  },
  {
    "date": "2010-12-31",
    "symbol": "STT",
    "reportedCurrency": "USD",
    "cik": "0000093751",
    "fillingDate": "2011-02-28",
    "acceptedDate": "2011-02-25 21:46:16",
    "calendarYear": "2010",
    "period": "Q4",
    "revenue": 2221000000,
    "costOfRevenue": -623000000,
    "grossProfit": 2844000000,
    "grossProfitRatio": 1.2805042774,
    "researchAndDevelopmentExpenses": 0,
    "generalAndAdministrativeExpenses": -69000000,
    "sellingAndMarketingExpenses": 0,
    "sellingGeneralAndAdministrativeExpenses": -69000000,
    "otherExpenses": 2661000000,
    "operatingExpenses": 2592000000,
    "costAndExpenses": 1969000000,
    "interestIncome": 834000000,
    "interestExpense": 0,
    "depreciationAndAmortization": -207000000,
    "ebitda": 45000000,
    "ebitdaratio": 0.0202611436,
    "operatingIncome": 252000000,
    "operatingIncomeRatio": 0.1134624043,
    "totalOtherIncomeExpensesNet": 0,
    "incomeBeforeTax": 252000000,
    "incomeBeforeTaxRatio": 0.1134624043,
    "incomeTaxExpense": 169000000,
    "netIncome": 83000000,
    "netIncomeRatio": 0.0373705538,
    "eps": 0.17,
    "epsdiluted": 0.17,
    "weightedAverageShsOut": 495640000,
    "weightedAverageShsOutDil": 497471000,
    "link": "https://www.sec.gov/Archives/edgar/data/93751/000119312511047982/0001193125-11-047982-index.htm",
    "finalLink": "https://www.sec.gov/Archives/edgar/data/93751/000119312511047982/d10k.htm"
  },
  {
    "date": "2010-09-30",
    "symbol": "STT",
    "reportedCurrency": "USD",
    "cik": "0000093751",
    "fillingDate": "2010-11-05",
    "acceptedDate": "2010-11-05 12:37:18",
    "calendarYear": "2010",
    "period": "Q3",
    "revenue": 2639000000,
    "costOfRevenue": 181000000,
    "grossProfit": 2458000000,
    "grossProfitRatio": 0.9314134142,
    "researchAndDevelopmentExpenses": 0,
    "generalAndAdministrativeExpenses": 1203000000,
    "sellingAndMarketingExpenses": 0,
    "sellingGeneralAndAdministrativeExpenses": 1203000000,
    "otherExpenses": 473000000,
    "operatingExpenses": 1676000000,
    "costAndExpenses": 1857000000,
    "interestIncome": 904000000,
    "interestExpense": 180000000,
    "depreciationAndAmortization": -59000000,
    "ebitda": 723000000,
    "ebitdaratio": 0.2739674119,
    "operatingIncome": 782000000,
    "operatingIncomeRatio": 0.2963243653,
    "totalOtherIncomeExpensesNet": 0,
    "incomeBeforeTax": 782000000,
    "incomeBeforeTaxRatio": 0.2963243653,
    "incomeTaxExpense": 236000000,
    "netIncome": 546000000,
    "netIncomeRatio": 0.2068965517,
    "eps": 1.09,
    "epsdiluted": 1.08,
    "weightedAverageShsOut": 495729000,
    "weightedAverageShsOutDil": 498159000,
    "link": "https://www.sec.gov/Archives/edgar/data/93751/000119312510249618/0001193125-10-249618-index.html",
    "finalLink": "https://www.sec.gov/Archives/edgar/data/93751/000119312510249618/d10q.htm"
  },
  {
    "date": "2010-06-30",
    "symbol": "STT",
    "reportedCurrency": "USD",
    "cik": "0000093751",
    "fillingDate": "2010-08-06",
    "acceptedDate": "2010-08-06 15:46:31",
    "calendarYear": "2010",
    "period": "Q2",
    "revenue": 2732000000,
    "costOfRevenue": 198000000,
    "grossProfit": 2534000000,
    "grossProfitRatio": 0.9275256223,
    "researchAndDevelopmentExpenses": 0,
    "generalAndAdministrativeExpenses": 1187000000,
    "sellingAndMarketingExpenses": 0,
    "sellingGeneralAndAdministrativeExpenses": 1187000000,
    "otherExpenses": 997000000,
    "operatingExpenses": 2184000000,
    "costAndExpenses": 2382000000,
    "interestIncome": 846000000,
    "interestExpense": 188000000,
    "depreciationAndAmortization": -55000000,
    "ebitda": 295000000,
    "ebitdaratio": 0.1079795022,
    "operatingIncome": 350000000,
    "operatingIncomeRatio": 0.1281112738,
    "totalOtherIncomeExpensesNet": 0,
    "incomeBeforeTax": 350000000,
    "incomeBeforeTaxRatio": 0.1281112738,
    "incomeTaxExpense": -82000000,
    "netIncome": 432000000,
    "netIncomeRatio": 0.1581259151,
    "eps": 0.86,
    "epsdiluted": 0.86,
    "weightedAverageShsOut": 495606000,
    "weightedAverageShsOutDil": 498886000,
    "link": "https://www.sec.gov/Archives/edgar/data/93751/000119312510181294/0001193125-10-181294-index.html",
    "finalLink": "https://www.sec.gov/Archives/edgar/data/93751/000119312510181294/d10q.htm"
  },
  {
    "date": "2010-03-31",
    "symbol": "STT",
    "reportedCurrency": "USD",
    "cik": "0000093751",
    "fillingDate": "2010-05-07",
    "acceptedDate": "2010-05-07 14:36:46",
    "calendarYear": "2010",
    "period": "Q1",
    "revenue": 2753000000,
    "costOfRevenue": 202000000,
    "grossProfit": 2551000000,
    "grossProfitRatio": 0.9266254995,
    "researchAndDevelopmentExpenses": 0,
    "generalAndAdministrativeExpenses": 1050000000,
    "sellingAndMarketingExpenses": 0,
    "sellingGeneralAndAdministrativeExpenses": 1050000000,
    "otherExpenses": 799000000,
    "operatingExpenses": 1849000000,
    "costAndExpenses": 2051000000,
    "interestIncome": 878000000,
    "interestExpense": 217000000,
    "depreciationAndAmortization": -114000000,
    "ebitda": 588000000,
    "ebitdaratio": 0.2135851798,
    "operatingIncome": 702000000,
    "operatingIncomeRatio": 0.2549945514,
    "totalOtherIncomeExpensesNet": 0,
    "incomeBeforeTax": 702000000,
    "incomeBeforeTaxRatio": 0.2549945514,
    "incomeTaxExpense": 207000000,
    "netIncome": 495000000,
    "netIncomeRatio": 0.1798038503,
    "eps": 0.99,
    "epsdiluted": 0.99,
    "weightedAverageShsOut": 494588000,
    "weightedAverageShsOutDil": 498056000,
    "link": "https://www.sec.gov/Archives/edgar/data/93751/000119312510112646/0001193125-10-112646-index.htm",
    "finalLink": "https://www.sec.gov/Archives/edgar/data/93751/000119312510112646/d10q.htm"
  },
  {
    "date": "2009-12-31",
    "symbol": "STT",
    "reportedCurrency": "USD",
    "cik": "0000093751",
    "fillingDate": "2010-02-22",
    "acceptedDate": "2010-02-22 17:15:24",
    "calendarYear": "2009",
    "period": "Q4",
    "revenue": 2460000000,
    "costOfRevenue": 180000000,
    "grossProfit": 2280000000,
    "grossProfitRatio": 0.9268292683,
    "researchAndDevelopmentExpenses": 0,
    "generalAndAdministrativeExpenses": -127000000,
    "sellingAndMarketingExpenses": 0,
    "sellingGeneralAndAdministrativeExpenses": -127000000,
    "otherExpenses": 1727000000,
    "operatingExpenses": 1600000000,
    "costAndExpenses": 1780000000,
    "interestIncome": 877000000,
    "interestExpense": 180000000,
    "depreciationAndAmortization": 347000000,
    "ebitda": 1027000000,
    "ebitdaratio": 0.4174796748,
    "operatingIncome": 680000000,
    "operatingIncomeRatio": 0.2764227642,
    "totalOtherIncomeExpensesNet": 0,
    "incomeBeforeTax": 680000000,
    "incomeBeforeTaxRatio": 0.2764227642,
    "incomeTaxExpense": 182000000,
    "netIncome": 498000000,
    "netIncomeRatio": 0.2024390244,
    "eps": 1.01,
    "epsdiluted": 1.01,
    "weightedAverageShsOut": 493708000,
    "weightedAverageShsOutDil": 494588000,
    "link": "https://www.sec.gov/Archives/edgar/data/93751/000119312510036481/0001193125-10-036481-index.html",
    "finalLink": "https://www.sec.gov/Archives/edgar/data/93751/000119312510036481/d10k.htm"
  },
  {
    "date": "2009-09-30",
    "symbol": "STT",
    "reportedCurrency": "USD",
    "cik": "0000093751",
    "fillingDate": "2009-11-06",
    "acceptedDate": "2009-11-06 14:08:03",
    "calendarYear": "2009",
    "period": "Q3",
    "revenue": 2411000000,
    "costOfRevenue": 448000000,
    "grossProfit": 1963000000,
    "grossProfitRatio": 0.8141849855,
    "researchAndDevelopmentExpenses": 0,
    "generalAndAdministrativeExpenses": 1132000000,
    "sellingAndMarketingExpenses": 0,
    "sellingGeneralAndAdministrativeExpenses": 1132000000,
    "otherExpenses": 344000000,
    "operatingExpenses": 1476000000,
    "costAndExpenses": 1924000000,
    "interestIncome": 898000000,
    "interestExpense": 432000000,
    "depreciationAndAmortization": 36000000,
    "ebitda": 523000000,
    "ebitdaratio": 0.2169224388,
    "operatingIncome": 487000000,
    "operatingIncomeRatio": 0.2019908752,
    "totalOtherIncomeExpensesNet": 0,
    "incomeBeforeTax": 487000000,
    "incomeBeforeTaxRatio": 0.2019908752,
    "incomeTaxExpense": 160000000,
    "netIncome": 327000000,
    "netIncomeRatio": 0.13562837,
    "eps": 1.06,
    "epsdiluted": 1.05,
    "weightedAverageShsOut": 447370000,
    "weightedAverageShsOutDil": 498290000,
    "link": "https://www.sec.gov/Archives/edgar/data/93751/000119312509227212/0001193125-09-227212-index.html",
    "finalLink": "https://www.sec.gov/Archives/edgar/data/93751/000119312509227212/d10q.htm"
  },
  {
    "date": "2009-06-30",
    "symbol": "STT",
    "reportedCurrency": "USD",
    "cik": "0000093751",
    "fillingDate": "2009-08-10",
    "acceptedDate": "2009-08-07 20:44:46",
    "calendarYear": "2009",
    "period": "Q2",
    "revenue": 3883000000,
    "costOfRevenue": 207000000,
    "grossProfit": 3676000000,
    "grossProfitRatio": 0.9466907031,
    "researchAndDevelopmentExpenses": 0,
    "generalAndAdministrativeExpenses": 1009000000,
    "sellingAndMarketingExpenses": 0,
    "sellingGeneralAndAdministrativeExpenses": 1009000000,
    "otherExpenses": 1923000000,
    "operatingExpenses": 2932000000,
    "costAndExpenses": 3139000000,
    "interestIncome": 773000000,
    "interestExpense": 193000000,
    "depreciationAndAmortization": 34000000,
    "ebitda": 778000000,
    "ebitdaratio": 0.200360546,
    "operatingIncome": 744000000,
    "operatingIncomeRatio": 0.1916044296,
    "totalOtherIncomeExpensesNet": 0,
    "incomeBeforeTax": 744000000,
    "incomeBeforeTaxRatio": 0.1916044296,
    "incomeTaxExpense": 242000000,
    "netIncome": -3182000000,
    "netIncomeRatio": -0.8194694824,
    "eps": 0.98,
    "epsdiluted": 0.98,
    "weightedAverageShsOut": 432179000,
    "weightedAverageShsOutDil": 465814000,
    "link": "https://www.sec.gov/Archives/edgar/data/93751/000119312509169449/0001193125-09-169449-index.html",
    "finalLink": "https://www.sec.gov/Archives/edgar/data/93751/000119312509169449/d10q.htm"
  },
  {
    "date": "2009-03-31",
    "symbol": "STT",
    "reportedCurrency": "USD",
    "cik": "0000093751",
    "fillingDate": "2009-05-04",
    "acceptedDate": "2009-05-01 18:22:49",
    "calendarYear": "2009",
    "period": "Q1",
    "revenue": 2189000000,
    "costOfRevenue": 258000000,
    "grossProfit": 1931000000,
    "grossProfitRatio": 0.8821379625,
    "researchAndDevelopmentExpenses": 0,
    "generalAndAdministrativeExpenses": 1023000000,
    "sellingAndMarketingExpenses": 0,
    "sellingGeneralAndAdministrativeExpenses": 1023000000,
    "otherExpenses": 294000000,
    "operatingExpenses": 1317000000,
    "costAndExpenses": 1575000000,
    "interestIncome": 738000000,
    "interestExpense": 174000000,
    "depreciationAndAmortization": -23000000,
    "ebitda": 591000000,
    "ebitdaratio": 0.2699862951,
    "operatingIncome": 614000000,
    "operatingIncomeRatio": 0.280493376,
    "totalOtherIncomeExpensesNet": 0,
    "incomeBeforeTax": 614000000,
    "incomeBeforeTaxRatio": 0.280493376,
    "incomeTaxExpense": 138000000,
    "netIncome": 476000000,
    "netIncomeRatio": 0.2174508908,
    "eps": 1.03,
    "epsdiluted": 1.02,
    "weightedAverageShsOut": 432179000,
    "weightedAverageShsOutDil": 435299000,
    "link": "https://www.sec.gov/Archives/edgar/data/93751/000119312509096479/0001193125-09-096479-index.htm",
    "finalLink": "https://www.sec.gov/Archives/edgar/data/93751/000119312509096479/d10q.htm"
  },
  {
    "date": "2008-12-31",
    "symbol": "STT",
    "reportedCurrency": "USD",
    "cik": "0000093751",
    "fillingDate": "2009-02-27",
    "acceptedDate": "2009-02-27 17:08:32",
    "calendarYear": "2008",
    "period": "Q4",
    "revenue": 2607000000,
    "costOfRevenue": 584000000,
    "grossProfit": 2023000000,
    "grossProfitRatio": 0.7759877254,
    "researchAndDevelopmentExpenses": 0,
    "generalAndAdministrativeExpenses": 698000000,
    "sellingAndMarketingExpenses": 0,
    "sellingGeneralAndAdministrativeExpenses": 698000000,
    "otherExpenses": 963000000,
    "operatingExpenses": 1661000000,
    "costAndExpenses": 2245000000,
    "interestIncome": 1427000000,
    "interestExpense": 584000000,
    "depreciationAndAmortization": -745000000,
    "ebitda": -383000000,
    "ebitdaratio": -0.1469121596,
    "operatingIncome": 362000000,
    "operatingIncomeRatio": 0.1388569237,
    "totalOtherIncomeExpensesNet": 0,
    "incomeBeforeTax": 362000000,
    "incomeBeforeTaxRatio": 0.1388569237,
    "incomeTaxExpense": 106000000,
    "netIncome": 256000000,
    "netIncomeRatio": 0.0981971615,
    "eps": 0.59,
    "epsdiluted": 0.59,
    "weightedAverageShsOut": 431170000,
    "weightedAverageShsOutDil": 432179000,
    "link": "https://www.sec.gov/Archives/edgar/data/93751/000119312509041171/0001193125-09-041171-index.html",
    "finalLink": "https://www.sec.gov/Archives/edgar/data/93751/000119312509041171/d10k.htm"
  },
  {
    "date": "2008-09-30",
    "symbol": "STT",
    "reportedCurrency": "USD",
    "cik": "0000093751",
    "fillingDate": "2008-11-05",
    "acceptedDate": "2008-11-04 20:27:38",
    "calendarYear": "2008",
    "period": "Q3",
    "revenue": 3273000000,
    "costOfRevenue": 502000000,
    "grossProfit": 2771000000,
    "grossProfitRatio": 0.8466238925,
    "researchAndDevelopmentExpenses": 0,
    "generalAndAdministrativeExpenses": 1338000000,
    "sellingAndMarketingExpenses": 0,
    "sellingGeneralAndAdministrativeExpenses": 1338000000,
    "otherExpenses": 587000000,
    "operatingExpenses": 1925000000,
    "costAndExpenses": 2427000000,
    "interestIncome": 1027000000,
    "interestExpense": 502000000,
    "depreciationAndAmortization": 132000000,
    "ebitda": 978000000,
    "ebitdaratio": 0.2988084326,
    "operatingIncome": 846000000,
    "operatingIncomeRatio": 0.2584784601,
    "totalOtherIncomeExpensesNet": 0,
    "incomeBeforeTax": 846000000,
    "incomeBeforeTaxRatio": 0.2584784601,
    "incomeTaxExpense": 369000000,
    "netIncome": 477000000,
    "netIncomeRatio": 0.1457378552,
    "eps": 1.1,
    "epsdiluted": 1.09,
    "weightedAverageShsOut": 430872000,
    "weightedAverageShsOutDil": 435030000,
    "link": "https://www.sec.gov/Archives/edgar/data/93751/000119312508224608/0001193125-08-224608-index.html",
    "finalLink": "https://www.sec.gov/Archives/edgar/data/93751/000119312508224608/d10q.htm"
  },
  {
    "date": "2008-06-30",
    "symbol": "STT",
    "reportedCurrency": "USD",
    "cik": "0000093751",
    "fillingDate": "2008-08-01",
    "acceptedDate": "2008-08-01 14:41:09",
    "calendarYear": "2008",
    "period": "Q2",
    "revenue": 3152000000,
    "costOfRevenue": 480000000,
    "grossProfit": 2672000000,
    "grossProfitRatio": 0.847715736,
    "researchAndDevelopmentExpenses": 0,
    "generalAndAdministrativeExpenses": 1396000000,
    "sellingAndMarketingExpenses": 0,
    "sellingGeneralAndAdministrativeExpenses": 1396000000,
    "otherExpenses": 445000000,
    "operatingExpenses": 1841000000,
    "costAndExpenses": 2321000000,
    "interestIncome": 1137000000,
    "interestExpense": 480000000,
    "depreciationAndAmortization": 159000000,
    "ebitda": 990000000,
    "ebitdaratio": 0.3140862944,
    "operatingIncome": 831000000,
    "operatingIncomeRatio": 0.263642132,
    "totalOtherIncomeExpensesNet": 0,
    "incomeBeforeTax": 831000000,
    "incomeBeforeTaxRatio": 0.263642132,
    "incomeTaxExpense": 283000000,
    "netIncome": 548000000,
    "netIncomeRatio": 0.173857868,
    "eps": 1.36,
    "epsdiluted": 1.35,
    "weightedAverageShsOut": 402482000,
    "weightedAverageShsOutDil": 406964000,
    "link": "https://www.sec.gov/Archives/edgar/data/93751/000119312508163712/0001193125-08-163712-index.html",
    "finalLink": "https://www.sec.gov/Archives/edgar/data/93751/000119312508163712/d10q.htm"
  },
  {
    "date": "2008-03-31",
    "symbol": "STT",
    "reportedCurrency": "USD",
    "cik": "0000093751",
    "fillingDate": "2008-05-09",
    "acceptedDate": "2008-05-09 15:19:04",
    "calendarYear": "2008",
    "period": "Q1",
    "revenue": 3240000000,
    "costOfRevenue": 663000000,
    "grossProfit": 2577000000,
    "grossProfitRatio": 0.7953703704,
    "researchAndDevelopmentExpenses": 0,
    "generalAndAdministrativeExpenses": 1062000000,
    "sellingAndMarketingExpenses": 0,
    "sellingGeneralAndAdministrativeExpenses": 1062000000,
    "otherExpenses": 712000000,
    "operatingExpenses": 1774000000,
    "costAndExpenses": 2437000000,
    "interestIncome": 1288000000,
    "interestExpense": 663000000,
    "depreciationAndAmortization": 172000000,
    "ebitda": 975000000,
    "ebitdaratio": 0.3009259259,
    "operatingIncome": 803000000,
    "operatingIncomeRatio": 0.2478395062,
    "totalOtherIncomeExpensesNet": 0,
    "incomeBeforeTax": 803000000,
    "incomeBeforeTaxRatio": 0.2478395062,
    "incomeTaxExpense": 273000000,
    "netIncome": 530000000,
    "netIncomeRatio": 0.1635802469,
    "eps": 1.37,
    "epsdiluted": 1.35,
    "weightedAverageShsOut": 387942000,
    "weightedAverageShsOutDil": 393647000,
    "link": "https://www.sec.gov/Archives/edgar/data/93751/000104746908006301/0001047469-08-006301-index.htm",
    "finalLink": "https://www.sec.gov/Archives/edgar/data/93751/000104746908006301/a2184923z10-q.htm"
  },
  {
    "date": "2007-12-31",
    "symbol": "STT",
    "reportedCurrency": "USD",
    "cik": "0000093751",
    "fillingDate": "2008-02-15",
    "acceptedDate": "2008-02-15 17:19:16",
    "calendarYear": "2007",
    "period": "Q4",
    "revenue": 3377000000,
    "costOfRevenue": 898000000,
    "grossProfit": 2479000000,
    "grossProfitRatio": 0.7340835061,
    "researchAndDevelopmentExpenses": 0,
    "generalAndAdministrativeExpenses": 793000000,
    "sellingAndMarketingExpenses": 0,
    "sellingGeneralAndAdministrativeExpenses": 793000000,
    "otherExpenses": 1380000000,
    "operatingExpenses": 2173000000,
    "costAndExpenses": 3071000000,
    "interestIncome": 1454000000,
    "interestExpense": 898000000,
    "depreciationAndAmortization": -230000000,
    "ebitda": 76000000,
    "ebitdaratio": 0.0225051821,
    "operatingIncome": 306000000,
    "operatingIncomeRatio": 0.0906129701,
    "totalOtherIncomeExpensesNet": 0,
    "incomeBeforeTax": 306000000,
    "incomeBeforeTaxRatio": 0.0906129701,
    "incomeTaxExpense": 83000000,
    "netIncome": 223000000,
    "netIncomeRatio": 0.0660349423,
    "eps": 0.57,
    "epsdiluted": 0.57,
    "weightedAverageShsOut": 385470000,
    "weightedAverageShsOutDil": 387942000,
    "link": "https://www.sec.gov/Archives/edgar/data/93751/000104746908001447/0001047469-08-001447-index.htm",
    "finalLink": "https://www.sec.gov/Archives/edgar/data/93751/000104746908001447/a2182320z10-k.htm"
  },
  {
    "date": "2007-09-30",
    "symbol": "STT",
    "reportedCurrency": "USD",
    "cik": "0000093751",
    "fillingDate": "2007-11-02",
    "acceptedDate": "2007-11-02 17:03:40",
    "calendarYear": "2007",
    "period": "Q3",
    "revenue": 3159000000,
    "costOfRevenue": 919000000,
    "grossProfit": 2240000000,
    "grossProfitRatio": 0.7090851535,
    "researchAndDevelopmentExpenses": 0,
    "generalAndAdministrativeExpenses": 916000000,
    "sellingAndMarketingExpenses": 0,
    "sellingGeneralAndAdministrativeExpenses": 916000000,
    "otherExpenses": 773000000,
    "operatingExpenses": 1689000000,
    "costAndExpenses": 2608000000,
    "interestIncome": 1383000000,
    "interestExpense": 919000000,
    "depreciationAndAmortization": 0,
    "ebitda": 551000000,
    "ebitdaratio": 0.1744222855,
    "operatingIncome": 551000000,
    "operatingIncomeRatio": 0.1744222855,
    "totalOtherIncomeExpensesNet": 0,
    "incomeBeforeTax": 551000000,
    "incomeBeforeTaxRatio": 0.1744222855,
    "incomeTaxExpense": 193000000,
    "netIncome": 358000000,
    "netIncomeRatio": 0.1133270022,
    "eps": 0.92,
    "epsdiluted": 0.91,
    "weightedAverageShsOut": 386843000,
    "weightedAverageShsOutDil": 392150000,
    "link": "https://www.sec.gov/Archives/edgar/data/93751/000104746907008344/0001047469-07-008344-index.html",
    "finalLink": "https://www.sec.gov/Archives/edgar/data/93751/000104746907008344/a2180317z10-q.htm"
  },
  {
    "date": "2007-06-30",
    "symbol": "STT",
    "reportedCurrency": "USD",
    "cik": "0000093751",
    "fillingDate": "2007-08-03",
    "acceptedDate": "2007-08-03 15:16:38",
    "calendarYear": "2007",
    "period": "Q2",
    "revenue": 2739000000,
    "costOfRevenue": 818000000,
    "grossProfit": 1921000000,
    "grossProfitRatio": 0.701350858,
    "researchAndDevelopmentExpenses": 0,
    "generalAndAdministrativeExpenses": 1077000000,
    "sellingAndMarketingExpenses": 0,
    "sellingGeneralAndAdministrativeExpenses": 1077000000,
    "otherExpenses": 281000000,
    "operatingExpenses": 1358000000,
    "costAndExpenses": 2176000000,
    "interestIncome": 1203000000,
    "interestExpense": 818000000,
    "depreciationAndAmortization": 0,
    "ebitda": 563000000,
    "ebitdaratio": 0.2055494706,
    "operatingIncome": 563000000,
    "operatingIncomeRatio": 0.2055494706,
    "totalOtherIncomeExpensesNet": 0,
    "incomeBeforeTax": 563000000,
    "incomeBeforeTaxRatio": 0.2055494706,
    "incomeTaxExpense": 197000000,
    "netIncome": 366000000,
    "netIncomeRatio": 0.1336254107,
    "eps": 1.09,
    "epsdiluted": 1.07,
    "weightedAverageShsOut": 335769000,
    "weightedAverageShsOutDil": 341101000,
    "link": "https://www.sec.gov/Archives/edgar/data/93751/000110465907058733/0001104659-07-058733-index.html",
    "finalLink": "https://www.sec.gov/Archives/edgar/data/93751/000110465907058733/a07-20116_110q.htm"
  },
  {
    "date": "2007-03-31",
    "symbol": "STT",
    "reportedCurrency": "USD",
    "cik": "0000093751",
    "fillingDate": "2007-05-04",
    "acceptedDate": "2007-05-04 17:15:05",
    "calendarYear": "2007",
    "period": "Q1",
    "revenue": 2543000000,
    "costOfRevenue": 847000000,
    "grossProfit": 1696000000,
    "grossProfitRatio": 0.6669288242,
    "researchAndDevelopmentExpenses": 0,
    "generalAndAdministrativeExpenses": 739000000,
    "sellingAndMarketingExpenses": 0,
    "sellingGeneralAndAdministrativeExpenses": 739000000,
    "otherExpenses": 474000000,
    "operatingExpenses": 1213000000,
    "costAndExpenses": 2060000000,
    "interestIncome": 1172000000,
    "interestExpense": 847000000,
    "depreciationAndAmortization": 190000000,
    "ebitda": 673000000,
    "ebitdaratio": 0.2646480535,
    "operatingIncome": 483000000,
    "operatingIncomeRatio": 0.1899331498,
    "totalOtherIncomeExpensesNet": 0,
    "incomeBeforeTax": 483000000,
    "incomeBeforeTaxRatio": 0.1899331498,
    "incomeTaxExpense": 169000000,
    "netIncome": 314000000,
    "netIncomeRatio": 0.1234762092,
    "eps": 0.94,
    "epsdiluted": 0.93,
    "weightedAverageShsOut": 334036000,
    "weightedAverageShsOutDil": 338727000,
    "link": "https://www.sec.gov/Archives/edgar/data/93751/000110465907036102/0001104659-07-036102-index.htm",
    "finalLink": "https://www.sec.gov/Archives/edgar/data/93751/000110465907036102/a07-10994_110q.htm"
  },
  {
    "date": "2006-12-31",
    "symbol": "STT",
    "reportedCurrency": "USD",
    "cik": "0000093751",
    "fillingDate": "2007-02-20",
    "acceptedDate": "2007-02-16 20:37:20",
    "calendarYear": "2006",
    "period": "Q4",
    "revenue": 2532000000,
    "costOfRevenue": 910000000,
    "grossProfit": 1622000000,
    "grossProfitRatio": 0.640600316,
    "researchAndDevelopmentExpenses": 0,
    "generalAndAdministrativeExpenses": 694000000,
    "sellingAndMarketingExpenses": 0,
    "sellingGeneralAndAdministrativeExpenses": 660000000,
    "otherExpenses": 518000000,
    "operatingExpenses": 1178000000,
    "costAndExpenses": 2088000000,
    "interestIncome": 1226000000,
    "interestExpense": 910000000,
    "depreciationAndAmortization": 65000000,
    "ebitda": 509000000,
    "ebitdaratio": 0.2010268562,
    "operatingIncome": 444000000,
    "operatingIncomeRatio": 0.1753554502,
    "totalOtherIncomeExpensesNet": 0,
    "incomeBeforeTax": 444000000,
    "incomeBeforeTaxRatio": 0.1753554502,
    "incomeTaxExpense": 135000000,
    "netIncome": 309000000,
    "netIncomeRatio": 0.1220379147,
    "eps": 0.93,
    "epsdiluted": 0.93,
    "weightedAverageShsOut": 331422000,
    "weightedAverageShsOutDil": 334036000,
    "link": "https://www.sec.gov/Archives/edgar/data/93751/000110465907012016/0001104659-07-012016-index.htm",
    "finalLink": "https://www.sec.gov/Archives/edgar/data/93751/000110465907012016/a07-2771_110k.htm"
  },
  {
    "date": "2006-09-30",
    "symbol": "STT",
    "reportedCurrency": "USD",
    "cik": "0000093751",
    "fillingDate": "2006-11-03",
    "acceptedDate": "2006-11-03 15:59:30",
    "calendarYear": "2006",
    "period": "Q3",
    "revenue": 2352000000,
    "costOfRevenue": 837000000,
    "grossProfit": 1515000000,
    "grossProfitRatio": 0.6441326531,
    "researchAndDevelopmentExpenses": 0,
    "generalAndAdministrativeExpenses": 639000000,
    "sellingAndMarketingExpenses": 12000000,
    "sellingGeneralAndAdministrativeExpenses": 651000000,
    "otherExpenses": 439000000,
    "operatingExpenses": 1090000000,
    "costAndExpenses": 1927000000,
    "interestIncome": 1103000000,
    "interestExpense": 837000000,
    "depreciationAndAmortization": 83000000,
    "ebitda": 508000000,
    "ebitdaratio": 0.2159863946,
    "operatingIncome": 425000000,
    "operatingIncomeRatio": 0.1806972789,
    "totalOtherIncomeExpensesNet": 0,
    "incomeBeforeTax": 425000000,
    "incomeBeforeTaxRatio": 0.1806972789,
    "incomeTaxExpense": 147000000,
    "netIncome": 278000000,
    "netIncomeRatio": 0.1181972789,
    "eps": 0.84,
    "epsdiluted": 0.83,
    "weightedAverageShsOut": 330440000,
    "weightedAverageShsOutDil": 335513000,
    "link": "https://www.sec.gov/Archives/edgar/data/93751/000110465906071199/0001104659-06-071199-index.htm",
    "finalLink": "https://www.sec.gov/Archives/edgar/data/93751/000110465906071199/a06-21873_110q.htm"
  },
  {
    "date": "2006-06-30",
    "symbol": "STT",
    "reportedCurrency": "USD",
    "cik": "0000093751",
    "fillingDate": "2006-08-04",
    "acceptedDate": "2006-08-04 15:00:01",
    "calendarYear": "2006",
    "period": "Q2",
    "revenue": 2423000000,
    "costOfRevenue": 772000000,
    "grossProfit": 1651000000,
    "grossProfitRatio": 0.6813867107,
    "researchAndDevelopmentExpenses": 0,
    "generalAndAdministrativeExpenses": 947000000,
    "sellingAndMarketingExpenses": 0,
    "sellingGeneralAndAdministrativeExpenses": 947000000,
    "otherExpenses": 229000000,
    "operatingExpenses": 1176000000,
    "costAndExpenses": 1948000000,
    "interestIncome": 1034000000,
    "interestExpense": 772000000,
    "depreciationAndAmortization": 129000000,
    "ebitda": 604000000,
    "ebitdaratio": 0.2492777548,
    "operatingIncome": 475000000,
    "operatingIncomeRatio": 0.1960379695,
    "totalOtherIncomeExpensesNet": 0,
    "incomeBeforeTax": 475000000,
    "incomeBeforeTaxRatio": 0.1960379695,
    "incomeTaxExpense": 248000000,
    "netIncome": 227000000,
    "netIncomeRatio": 0.0936855138,
    "eps": 0.69,
    "epsdiluted": 0.68,
    "weightedAverageShsOut": 330804000,
    "weightedAverageShsOutDil": 335879000,
    "link": "https://www.sec.gov/Archives/edgar/data/93751/000110465906051533/0001104659-06-051533-index.htm",
    "finalLink": "https://www.sec.gov/Archives/edgar/data/93751/000110465906051533/a06-15557_110q.htm"
  },
  {
    "date": "2006-03-31",
    "symbol": "STT",
    "reportedCurrency": "USD",
    "cik": "0000093751",
    "fillingDate": "2006-05-05",
    "acceptedDate": "2006-05-05 13:44:57",
    "calendarYear": "2006",
    "period": "Q1",
    "revenue": 2218000000,
    "costOfRevenue": 695000000,
    "grossProfit": 1523000000,
    "grossProfitRatio": 0.6866546438,
    "researchAndDevelopmentExpenses": 0,
    "generalAndAdministrativeExpenses": 635000000,
    "sellingAndMarketingExpenses": 11000000,
    "sellingGeneralAndAdministrativeExpenses": 646000000,
    "otherExpenses": 450000000,
    "operatingExpenses": 1096000000,
    "costAndExpenses": 1791000000,
    "interestIncome": 961000000,
    "interestExpense": 695000000,
    "depreciationAndAmortization": 108000000,
    "ebitda": 535000000,
    "ebitdaratio": 0.2412082958,
    "operatingIncome": 427000000,
    "operatingIncomeRatio": 0.19251578,
    "totalOtherIncomeExpensesNet": 0,
    "incomeBeforeTax": 427000000,
    "incomeBeforeTaxRatio": 0.19251578,
    "incomeTaxExpense": 145000000,
    "netIncome": 292000000,
    "netIncomeRatio": 0.1316501353,
    "eps": 0.88,
    "epsdiluted": 0.87,
    "weightedAverageShsOut": 332761000,
    "weightedAverageShsOutDil": 337117000,
    "link": "https://www.sec.gov/Archives/edgar/data/93751/000110465906031506/0001104659-06-031506-index.htm",
    "finalLink": "https://www.sec.gov/Archives/edgar/data/93751/000110465906031506/a06-9692_110q.htm"
  },
  {
    "date": "2005-12-31",
    "symbol": "STT",
    "reportedCurrency": "USD",
    "cik": "0000093751",
    "fillingDate": "2006-02-21",
    "acceptedDate": "2006-02-21 16:15:40",
    "calendarYear": "2005",
    "period": "Q4",
    "revenue": 2035000000,
    "costOfRevenue": 619000000,
    "grossProfit": 1416000000,
    "grossProfitRatio": 0.6958230958,
    "researchAndDevelopmentExpenses": 0,
    "generalAndAdministrativeExpenses": 589000000,
    "sellingAndMarketingExpenses": 0,
    "sellingGeneralAndAdministrativeExpenses": 557000000,
    "otherExpenses": 482000000,
    "operatingExpenses": 1039000000,
    "costAndExpenses": 1658000000,
    "interestIncome": 861000000,
    "interestExpense": 619000000,
    "depreciationAndAmortization": 154000000,
    "ebitda": 531000000,
    "ebitdaratio": 0.2609336609,
    "operatingIncome": 377000000,
    "operatingIncomeRatio": 0.1852579853,
    "totalOtherIncomeExpensesNet": 0,
    "incomeBeforeTax": 377000000,
    "incomeBeforeTaxRatio": 0.1852579853,
    "incomeTaxExpense": 128000000,
    "netIncome": 133000000,
    "netIncomeRatio": 0.0653562654,
    "eps": 0.4,
    "epsdiluted": 0.4,
    "weightedAverageShsOut": 330691000,
    "weightedAverageShsOutDil": 332761000,
    "link": "https://www.sec.gov/Archives/edgar/data/93751/000114544306000351/0001145443-06-000351-index.htm",
    "finalLink": "https://www.sec.gov/Archives/edgar/data/93751/000114544306000351/d18466_10-k.htm"
  },
  {
    "date": "2005-09-30",
    "symbol": "STT",
    "reportedCurrency": "USD",
    "cik": "0000093751",
    "fillingDate": "2005-11-04",
    "acceptedDate": "2005-11-04 15:29:13",
    "calendarYear": "2005",
    "period": "Q3",
    "revenue": 1925000000,
    "costOfRevenue": 537000000,
    "grossProfit": 1388000000,
    "grossProfitRatio": 0.721038961,
    "researchAndDevelopmentExpenses": 0,
    "generalAndAdministrativeExpenses": 566000000,
    "sellingAndMarketingExpenses": 11000000,
    "sellingGeneralAndAdministrativeExpenses": 577000000,
    "otherExpenses": 431000000,
    "operatingExpenses": 1008000000,
    "costAndExpenses": 1545000000,
    "interestIncome": 773000000,
    "interestExpense": 537000000,
    "depreciationAndAmortization": 79000000,
    "ebitda": 459000000,
    "ebitdaratio": 0.2384415584,
    "operatingIncome": 380000000,
    "operatingIncomeRatio": 0.1974025974,
    "totalOtherIncomeExpensesNet": 0,
    "incomeBeforeTax": 380000000,
    "incomeBeforeTaxRatio": 0.1974025974,
    "incomeTaxExpense": 130000000,
    "netIncome": 143000000,
    "netIncomeRatio": 0.0742857143,
    "eps": 0.43,
    "epsdiluted": 0.43,
    "weightedAverageShsOut": 329097000,
    "weightedAverageShsOutDil": 334103000,
    "link": "https://www.sec.gov/Archives/edgar/data/93751/000110465905052675/0001104659-05-052675-index.htm",
    "finalLink": "https://www.sec.gov/Archives/edgar/data/93751/000110465905052675/a05-18472_110q.htm"
  },
  {
    "date": "2005-06-30",
    "symbol": "STT",
    "reportedCurrency": "USD",
    "cik": "0000093751",
    "fillingDate": "2005-08-09",
    "acceptedDate": "2005-08-09 13:14:41",
    "calendarYear": "2005",
    "period": "Q2",
    "revenue": 1837000000,
    "costOfRevenue": 476000000,
    "grossProfit": 1361000000,
    "grossProfitRatio": 0.7408818726,
    "researchAndDevelopmentExpenses": 0,
    "generalAndAdministrativeExpenses": 552000000,
    "sellingAndMarketingExpenses": 0,
    "sellingGeneralAndAdministrativeExpenses": 552000000,
    "otherExpenses": 476000000,
    "operatingExpenses": 1028000000,
    "costAndExpenses": 1504000000,
    "interestIncome": 693000000,
    "interestExpense": 476000000,
    "depreciationAndAmortization": 117000000,
    "ebitda": 450000000,
    "ebitdaratio": 0.2449646162,
    "operatingIncome": 333000000,
    "operatingIncomeRatio": 0.181273816,
    "totalOtherIncomeExpensesNet": 0,
    "incomeBeforeTax": 333000000,
    "incomeBeforeTaxRatio": 0.181273816,
    "incomeTaxExpense": 113000000,
    "netIncome": 220000000,
    "netIncomeRatio": 0.119760479,
    "eps": 0.67,
    "epsdiluted": 0.66,
    "weightedAverageShsOut": 330118000,
    "weightedAverageShsOutDil": 334090000,
    "link": "https://www.sec.gov/Archives/edgar/data/93751/000110465905037708/0001104659-05-037708-index.htm",
    "finalLink": "https://www.sec.gov/Archives/edgar/data/93751/000110465905037708/a05-13694_110q.htm"
  },
  {
    "date": "2005-03-31",
    "symbol": "STT",
    "reportedCurrency": "USD",
    "cik": "0000093751",
    "fillingDate": "2005-05-06",
    "acceptedDate": "2005-05-06 14:40:22",
    "calendarYear": "2005",
    "period": "Q1",
    "revenue": 1699000000,
    "costOfRevenue": 391000000,
    "grossProfit": 1308000000,
    "grossProfitRatio": 0.7698646263,
    "researchAndDevelopmentExpenses": 0,
    "generalAndAdministrativeExpenses": 524000000,
    "sellingAndMarketingExpenses": 10000000,
    "sellingGeneralAndAdministrativeExpenses": 534000000,
    "otherExpenses": 432000000,
    "operatingExpenses": 966000000,
    "costAndExpenses": 1357000000,
    "interestIncome": 603000000,
    "interestExpense": 391000000,
    "depreciationAndAmortization": 149000000,
    "ebitda": 491000000,
    "ebitdaratio": 0.2889935256,
    "operatingIncome": 342000000,
    "operatingIncomeRatio": 0.2012948793,
    "totalOtherIncomeExpensesNet": 0,
    "incomeBeforeTax": 342000000,
    "incomeBeforeTaxRatio": 0.2012948793,
    "incomeTaxExpense": 116000000,
    "netIncome": 226000000,
    "netIncomeRatio": 0.1330194232,
    "eps": 0.68,
    "epsdiluted": 0.67,
    "weightedAverageShsOut": 331563000,
    "weightedAverageShsOutDil": 334653000,
    "link": "https://www.sec.gov/Archives/edgar/data/93751/000104746905013771/0001047469-05-013771-index.htm",
    "finalLink": "https://www.sec.gov/Archives/edgar/data/93751/000104746905013771/a2156639z10-q.htm"
  },
  {
    "date": "2004-12-31",
    "symbol": "STT",
    "reportedCurrency": "USD",
    "cik": "0000093751",
    "fillingDate": "2005-02-18",
    "acceptedDate": "2005-02-18 17:00:47",
    "calendarYear": "2004",
    "period": "Q4",
    "revenue": 1568000000,
    "costOfRevenue": 315000000,
    "grossProfit": 1253000000,
    "grossProfitRatio": 0.7991071429,
    "researchAndDevelopmentExpenses": 0,
    "generalAndAdministrativeExpenses": 511000000,
    "sellingAndMarketingExpenses": 62000000,
    "sellingGeneralAndAdministrativeExpenses": 573000000,
    "otherExpenses": 401000000,
    "operatingExpenses": 974000000,
    "costAndExpenses": 1289000000,
    "interestIncome": 532000000,
    "interestExpense": 315000000,
    "depreciationAndAmortization": 103000000,
    "ebitda": 382000000,
    "ebitdaratio": 0.243622449,
    "operatingIncome": 279000000,
    "operatingIncomeRatio": 0.1779336735,
    "totalOtherIncomeExpensesNet": 0,
    "incomeBeforeTax": 279000000,
    "incomeBeforeTaxRatio": 0.1779336735,
    "incomeTaxExpense": 95000000,
    "netIncome": 184000000,
    "netIncomeRatio": 0.1173469388,
    "eps": 0.55,
    "epsdiluted": 0.55,
    "weightedAverageShsOut": 331563000,
    "weightedAverageShsOutDil": 331563000,
    "link": "https://www.sec.gov/Archives/edgar/data/93751/000114544305000253/0001145443-05-000253-index.htm",
    "finalLink": "https://www.sec.gov/Archives/edgar/data/93751/000114544305000253/d16051.htm"
  },
  {
    "date": "2004-09-30",
    "symbol": "STT",
    "reportedCurrency": "USD",
    "cik": "0000093751",
    "fillingDate": "2004-11-05",
    "acceptedDate": "2004-11-05 16:10:59",
    "calendarYear": "2004",
    "period": "Q3",
    "revenue": 1424000000,
    "costOfRevenue": 250000000,
    "grossProfit": 1174000000,
    "grossProfitRatio": 0.8244382022,
    "researchAndDevelopmentExpenses": 0,
    "generalAndAdministrativeExpenses": 474000000,
    "sellingAndMarketingExpenses": 0,
    "sellingGeneralAndAdministrativeExpenses": 474000000,
    "otherExpenses": 432000000,
    "operatingExpenses": 906000000,
    "costAndExpenses": 1156000000,
    "interestIncome": 463000000,
    "interestExpense": 250000000,
    "depreciationAndAmortization": 176000000,
    "ebitda": 444000000,
    "ebitdaratio": 0.3117977528,
    "operatingIncome": 268000000,
    "operatingIncomeRatio": 0.1882022472,
    "totalOtherIncomeExpensesNet": 0,
    "incomeBeforeTax": 268000000,
    "incomeBeforeTaxRatio": 0.1882022472,
    "incomeTaxExpense": 91000000,
    "netIncome": 177000000,
    "netIncomeRatio": 0.1242977528,
    "eps": 0.52,
    "epsdiluted": 0.52,
    "weightedAverageShsOut": 335626000,
    "weightedAverageShsOutDil": 339348000,
    "link": "https://www.sec.gov/Archives/edgar/data/93751/000104746904033234/0001047469-04-033234-index.htm",
    "finalLink": "https://www.sec.gov/Archives/edgar/data/93751/000104746904033234/a2145272z10-q.htm"
  },
  {
    "date": "2004-06-30",
    "symbol": "STT",
    "reportedCurrency": "USD",
    "cik": "0000093751",
    "fillingDate": "2004-08-06",
    "acceptedDate": "2004-08-06 16:00:06",
    "calendarYear": "2004",
    "period": "Q2",
    "revenue": 1469000000,
    "costOfRevenue": 182000000,
    "grossProfit": 1287000000,
    "grossProfitRatio": 0.8761061947,
    "researchAndDevelopmentExpenses": 0,
    "generalAndAdministrativeExpenses": 510000000,
    "sellingAndMarketingExpenses": 0,
    "sellingGeneralAndAdministrativeExpenses": 510000000,
    "otherExpenses": 443000000,
    "operatingExpenses": 953000000,
    "costAndExpenses": 1135000000,
    "interestIncome": 408000000,
    "interestExpense": 182000000,
    "depreciationAndAmortization": 165000000,
    "ebitda": 499000000,
    "ebitdaratio": 0.3396868618,
    "operatingIncome": 334000000,
    "operatingIncomeRatio": 0.2273655548,
    "totalOtherIncomeExpensesNet": 0,
    "incomeBeforeTax": 334000000,
    "incomeBeforeTaxRatio": 0.2273655548,
    "incomeTaxExpense": 114000000,
    "netIncome": 220000000,
    "netIncomeRatio": 0.1497617427,
    "eps": 0.66,
    "epsdiluted": 0.65,
    "weightedAverageShsOut": 334930000,
    "weightedAverageShsOutDil": 340647000,
    "link": "https://www.sec.gov/Archives/edgar/data/93751/000104746904025645/0001047469-04-025645-index.htm",
    "finalLink": "https://www.sec.gov/Archives/edgar/data/93751/000104746904025645/a2140756z10-q.htm"
  },
  {
    "date": "2004-03-31",
    "symbol": "STT",
    "reportedCurrency": "USD",
    "cik": "0000093751",
    "fillingDate": "2004-05-10",
    "acceptedDate": "2004-05-10 14:43:26",
    "calendarYear": "2004",
    "period": "Q1",
    "revenue": 1400000000,
    "costOfRevenue": 181000000,
    "grossProfit": 1219000000,
    "grossProfitRatio": 0.8707142857,
    "researchAndDevelopmentExpenses": 0,
    "generalAndAdministrativeExpenses": 462000000,
    "sellingAndMarketingExpenses": 0,
    "sellingGeneralAndAdministrativeExpenses": 462000000,
    "otherExpenses": 446000000,
    "operatingExpenses": 908000000,
    "costAndExpenses": 1089000000,
    "interestIncome": 384000000,
    "interestExpense": 181000000,
    "depreciationAndAmortization": 195000000,
    "ebitda": 506000000,
    "ebitdaratio": 0.3614285714,
    "operatingIncome": 311000000,
    "operatingIncomeRatio": 0.2221428571,
    "totalOtherIncomeExpensesNet": 0,
    "incomeBeforeTax": 311000000,
    "incomeBeforeTaxRatio": 0.2221428571,
    "incomeTaxExpense": 94000000,
    "netIncome": 217000000,
    "netIncomeRatio": 0.155,
    "eps": 0.65,
    "epsdiluted": 0.63,
    "weightedAverageShsOut": 334635000,
    "weightedAverageShsOutDil": 342129000,
    "link": "https://www.sec.gov/Archives/edgar/data/93751/000119312504083479/0001193125-04-083479-index.htm",
    "finalLink": "https://www.sec.gov/Archives/edgar/data/93751/000119312504083479/d10qa.htm"
  },
  {
    "date": "2003-12-31",
    "symbol": "STT",
    "reportedCurrency": "USD",
    "cik": "0000093751",
    "fillingDate": "2004-02-24",
    "acceptedDate": "2004-02-24 12:50:32",
    "calendarYear": "2003",
    "period": "Q4",
    "revenue": 1673000000,
    "costOfRevenue": 167000000,
    "grossProfit": 1506000000,
    "grossProfitRatio": 0.9001793186,
    "researchAndDevelopmentExpenses": 0,
    "generalAndAdministrativeExpenses": 437000000,
    "sellingAndMarketingExpenses": 0,
    "sellingGeneralAndAdministrativeExpenses": 437000000,
    "otherExpenses": 391000000,
    "operatingExpenses": 828000000,
    "costAndExpenses": 995000000,
    "interestIncome": 377000000,
    "interestExpense": 167000000,
    "depreciationAndAmortization": 276000000,
    "ebitda": 954000000,
    "ebitdaratio": 0.5702331142,
    "operatingIncome": 678000000,
    "operatingIncomeRatio": 0.405260012,
    "totalOtherIncomeExpensesNet": 0,
    "incomeBeforeTax": 678000000,
    "incomeBeforeTaxRatio": 0.405260012,
    "incomeTaxExpense": 231000000,
    "netIncome": 447000000,
    "netIncomeRatio": 0.2671846981,
    "eps": 1.34,
    "epsdiluted": 1.34,
    "weightedAverageShsOut": 333600000,
    "weightedAverageShsOutDil": 334635000,
    "link": "https://www.sec.gov/Archives/edgar/data/93751/000114544304000171/0001145443-04-000171-index.htm",
    "finalLink": "https://www.sec.gov/Archives/edgar/data/93751/000114544304000171/d13865.htm"
  },
  {
    "date": "2003-09-30",
    "symbol": "STT",
    "reportedCurrency": "USD",
    "cik": "0000093751",
    "fillingDate": "2003-11-07",
    "acceptedDate": "2003-11-07 15:35:46",
    "calendarYear": "2003",
    "period": "Q3",
    "revenue": 1287000000,
    "costOfRevenue": 161000000,
    "grossProfit": 1126000000,
    "grossProfitRatio": 0.8749028749,
    "researchAndDevelopmentExpenses": 0,
    "generalAndAdministrativeExpenses": 407000000,
    "sellingAndMarketingExpenses": 0,
    "sellingGeneralAndAdministrativeExpenses": 407000000,
    "otherExpenses": 414000000,
    "operatingExpenses": 821000000,
    "costAndExpenses": 982000000,
    "interestIncome": 364000000,
    "interestExpense": 161000000,
    "depreciationAndAmortization": 193000000,
    "ebitda": 498000000,
    "ebitdaratio": 0.3869463869,
    "operatingIncome": 305000000,
    "operatingIncomeRatio": 0.236985237,
    "totalOtherIncomeExpensesNet": 0,
    "incomeBeforeTax": 305000000,
    "incomeBeforeTaxRatio": 0.236985237,
    "incomeTaxExpense": 103000000,
    "netIncome": 202000000,
    "netIncomeRatio": 0.156954157,
    "eps": 0.61,
    "epsdiluted": 0.6,
    "weightedAverageShsOut": 332246000,
    "weightedAverageShsOutDil": 336568000,
    "link": "https://www.sec.gov/Archives/edgar/data/93751/000119312503075186/0001193125-03-075186-index.htm",
    "finalLink": "https://www.sec.gov/Archives/edgar/data/93751/000119312503075186/d10q.htm"
  },
  {
    "date": "2003-06-30",
    "symbol": "STT",
    "reportedCurrency": "USD",
    "cik": "0000093751",
    "fillingDate": "2003-08-14",
    "acceptedDate": "2003-08-14 11:14:34",
    "calendarYear": "2003",
    "period": "Q2",
    "revenue": 1290000000,
    "costOfRevenue": 208000000,
    "grossProfit": 1082000000,
    "grossProfitRatio": 0.8387596899,
    "researchAndDevelopmentExpenses": 0,
    "generalAndAdministrativeExpenses": 444000000,
    "sellingAndMarketingExpenses": 0,
    "sellingGeneralAndAdministrativeExpenses": 444000000,
    "otherExpenses": 695000000,
    "operatingExpenses": 1139000000,
    "costAndExpenses": 1347000000,
    "interestIncome": 401000000,
    "interestExpense": 208000000,
    "depreciationAndAmortization": 42000000,
    "ebitda": -15000000,
    "ebitdaratio": -0.011627907,
    "operatingIncome": -57000000,
    "operatingIncomeRatio": -0.0441860465,
    "totalOtherIncomeExpensesNet": 0,
    "incomeBeforeTax": -57000000,
    "incomeBeforeTaxRatio": -0.0441860465,
    "incomeTaxExpense": -34000000,
    "netIncome": -23000000,
    "netIncomeRatio": -0.0178294574,
    "eps": -0.0694,
    "epsdiluted": -0.0689,
    "weightedAverageShsOut": 331325000,
    "weightedAverageShsOutDil": 333971000,
    "link": "https://www.sec.gov/Archives/edgar/data/93751/000119312503037254/0001193125-03-037254-index.htm",
    "finalLink": "https://www.sec.gov/Archives/edgar/data/93751/000119312503037254/d10q.htm"
  },
  {
    "date": "2003-03-31",
    "symbol": "STT",
    "reportedCurrency": "USD",
    "cik": "0000093751",
    "fillingDate": "2003-05-09",
    "acceptedDate": "2003-05-09 17:26:19",
    "calendarYear": "2003",
    "period": "Q1",
    "revenue": 1213000000,
    "costOfRevenue": 193000000,
    "grossProfit": 1020000000,
    "grossProfitRatio": 0.8408903545,
    "researchAndDevelopmentExpenses": 0,
    "generalAndAdministrativeExpenses": 443000000,
    "sellingAndMarketingExpenses": 0,
    "sellingGeneralAndAdministrativeExpenses": 443000000,
    "otherExpenses": 391000000,
    "operatingExpenses": 834000000,
    "costAndExpenses": 1027000000,
    "interestIncome": 397000000,
    "interestExpense": 193000000,
    "depreciationAndAmortization": 190000000,
    "ebitda": 376000000,
    "ebitdaratio": 0.3099752679,
    "operatingIncome": 186000000,
    "operatingIncomeRatio": 0.1533388293,
    "totalOtherIncomeExpensesNet": 0,
    "incomeBeforeTax": 186000000,
    "incomeBeforeTaxRatio": 0.1533388293,
    "incomeTaxExpense": 90000000,
    "netIncome": 96000000,
    "netIncomeRatio": 0.0791426216,
    "eps": 0.29,
    "epsdiluted": 0.29,
    "weightedAverageShsOut": 329569000,
    "weightedAverageShsOutDil": 332054000,
    "link": "https://www.sec.gov/Archives/edgar/data/93751/000092701603002508/0000927016-03-002508-index.htm",
    "finalLink": "https://www.sec.gov/Archives/edgar/data/93751/000092701603002508/d10q.htm"
  },
  {
    "date": "2002-12-31",
    "symbol": "STT",
    "reportedCurrency": "USD",
    "cik": "0000093751",
    "fillingDate": "2003-02-21",
    "acceptedDate": "2003-02-21 17:27:51",
    "calendarYear": "2002",
    "period": "Q4",
    "revenue": 1697000000,
    "costOfRevenue": 241000000,
    "grossProfit": 1456000000,
    "grossProfitRatio": 0.8579846788,
    "researchAndDevelopmentExpenses": 0,
    "generalAndAdministrativeExpenses": 411000000,
    "sellingAndMarketingExpenses": 0,
    "sellingGeneralAndAdministrativeExpenses": 411000000,
    "otherExpenses": 293000000,
    "operatingExpenses": 704000000,
    "costAndExpenses": 945000000,
    "interestIncome": 465000000,
    "interestExpense": 240000000,
    "depreciationAndAmortization": 189000000,
    "ebitda": 941000000,
    "ebitdaratio": 0.5545079552,
    "operatingIncome": 752000000,
    "operatingIncomeRatio": 0.443134944,
    "totalOtherIncomeExpensesNet": 0,
    "incomeBeforeTax": 752000000,
    "incomeBeforeTaxRatio": 0.443134944,
    "incomeTaxExpense": 275000000,
    "netIncome": 477000000,
    "netIncomeRatio": 0.2810842664,
    "eps": 1.45,
    "epsdiluted": 1.45,
    "weightedAverageShsOut": 323517000,
    "weightedAverageShsOutDil": 329569000,
    "link": "https://www.sec.gov/Archives/edgar/data/93751/000114544303000208/0001145443-03-000208-index.htm",
    "finalLink": "https://www.sec.gov/Archives/edgar/data/93751/000114544303000208/d11805-10k.htm"
  },
  {
    "date": "2002-09-30",
    "symbol": "STT",
    "reportedCurrency": "USD",
    "cik": "0000093751",
    "fillingDate": "2002-11-07",
    "acceptedDate": "2002-11-07 15:44:09",
    "calendarYear": "2002",
    "period": "Q3",
    "revenue": 1208000000,
    "costOfRevenue": 253000000,
    "grossProfit": 955000000,
    "grossProfitRatio": 0.7905629139,
    "researchAndDevelopmentExpenses": 0,
    "generalAndAdministrativeExpenses": 398000000,
    "sellingAndMarketingExpenses": 0,
    "sellingGeneralAndAdministrativeExpenses": 398000000,
    "otherExpenses": 285000000,
    "operatingExpenses": 683000000,
    "costAndExpenses": 936000000,
    "interestIncome": 475000000,
    "interestExpense": 252000000,
    "depreciationAndAmortization": 112000000,
    "ebitda": 384000000,
    "ebitdaratio": 0.3178807947,
    "operatingIncome": 272000000,
    "operatingIncomeRatio": 0.2251655629,
    "totalOtherIncomeExpensesNet": 0,
    "incomeBeforeTax": 272000000,
    "incomeBeforeTaxRatio": 0.2251655629,
    "incomeTaxExpense": 90000000,
    "netIncome": 182000000,
    "netIncomeRatio": 0.1506622517,
    "eps": 0.57,
    "epsdiluted": 0.56,
    "weightedAverageShsOut": 323023000,
    "weightedAverageShsOutDil": 328163000,
    "link": "https://www.sec.gov/Archives/edgar/data/93751/000092701602005301/0000927016-02-005301-index.htm",
    "finalLink": "https://www.sec.gov/Archives/edgar/data/93751/000092701602005301/d10q.htm"
  },
  {
    "date": "2002-06-30",
    "symbol": "STT",
    "reportedCurrency": "USD",
    "cik": "0000093751",
    "fillingDate": "2002-08-02",
    "acceptedDate": "2002-08-02 12:31:25",
    "calendarYear": "2002",
    "period": "Q2",
    "revenue": 1265000000,
    "costOfRevenue": 262000000,
    "grossProfit": 1003000000,
    "grossProfitRatio": 0.7928853755,
    "researchAndDevelopmentExpenses": 0,
    "generalAndAdministrativeExpenses": 440000000,
    "sellingAndMarketingExpenses": 0,
    "sellingGeneralAndAdministrativeExpenses": 440000000,
    "otherExpenses": 298000000,
    "operatingExpenses": 738000000,
    "costAndExpenses": 1000000000,
    "interestIncome": 510000000,
    "interestExpense": 261000000,
    "depreciationAndAmortization": 151000000,
    "ebitda": 416000000,
    "ebitdaratio": 0.3288537549,
    "operatingIncome": 265000000,
    "operatingIncomeRatio": 0.209486166,
    "totalOtherIncomeExpensesNet": 0,
    "incomeBeforeTax": 265000000,
    "incomeBeforeTaxRatio": 0.209486166,
    "incomeTaxExpense": 87000000,
    "netIncome": 178000000,
    "netIncomeRatio": 0.1407114625,
    "eps": 0.55,
    "epsdiluted": 0.54,
    "weightedAverageShsOut": 323858000,
    "weightedAverageShsOutDil": 328262000,
    "link": "https://www.sec.gov/Archives/edgar/data/93751/000092701602003825/0000927016-02-003825-index.htm",
    "finalLink": "https://www.sec.gov/Archives/edgar/data/93751/000092701602003825/d10q.htm"
  },
  {
    "date": "2002-03-31",
    "symbol": "STT",
    "reportedCurrency": "USD",
    "cik": "0000093751",
    "fillingDate": "2002-05-03",
    "acceptedDate": "2002-05-03 16:27:24",
    "calendarYear": "2002",
    "period": "Q1",
    "revenue": 1225000000,
    "costOfRevenue": 244000000,
    "grossProfit": 981000000,
    "grossProfitRatio": 0.8008163265,
    "researchAndDevelopmentExpenses": 0,
    "generalAndAdministrativeExpenses": 421000000,
    "sellingAndMarketingExpenses": 0,
    "sellingGeneralAndAdministrativeExpenses": 421000000,
    "otherExpenses": 294000000,
    "operatingExpenses": 715000000,
    "costAndExpenses": 959000000,
    "interestIncome": 524000000,
    "interestExpense": 243000000,
    "depreciationAndAmortization": 236000000,
    "ebitda": 502000000,
    "ebitdaratio": 0.4097959184,
    "operatingIncome": 266000000,
    "operatingIncomeRatio": 0.2171428571,
    "totalOtherIncomeExpensesNet": 0,
    "incomeBeforeTax": 266000000,
    "incomeBeforeTaxRatio": 0.2171428571,
    "incomeTaxExpense": 88000000,
    "netIncome": 178000000,
    "netIncomeRatio": 0.1453061224,
    "eps": 0.55,
    "epsdiluted": 0.54,
    "weightedAverageShsOut": 323689000,
    "weightedAverageShsOutDil": 328999000,
    "link": "https://www.sec.gov/Archives/edgar/data/93751/000092701602002583/0000927016-02-002583-index.htm",
    "finalLink": "https://www.sec.gov/Archives/edgar/data/93751/000092701602002583/d10q.htm"
  },
  {
    "date": "2001-12-31",
    "symbol": "STT",
    "reportedCurrency": "USD",
    "cik": "0000093751",
    "fillingDate": "2002-02-22",
    "acceptedDate": "2002-02-22 00:00:00",
    "calendarYear": "2001",
    "period": "Q4",
    "revenue": 1270000000,
    "costOfRevenue": 281000000,
    "grossProfit": 989000000,
    "grossProfitRatio": 0.7787401575,
    "researchAndDevelopmentExpenses": 0,
    "generalAndAdministrativeExpenses": 435000000,
    "sellingAndMarketingExpenses": 9000000,
    "sellingGeneralAndAdministrativeExpenses": 444000000,
    "otherExpenses": 293000000,
    "operatingExpenses": 737000000,
    "costAndExpenses": 1018000000,
    "interestIncome": 563000000,
    "interestExpense": 278000000,
    "depreciationAndAmortization": 150000000,
    "ebitda": 402000000,
    "ebitdaratio": 0.3165354331,
    "operatingIncome": 252000000,
    "operatingIncomeRatio": 0.1984251969,
    "totalOtherIncomeExpensesNet": 0,
    "incomeBeforeTax": 252000000,
    "incomeBeforeTaxRatio": 0.1984251969,
    "incomeTaxExpense": 82000000,
    "netIncome": 170000000,
    "netIncomeRatio": 0.1338582677,
    "eps": 0.53,
    "epsdiluted": 0.53,
    "weightedAverageShsOut": 323470000,
    "weightedAverageShsOutDil": 323689000,
    "link": "https://www.sec.gov/Archives/edgar/data/93751/000114544302000006/0001145443-02-000006-index.htm",
    "finalLink": "https://www.sec.gov/Archives/edgar/data/93751/000114544302000006/d10-k.htm"
  },
  {
    "date": "2001-09-30",
    "symbol": "STT",
    "reportedCurrency": "USD",
    "cik": "0000093751",
    "fillingDate": "2001-11-07",
    "acceptedDate": "2001-11-07 00:00:00",
    "calendarYear": "2001",
    "period": "Q3",
    "revenue": 1413000000,
    "costOfRevenue": 454000000,
    "grossProfit": 959000000,
    "grossProfitRatio": 0.6786978061,
    "researchAndDevelopmentExpenses": 0,
    "generalAndAdministrativeExpenses": 420000000,
    "sellingAndMarketingExpenses": 14000000,
    "sellingGeneralAndAdministrativeExpenses": 434000000,
    "otherExpenses": 278000000,
    "operatingExpenses": 712000000,
    "costAndExpenses": 1166000000,
    "interestIncome": 705000000,
    "interestExpense": 451000000,
    "depreciationAndAmortization": 111000000,
    "ebitda": 358000000,
    "ebitdaratio": 0.2533616419,
    "operatingIncome": 247000000,
    "operatingIncomeRatio": 0.1748053786,
    "totalOtherIncomeExpensesNet": 0,
    "incomeBeforeTax": 247000000,
    "incomeBeforeTaxRatio": 0.1748053786,
    "incomeTaxExpense": 77000000,
    "netIncome": 170000000,
    "netIncomeRatio": 0.1203113942,
    "eps": 0.52,
    "epsdiluted": 0.51,
    "weightedAverageShsOut": 326731000,
    "weightedAverageShsOutDil": 331764000,
    "link": "https://www.sec.gov/Archives/edgar/data/93751/000092701601503534/0000927016-01-503534-index.htm",
    "finalLink": "https://www.sec.gov/Archives/edgar/data/93751/000092701601503534/d10q.htm"
  },
  {
    "date": "2001-06-30",
    "symbol": "STT",
    "reportedCurrency": "USD",
    "cik": "0000093751",
    "fillingDate": "2001-08-08",
    "acceptedDate": "2001-08-08 00:00:00",
    "calendarYear": "2001",
    "period": "Q2",
    "revenue": 1463000000,
    "costOfRevenue": 496000000,
    "grossProfit": 967000000,
    "grossProfitRatio": 0.6609706083,
    "researchAndDevelopmentExpenses": 0,
    "generalAndAdministrativeExpenses": 416000000,
    "sellingAndMarketingExpenses": 15000000,
    "sellingGeneralAndAdministrativeExpenses": 431000000,
    "otherExpenses": 288000000,
    "operatingExpenses": 719000000,
    "costAndExpenses": 1215000000,
    "interestIncome": 732000000,
    "interestExpense": 493000000,
    "depreciationAndAmortization": 47000000,
    "ebitda": 295000000,
    "ebitdaratio": 0.2016404648,
    "operatingIncome": 248000000,
    "operatingIncomeRatio": 0.1695146958,
    "totalOtherIncomeExpensesNet": 0,
    "incomeBeforeTax": 248000000,
    "incomeBeforeTaxRatio": 0.1695146958,
    "incomeTaxExpense": 81000000,
    "netIncome": 167000000,
    "netIncomeRatio": 0.1141490089,
    "eps": 0.51,
    "epsdiluted": 0.5,
    "weightedAverageShsOut": 325214000,
    "weightedAverageShsOutDil": 330537000,
    "link": "https://www.sec.gov/Archives/edgar/data/93751/000092701601502252/0000927016-01-502252-index.html",
    "finalLink": "https://www.sec.gov/Archives/edgar/data/93751/000092701601502252/d10q.htm"
  },
  {
    "date": "2001-03-31",
    "symbol": "STT",
    "reportedCurrency": "USD",
    "cik": "0000093751",
    "fillingDate": "2001-05-02",
    "acceptedDate": "2001-05-02 00:00:00",
    "calendarYear": "2001",
    "period": "Q1",
    "revenue": 1498000000,
    "costOfRevenue": 609000000,
    "grossProfit": 889000000,
    "grossProfitRatio": 0.5934579439,
    "researchAndDevelopmentExpenses": 0,
    "generalAndAdministrativeExpenses": 392000000,
    "sellingAndMarketingExpenses": 0,
    "sellingGeneralAndAdministrativeExpenses": 392000000,
    "otherExpenses": 314000000,
    "operatingExpenses": 706000000,
    "costAndExpenses": 1315000000,
    "interestIncome": 855000000,
    "interestExpense": 608000000,
    "depreciationAndAmortization": 90000000,
    "ebitda": 273000000,
    "ebitdaratio": 0.1822429907,
    "operatingIncome": 183000000,
    "operatingIncomeRatio": 0.1221628838,
    "totalOtherIncomeExpensesNet": 0,
    "incomeBeforeTax": 183000000,
    "incomeBeforeTaxRatio": 0.1221628838,
    "incomeTaxExpense": 62000000,
    "netIncome": 121000000,
    "netIncomeRatio": 0.0807743658,
    "eps": 0.38,
    "epsdiluted": 0.37,
    "weightedAverageShsOut": 324681000,
    "weightedAverageShsOutDil": 330098000,
    "link": "https://www.sec.gov/Archives/edgar/data/93751/000092701601500600/0000927016-01-500600-index.htm",
    "finalLink": "https://www.sec.gov/Archives/edgar/data/93751/000092701601500600/d10q.txt"
  },
  {
    "date": "2000-12-31",
    "symbol": "STT",
    "reportedCurrency": "USD",
    "cik": "0000093751",
    "fillingDate": "2001-02-16",
    "acceptedDate": "2001-02-16 00:00:00",
    "calendarYear": "2000",
    "period": "Q4",
    "revenue": 1572000000,
    "costOfRevenue": 693000000,
    "grossProfit": 879000000,
    "grossProfitRatio": 0.5591603053,
    "researchAndDevelopmentExpenses": 0,
    "generalAndAdministrativeExpenses": 395000000,
    "sellingAndMarketingExpenses": 15000000,
    "sellingGeneralAndAdministrativeExpenses": 410000000,
    "otherExpenses": 243000000,
    "operatingExpenses": 653000000,
    "costAndExpenses": 1346000000,
    "interestIncome": 924000000,
    "interestExpense": 692000000,
    "depreciationAndAmortization": 183000000,
    "ebitda": 409000000,
    "ebitdaratio": 0.260178117,
    "operatingIncome": 226000000,
    "operatingIncomeRatio": 0.1437659033,
    "totalOtherIncomeExpensesNet": 0,
    "incomeBeforeTax": 226000000,
    "incomeBeforeTaxRatio": 0.1437659033,
    "incomeTaxExpense": 79000000,
    "netIncome": 147000000,
    "netIncomeRatio": 0.0935114504,
    "eps": 0.45,
    "epsdiluted": 0.45,
    "weightedAverageShsOut": 322890000,
    "weightedAverageShsOutDil": 324680000,
    "link": "https://www.sec.gov/Archives/edgar/data/93751/000091205701006183/0000912057-01-006183-index.htm",
    "finalLink": "https://www.sec.gov/Archives/edgar/data/93751/000091205701006183/a2039156z10-k405.txt"
  },
  {
    "date": "2000-09-30",
    "symbol": "STT",
    "reportedCurrency": "USD",
    "cik": "0000093751",
    "fillingDate": "2000-11-13",
    "acceptedDate": "2000-11-13 00:00:00",
    "calendarYear": "2000",
    "period": "Q3",
    "revenue": 1494000000,
    "costOfRevenue": 606000000,
    "grossProfit": 888000000,
    "grossProfitRatio": 0.59437751,
    "researchAndDevelopmentExpenses": 0,
    "generalAndAdministrativeExpenses": 377000000,
    "sellingAndMarketingExpenses": 15000000,
    "sellingGeneralAndAdministrativeExpenses": 392000000,
    "otherExpenses": 273000000,
    "operatingExpenses": 665000000,
    "costAndExpenses": 1271000000,
    "interestIncome": 838000000,
    "interestExpense": 603000000,
    "depreciationAndAmortization": 11000000,
    "ebitda": 234000000,
    "ebitdaratio": 0.156626506,
    "operatingIncome": 223000000,
    "operatingIncomeRatio": 0.1492637216,
    "totalOtherIncomeExpensesNet": 0,
    "incomeBeforeTax": 223000000,
    "incomeBeforeTaxRatio": 0.1492637216,
    "incomeTaxExpense": 73000000,
    "netIncome": 150000000,
    "netIncomeRatio": 0.1004016064,
    "eps": 0.47,
    "epsdiluted": 0.46,
    "weightedAverageShsOut": 322442000,
    "weightedAverageShsOutDil": 328964000,
    "link": "https://www.sec.gov/Archives/edgar/data/93751/000092701600003899/0000927016-00-003899-index.html",
    "finalLink": "https://www.sec.gov/Archives/edgar/data/93751/000092701600003899/0000927016-00-003899-0001.txt"
  },
  {
    "date": "2000-06-30",
    "symbol": "STT",
    "reportedCurrency": "USD",
    "cik": "0000093751",
    "fillingDate": "2000-08-11",
    "acceptedDate": "2000-08-11 00:00:00",
    "calendarYear": "2000",
    "period": "Q2",
    "revenue": 1424000000,
    "costOfRevenue": 555000000,
    "grossProfit": 869000000,
    "grossProfitRatio": 0.610252809,
    "researchAndDevelopmentExpenses": 0,
    "generalAndAdministrativeExpenses": 366000000,
    "sellingAndMarketingExpenses": 15000000,
    "sellingGeneralAndAdministrativeExpenses": 381000000,
    "otherExpenses": 261000000,
    "operatingExpenses": 642000000,
    "costAndExpenses": 1197000000,
    "interestIncome": 768000000,
    "interestExpense": 553000000,
    "depreciationAndAmortization": 116000000,
    "ebitda": 343000000,
    "ebitdaratio": 0.2408707865,
    "operatingIncome": 227000000,
    "operatingIncomeRatio": 0.1594101124,
    "totalOtherIncomeExpensesNet": 0,
    "incomeBeforeTax": 227000000,
    "incomeBeforeTaxRatio": 0.1594101124,
    "incomeTaxExpense": 79000000,
    "netIncome": 148000000,
    "netIncomeRatio": 0.1039325843,
    "eps": 0.46,
    "epsdiluted": 0.45,
    "weightedAverageShsOut": 321693000,
    "weightedAverageShsOutDil": 328090000,
    "link": "https://www.sec.gov/Archives/edgar/data/93751/000092701600002918/0000927016-00-002918-index.html",
    "finalLink": "https://www.sec.gov/Archives/edgar/data/93751/000092701600002918/0000927016-00-002918-0001.txt"
  },
  {
    "date": "2000-03-31",
    "symbol": "STT",
    "reportedCurrency": "USD",
    "cik": "0000093751",
    "fillingDate": "2000-05-15",
    "acceptedDate": "2000-05-15 00:00:00",
    "calendarYear": "2000",
    "period": "Q1",
    "revenue": 1431000000,
    "costOfRevenue": 517000000,
    "grossProfit": 914000000,
    "grossProfitRatio": 0.6387141859,
    "researchAndDevelopmentExpenses": 0,
    "generalAndAdministrativeExpenses": 386000000,
    "sellingAndMarketingExpenses": 15000000,
    "sellingGeneralAndAdministrativeExpenses": 401000000,
    "otherExpenses": 283000000,
    "operatingExpenses": 684000000,
    "costAndExpenses": 1201000000,
    "interestIncome": 726000000,
    "interestExpense": 514000000,
    "depreciationAndAmortization": 64000000,
    "ebitda": 294000000,
    "ebitdaratio": 0.2054507338,
    "operatingIncome": 230000000,
    "operatingIncomeRatio": 0.1607267645,
    "totalOtherIncomeExpensesNet": 0,
    "incomeBeforeTax": 230000000,
    "incomeBeforeTaxRatio": 0.1607267645,
    "incomeTaxExpense": 80000000,
    "netIncome": 150000000,
    "netIncomeRatio": 0.1048218029,
    "eps": 0.47,
    "epsdiluted": 0.46,
    "weightedAverageShsOut": 319672000,
    "weightedAverageShsOutDil": 325486000,
    "link": "https://www.sec.gov/Archives/edgar/data/93751/000092701600001870/0000927016-00-001870-index.htm",
    "finalLink": "https://www.sec.gov/Archives/edgar/data/93751/000092701600001870/0000927016-00-001870.txt"
  },
  {
    "date": "1999-12-31",
    "symbol": "STT",
    "reportedCurrency": "USD",
    "cik": "0000093751",
    "fillingDate": "2000-03-30",
    "acceptedDate": "2000-03-30 00:00:00",
    "calendarYear": "1999",
    "period": "Q4",
    "revenue": 1194000000,
    "costOfRevenue": 444000000,
    "grossProfit": 750000000,
    "grossProfitRatio": 0.6281407035,
    "researchAndDevelopmentExpenses": 0,
    "generalAndAdministrativeExpenses": 360000000,
    "sellingAndMarketingExpenses": 11000000,
    "sellingGeneralAndAdministrativeExpenses": 371000000,
    "otherExpenses": -27000000,
    "operatingExpenses": 344000000,
    "costAndExpenses": 788000000,
    "interestIncome": 637000000,
    "interestExpense": 442000000,
    "depreciationAndAmortization": 86000000,
    "ebitda": 492000000,
    "ebitdaratio": 0.4120603015,
    "operatingIncome": 406000000,
    "operatingIncomeRatio": 0.3400335008,
    "totalOtherIncomeExpensesNet": 0,
    "incomeBeforeTax": 406000000,
    "incomeBeforeTaxRatio": 0.3400335008,
    "incomeTaxExpense": 157000000,
    "netIncome": 249000000,
    "netIncomeRatio": 0.2085427136,
    "eps": 0.78,
    "epsdiluted": 0.78,
    "weightedAverageShsOut": 319646210,
    "weightedAverageShsOutDil": 319672000,
    "link": "https://www.sec.gov/Archives/edgar/data/93751/000095014600000336/0000950146-00-000336-index.htm",
    "finalLink": "https://www.sec.gov/Archives/edgar/data/93751/000095014600000336/"
  },
  {
    "date": "1999-09-30",
    "symbol": "STT",
    "reportedCurrency": "USD",
    "cik": "0000093751",
    "fillingDate": "1999-11-15",
    "acceptedDate": "1999-11-15 00:00:00",
    "calendarYear": "1999",
    "period": "Q3",
    "revenue": 1197000000,
    "costOfRevenue": 432000000,
    "grossProfit": 765000000,
    "grossProfitRatio": 0.6390977444,
    "researchAndDevelopmentExpenses": 0,
    "generalAndAdministrativeExpenses": 321000000,
    "sellingAndMarketingExpenses": 12000000,
    "sellingGeneralAndAdministrativeExpenses": 333000000,
    "otherExpenses": 243000000,
    "operatingExpenses": 576000000,
    "costAndExpenses": 1008000000,
    "interestIncome": 626000000,
    "interestExpense": 428000000,
    "depreciationAndAmortization": 81000000,
    "ebitda": 270000000,
    "ebitdaratio": 0.2255639098,
    "operatingIncome": 189000000,
    "operatingIncomeRatio": 0.1578947368,
    "totalOtherIncomeExpensesNet": 0,
    "incomeBeforeTax": 189000000,
    "incomeBeforeTaxRatio": 0.1578947368,
    "incomeTaxExpense": 63000000,
    "netIncome": 126000000,
    "netIncomeRatio": 0.1052631579,
    "eps": 0.39,
    "epsdiluted": 0.39,
    "weightedAverageShsOut": 321657930,
    "weightedAverageShsOutDil": 326631929,
    "link": "https://www.sec.gov/Archives/edgar/data/93751/000092701699003744/0000927016-99-003744-index.htm",
    "finalLink": "https://www.sec.gov/Archives/edgar/data/93751/000092701699003744/0000927016-99-003744.txt"
  },
  {
    "date": "1999-06-30",
    "symbol": "STT",
    "reportedCurrency": "USD",
    "cik": "0000093751",
    "fillingDate": "1999-08-13",
    "acceptedDate": "1999-08-13 00:00:00",
    "calendarYear": "1999",
    "period": "Q2",
    "revenue": 1185000000,
    "costOfRevenue": 420000000,
    "grossProfit": 765000000,
    "grossProfitRatio": 0.6455696203,
    "researchAndDevelopmentExpenses": 0,
    "generalAndAdministrativeExpenses": 323000000,
    "sellingAndMarketingExpenses": 15000000,
    "sellingGeneralAndAdministrativeExpenses": 338000000,
    "otherExpenses": 239000000,
    "operatingExpenses": 577000000,
    "costAndExpenses": 997000000,
    "interestIncome": 610000000,
    "interestExpense": 416000000,
    "depreciationAndAmortization": 72000000,
    "ebitda": 260000000,
    "ebitdaratio": 0.2194092827,
    "operatingIncome": 188000000,
    "operatingIncomeRatio": 0.158649789,
    "totalOtherIncomeExpensesNet": 0,
    "incomeBeforeTax": 188000000,
    "incomeBeforeTaxRatio": 0.158649789,
    "incomeTaxExpense": 65000000,
    "netIncome": 123000000,
    "netIncomeRatio": 0.1037974684,
    "eps": 0.39,
    "epsdiluted": 0.38,
    "weightedAverageShsOut": 322315929,
    "weightedAverageShsOutDil": 328341929,
    "link": "https://www.sec.gov/Archives/edgar/data/93751/000092701699002958/0000927016-99-002958-index.htm",
    "finalLink": "https://www.sec.gov/Archives/edgar/data/93751/000092701699002958/0000927016-99-002958.txt"
  },
  {
    "date": "1999-03-31",
    "symbol": "STT",
    "reportedCurrency": "USD",
    "cik": "0000093751",
    "fillingDate": "1999-05-05",
    "acceptedDate": "1999-05-05 00:00:00",
    "calendarYear": "1999",
    "period": "Q1",
    "revenue": 1116000000,
    "costOfRevenue": 374000000,
    "grossProfit": 742000000,
    "grossProfitRatio": 0.664874552,
    "researchAndDevelopmentExpenses": 0,
    "generalAndAdministrativeExpenses": 309000000,
    "sellingAndMarketingExpenses": 15000000,
    "sellingGeneralAndAdministrativeExpenses": 324000000,
    "otherExpenses": 233000000,
    "operatingExpenses": 557000000,
    "costAndExpenses": 931000000,
    "interestIncome": 564000000,
    "interestExpense": 370000000,
    "depreciationAndAmortization": 88000000,
    "ebitda": 273000000,
    "ebitdaratio": 0.2446236559,
    "operatingIncome": 185000000,
    "operatingIncomeRatio": 0.1657706093,
    "totalOtherIncomeExpensesNet": 0,
    "incomeBeforeTax": 185000000,
    "incomeBeforeTaxRatio": 0.1657706093,
    "incomeTaxExpense": 64000000,
    "netIncome": 121000000,
    "netIncomeRatio": 0.1084229391,
    "eps": 0.38,
    "epsdiluted": 0.37,
    "weightedAverageShsOut": 321823930,
    "weightedAverageShsOutDil": 327887929,
    "link": "https://www.sec.gov/Archives/edgar/data/93751/000092701699001810/0000927016-99-001810-index.htm",
    "finalLink": "https://www.sec.gov/Archives/edgar/data/93751/0000927016-99-001810.txt"
  },
  {
    "date": "1998-12-31",
    "symbol": "STT",
    "reportedCurrency": "USD",
    "cik": "0000093751",
    "fillingDate": "1999-03-23",
    "acceptedDate": "1999-03-23 00:00:00",
    "calendarYear": "1998",
    "period": "Q4",
    "revenue": 1118000000,
    "costOfRevenue": 392000000,
    "grossProfit": 726000000,
    "grossProfitRatio": 0.6493738819,
    "researchAndDevelopmentExpenses": 0,
    "generalAndAdministrativeExpenses": 318000000,
    "sellingAndMarketingExpenses": 14000000,
    "sellingGeneralAndAdministrativeExpenses": 332000000,
    "otherExpenses": 227000000,
    "operatingExpenses": 559000000,
    "costAndExpenses": 951000000,
    "interestIncome": 588000000,
    "interestExpense": 388000000,
    "depreciationAndAmortization": 67000000,
    "ebitda": 234000000,
    "ebitdaratio": 0.2093023256,
    "operatingIncome": 167000000,
    "operatingIncomeRatio": 0.1493738819,
    "totalOtherIncomeExpensesNet": 0,
    "incomeBeforeTax": 167000000,
    "incomeBeforeTaxRatio": 0.1493738819,
    "incomeTaxExpense": 56000000,
    "netIncome": 111000000,
    "netIncomeRatio": 0.0992844365,
    "eps": 0.34,
    "epsdiluted": 0.34,
    "weightedAverageShsOut": 321016210,
    "weightedAverageShsOutDil": 321823930,
    "link": "https://www.sec.gov/Archives/edgar/data/93751/000095014699000551/0000950146-99-000551-index.htm",
    "finalLink": "https://www.sec.gov/Archives/edgar/data/93751/0000950146-99-000551.txt"
  },
  {
    "date": "1998-09-30",
    "symbol": "STT",
    "reportedCurrency": "USD",
    "cik": "0000093751",
    "fillingDate": "1998-11-12",
    "acceptedDate": "1998-11-12 00:00:00",
    "calendarYear": "1998",
    "period": "Q3",
    "revenue": 1113000000,
    "costOfRevenue": 419000000,
    "grossProfit": 694000000,
    "grossProfitRatio": 0.623539982,
    "researchAndDevelopmentExpenses": 0,
    "generalAndAdministrativeExpenses": 297000000,
    "sellingAndMarketingExpenses": 17000000,
    "sellingGeneralAndAdministrativeExpenses": 314000000,
    "otherExpenses": 214000000,
    "operatingExpenses": 528000000,
    "costAndExpenses": 947000000,
    "interestIncome": 602000000,
    "interestExpense": 415000000,
    "depreciationAndAmortization": 97000000,
    "ebitda": 263000000,
    "ebitdaratio": 0.2362982929,
    "operatingIncome": 166000000,
    "operatingIncomeRatio": 0.149146451,
    "totalOtherIncomeExpensesNet": 0,
    "incomeBeforeTax": 166000000,
    "incomeBeforeTaxRatio": 0.149146451,
    "incomeTaxExpense": 55000000,
    "netIncome": 111000000,
    "netIncomeRatio": 0.0997304582,
    "eps": 0.35,
    "epsdiluted": 0.34,
    "weightedAverageShsOut": 322289930,
    "weightedAverageShsOutDil": 327843929,
    "link": "https://www.sec.gov/Archives/edgar/data/93751/000092701698003980/0000927016-98-003980-index.htm",
    "finalLink": "https://www.sec.gov/Archives/edgar/data/93751/0000927016-98-003980.txt"
  },
  {
    "date": "1998-06-30",
    "symbol": "STT",
    "reportedCurrency": "USD",
    "cik": "0000093751",
    "fillingDate": "1998-09-11",
    "acceptedDate": "1998-09-11 00:00:00",
    "calendarYear": "1998",
    "period": "Q2",
    "revenue": 1043000000,
    "costOfRevenue": 372000000,
    "grossProfit": 671000000,
    "grossProfitRatio": 0.6433365292,
    "researchAndDevelopmentExpenses": 0,
    "generalAndAdministrativeExpenses": 294000000,
    "sellingAndMarketingExpenses": 16000000,
    "sellingGeneralAndAdministrativeExpenses": 310000000,
    "otherExpenses": 197000000,
    "operatingExpenses": 507000000,
    "costAndExpenses": 879000000,
    "interestIncome": 550000000,
    "interestExpense": 368000000,
    "depreciationAndAmortization": 79000000,
    "ebitda": 243000000,
    "ebitdaratio": 0.2329817833,
    "operatingIncome": 164000000,
    "operatingIncomeRatio": 0.1572387344,
    "totalOtherIncomeExpensesNet": 0,
    "incomeBeforeTax": 164000000,
    "incomeBeforeTaxRatio": 0.1572387344,
    "incomeTaxExpense": 55000000,
    "netIncome": 109000000,
    "netIncomeRatio": 0.104506232,
    "eps": 0.34,
    "epsdiluted": 0.33,
    "weightedAverageShsOut": 322321930,
    "weightedAverageShsOutDil": 329053928,
    "link": "https://www.sec.gov/Archives/edgar/data/93751/000092701698003415/0000927016-98-003415-index.htm",
    "finalLink": "https://www.sec.gov/Archives/edgar/data/93751/0000927016-98-003415.txt"
  },
  {
    "date": "1998-03-31",
    "symbol": "STT",
    "reportedCurrency": "USD",
    "cik": "0000093751",
    "fillingDate": "1998-05-11",
    "acceptedDate": "1998-05-11 00:00:00",
    "calendarYear": "1998",
    "period": "Q1",
    "revenue": 960000000,
    "costOfRevenue": 326000000,
    "grossProfit": 634000000,
    "grossProfitRatio": 0.6604166667,
    "researchAndDevelopmentExpenses": 0,
    "generalAndAdministrativeExpenses": 266000000,
    "sellingAndMarketingExpenses": 13000000,
    "sellingGeneralAndAdministrativeExpenses": 279000000,
    "otherExpenses": 195000000,
    "operatingExpenses": 474000000,
    "costAndExpenses": 800000000,
    "interestIncome": 497000000,
    "interestExpense": 321000000,
    "depreciationAndAmortization": 85000000,
    "ebitda": 245000000,
    "ebitdaratio": 0.2552083333,
    "operatingIncome": 160000000,
    "operatingIncomeRatio": 0.1666666667,
    "totalOtherIncomeExpensesNet": 0,
    "incomeBeforeTax": 160000000,
    "incomeBeforeTaxRatio": 0.1666666667,
    "incomeTaxExpense": 54000000,
    "netIncome": 106000000,
    "netIncomeRatio": 0.1104166667,
    "eps": 0.33,
    "epsdiluted": 0.32,
    "weightedAverageShsOut": 321739930,
    "weightedAverageShsOutDil": 328201928,
    "link": "https://www.sec.gov/Archives/edgar/data/93751/000092701698001938/0000927016-98-001938-index.htm",
    "finalLink": "https://www.sec.gov/Archives/edgar/data/93751/0000927016-98-001938.txt"
  },
  {
    "date": "1997-12-31",
    "symbol": "STT",
    "reportedCurrency": "USD",
    "cik": "0000093751",
    "fillingDate": "1998-03-26",
    "acceptedDate": "1998-03-26 00:00:00",
    "calendarYear": "1997",
    "period": "Q4",
    "revenue": 933000000,
    "costOfRevenue": 312000000,
    "grossProfit": 621000000,
    "grossProfitRatio": 0.6655948553,
    "researchAndDevelopmentExpenses": 0,
    "generalAndAdministrativeExpenses": 269000000,
    "sellingAndMarketingExpenses": 11000000,
    "sellingGeneralAndAdministrativeExpenses": 280000000,
    "otherExpenses": 194000000,
    "operatingExpenses": 474000000,
    "costAndExpenses": 786000000,
    "interestIncome": 480000000,
    "interestExpense": 307000000,
    "depreciationAndAmortization": 95000000,
    "ebitda": 242000000,
    "ebitdaratio": 0.2593783494,
    "operatingIncome": 147000000,
    "operatingIncomeRatio": 0.1575562701,
    "totalOtherIncomeExpensesNet": 0,
    "incomeBeforeTax": 147000000,
    "incomeBeforeTaxRatio": 0.1575562701,
    "incomeTaxExpense": 47000000,
    "netIncome": 100000000,
    "netIncomeRatio": 0.1071811361,
    "eps": 0.31,
    "epsdiluted": 0.31,
    "weightedAverageShsOut": 321000210,
    "weightedAverageShsOutDil": 321739930,
    "link": "https://www.sec.gov/Archives/edgar/data/93751/000095015698000287/0000950156-98-000287-index.htm",
    "finalLink": "https://www.sec.gov/Archives/edgar/data/93751/0000950156-98-000287.txt"
  },
  {
    "date": "1997-09-30",
    "symbol": "STT",
    "reportedCurrency": "USD",
    "cik": "0000093751",
    "fillingDate": "1997-11-14",
    "acceptedDate": "1997-11-14 00:00:00",
    "calendarYear": "1997",
    "period": "Q3",
    "revenue": 894000000,
    "costOfRevenue": 293000000,
    "grossProfit": 601000000,
    "grossProfitRatio": 0.6722595078,
    "researchAndDevelopmentExpenses": 0,
    "generalAndAdministrativeExpenses": 250000000,
    "sellingAndMarketingExpenses": 13000000,
    "sellingGeneralAndAdministrativeExpenses": 263000000,
    "otherExpenses": 188000000,
    "operatingExpenses": 451000000,
    "costAndExpenses": 744000000,
    "interestIncome": 452000000,
    "interestExpense": 288000000,
    "depreciationAndAmortization": 26000000,
    "ebitda": 176000000,
    "ebitdaratio": 0.1968680089,
    "operatingIncome": 150000000,
    "operatingIncomeRatio": 0.1677852349,
    "totalOtherIncomeExpensesNet": 0,
    "incomeBeforeTax": 150000000,
    "incomeBeforeTaxRatio": 0.1677852349,
    "incomeTaxExpense": 49000000,
    "netIncome": 101000000,
    "netIncomeRatio": 0.1129753915,
    "eps": 0.32,
    "epsdiluted": 0.31,
    "weightedAverageShsOut": 320737930,
    "weightedAverageShsOutDil": 327697929,
    "link": "https://www.sec.gov/Archives/edgar/data/93751/000095015697000939/0000950156-97-000939-index.htm",
    "finalLink": "https://www.sec.gov/Archives/edgar/data/93751/0000950156-97-000939.txt"
  },
  {
    "date": "1997-06-30",
    "symbol": "STT",
    "reportedCurrency": "USD",
    "cik": "0000093751",
    "fillingDate": "1997-08-14",
    "acceptedDate": "1997-08-14 00:00:00",
    "calendarYear": "1997",
    "period": "Q2",
    "revenue": 829000000,
    "costOfRevenue": 274000000,
    "grossProfit": 555000000,
    "grossProfitRatio": 0.6694813028,
    "researchAndDevelopmentExpenses": 0,
    "generalAndAdministrativeExpenses": 235000000,
    "sellingAndMarketingExpenses": 13000000,
    "sellingGeneralAndAdministrativeExpenses": 248000000,
    "otherExpenses": 171000000,
    "operatingExpenses": 419000000,
    "costAndExpenses": 693000000,
    "interestIncome": 425000000,
    "interestExpense": 271000000,
    "depreciationAndAmortization": 73000000,
    "ebitda": 209000000,
    "ebitdaratio": 0.2521109771,
    "operatingIncome": 136000000,
    "operatingIncomeRatio": 0.164053076,
    "totalOtherIncomeExpensesNet": 0,
    "incomeBeforeTax": 136000000,
    "incomeBeforeTaxRatio": 0.164053076,
    "incomeTaxExpense": 44000000,
    "netIncome": 92000000,
    "netIncomeRatio": 0.1109770808,
    "eps": 0.28,
    "epsdiluted": 0.28,
    "weightedAverageShsOut": 320881930,
    "weightedAverageShsOutDil": 326775929,
    "link": "https://www.sec.gov/Archives/edgar/data/93751/000095015697000637/0000950156-97-000637-index.htm",
    "finalLink": "https://www.sec.gov/Archives/edgar/data/93751/0000950156-97-000637.txt"
  },
  {
    "date": "1997-03-31",
    "symbol": "STT",
    "reportedCurrency": "USD",
    "cik": "0000093751",
    "fillingDate": "1997-05-14",
    "acceptedDate": "1997-05-14 00:00:00",
    "calendarYear": "1997",
    "period": "Q1",
    "revenue": 772000000,
    "costOfRevenue": 251000000,
    "grossProfit": 521000000,
    "grossProfitRatio": 0.6748704663,
    "researchAndDevelopmentExpenses": 0,
    "generalAndAdministrativeExpenses": 219000000,
    "sellingAndMarketingExpenses": 11000000,
    "sellingGeneralAndAdministrativeExpenses": 230000000,
    "otherExpenses": 161000000,
    "operatingExpenses": 391000000,
    "costAndExpenses": 642000000,
    "interestIncome": 398000000,
    "interestExpense": 248000000,
    "depreciationAndAmortization": 61000000,
    "ebitda": 191000000,
    "ebitdaratio": 0.2474093264,
    "operatingIncome": 130000000,
    "operatingIncomeRatio": 0.1683937824,
    "totalOtherIncomeExpensesNet": 0,
    "incomeBeforeTax": 130000000,
    "incomeBeforeTaxRatio": 0.1683937824,
    "incomeTaxExpense": 44000000,
    "netIncome": 86000000,
    "netIncomeRatio": 0.1113989637,
    "eps": 0.27,
    "epsdiluted": 0.27,
    "weightedAverageShsOut": 322671929,
    "weightedAverageShsOutDil": 328417929,
    "link": "https://www.sec.gov/Archives/edgar/data/93751/000095015697000470/0000950156-97-000470-index.htm",
    "finalLink": "https://www.sec.gov/Archives/edgar/data/93751/0000950156-97-000470.txt"
  },
  {
    "date": "1996-12-31",
    "symbol": "STT",
    "reportedCurrency": "USD",
    "cik": "0000093751",
    "fillingDate": "1997-03-26",
    "acceptedDate": "1997-03-26 00:00:00",
    "calendarYear": "1996",
    "period": "Q4",
    "revenue": 734100000,
    "costOfRevenue": 241200000,
    "grossProfit": 492900000,
    "grossProfitRatio": 0.6714344095,
    "researchAndDevelopmentExpenses": 0,
    "generalAndAdministrativeExpenses": 210700000,
    "sellingAndMarketingExpenses": 34000000,
    "sellingGeneralAndAdministrativeExpenses": 244700000,
    "otherExpenses": 130600000,
    "operatingExpenses": 375300000,
    "costAndExpenses": 616500000,
    "interestIncome": 386000000,
    "interestExpense": 239200000,
    "depreciationAndAmortization": 42300000,
    "ebitda": 159900000,
    "ebitdaratio": 0.217817736,
    "operatingIncome": 117600000,
    "operatingIncomeRatio": 0.1601961586,
    "totalOtherIncomeExpensesNet": 0,
    "incomeBeforeTax": 117600000,
    "incomeBeforeTaxRatio": 0.1601961586,
    "incomeTaxExpense": 39500000,
    "netIncome": 78100000,
    "netIncomeRatio": 0.1063887754,
    "eps": 0.24,
    "epsdiluted": 0.24,
    "weightedAverageShsOut": 322671929,
    "weightedAverageShsOutDil": 322671929,
    "link": "https://www.sec.gov/Archives/edgar/data/93751/000095015697000348/0000950156-97-000348-index.htm",
    "finalLink": "https://www.sec.gov/Archives/edgar/data/93751/0000950156-97-000348.txt"
  },
  {
    "date": "1996-09-30",
    "symbol": "STT",
    "reportedCurrency": "USD",
    "cik": "0000093751",
    "fillingDate": "1997-03-03",
    "acceptedDate": "1997-03-03 00:00:00",
    "calendarYear": "1996",
    "period": "Q3",
    "revenue": 693000000,
    "costOfRevenue": 232000000,
    "grossProfit": 461000000,
    "grossProfitRatio": 0.6652236652,
    "researchAndDevelopmentExpenses": 0,
    "generalAndAdministrativeExpenses": 194000000,
    "sellingAndMarketingExpenses": 0,
    "sellingGeneralAndAdministrativeExpenses": 194000000,
    "otherExpenses": 156000000,
    "operatingExpenses": 350000000,
    "costAndExpenses": 582000000,
    "interestIncome": 369000000,
    "interestExpense": 230000000,
    "depreciationAndAmortization": 40000000,
    "ebitda": 151000000,
    "ebitdaratio": 0.2178932179,
    "operatingIncome": 111000000,
    "operatingIncomeRatio": 0.1601731602,
    "totalOtherIncomeExpensesNet": 0,
    "incomeBeforeTax": 111000000,
    "incomeBeforeTaxRatio": 0.1601731602,
    "incomeTaxExpense": 37000000,
    "netIncome": 74000000,
    "netIncomeRatio": 0.1067821068,
    "eps": 0.23,
    "epsdiluted": 0.23,
    "weightedAverageShsOut": 321739130,
    "weightedAverageShsOutDil": 328888889,
    "link": "https://www.sec.gov/Archives/edgar/data/93751/000095015697000216/0000950156-97-000216-index.htm",
    "finalLink": "https://www.sec.gov/Archives/edgar/data/93751/0000950156-97-000216.txt"
  },
  {
    "date": "1996-06-30",
    "symbol": "STT",
    "reportedCurrency": "USD",
    "cik": "0000093751",
    "fillingDate": "1996-08-13",
    "acceptedDate": "1996-08-13 00:00:00",
    "calendarYear": "1996",
    "period": "Q2",
    "revenue": 665000000,
    "costOfRevenue": 210000000,
    "grossProfit": 455000000,
    "grossProfitRatio": 0.6842105263,
    "researchAndDevelopmentExpenses": 0,
    "generalAndAdministrativeExpenses": 189000000,
    "sellingAndMarketingExpenses": 0,
    "sellingGeneralAndAdministrativeExpenses": 189000000,
    "otherExpenses": 155000000,
    "operatingExpenses": 344000000,
    "costAndExpenses": 554000000,
    "interestIncome": 342000000,
    "interestExpense": 208000000,
    "depreciationAndAmortization": 17800000,
    "ebitda": 128800000,
    "ebitdaratio": 0.1936842105,
    "operatingIncome": 111000000,
    "operatingIncomeRatio": 0.1669172932,
    "totalOtherIncomeExpensesNet": 0,
    "incomeBeforeTax": 111000000,
    "incomeBeforeTaxRatio": 0.1669172932,
    "incomeTaxExpense": 39000000,
    "netIncome": 72000000,
    "netIncomeRatio": 0.1082706767,
    "eps": 0.22,
    "epsdiluted": 0.22,
    "weightedAverageShsOut": 327272727,
    "weightedAverageShsOutDil": 327272727,
    "link": "https://www.sec.gov/Archives/edgar/data/93751/000095015696000636/0000950156-96-000636-index.htm",
    "finalLink": "https://www.sec.gov/Archives/edgar/data/93751/0000950156-96-000636.txt"
  },
  {
    "date": "1996-03-31",
    "symbol": "STT",
    "reportedCurrency": "USD",
    "cik": "0000093751",
    "fillingDate": "1996-05-14",
    "acceptedDate": "1996-05-14 00:00:00",
    "calendarYear": "1996",
    "period": "Q1",
    "revenue": 652700000,
    "costOfRevenue": 216800000,
    "grossProfit": 435900000,
    "grossProfitRatio": 0.6678412747,
    "researchAndDevelopmentExpenses": 0,
    "generalAndAdministrativeExpenses": 181000000,
    "sellingAndMarketingExpenses": 0,
    "sellingGeneralAndAdministrativeExpenses": 181000000,
    "otherExpenses": 146900000,
    "operatingExpenses": 327900000,
    "costAndExpenses": 544700000,
    "interestIncome": 346000000,
    "interestExpense": 214800000,
    "depreciationAndAmortization": 113200000,
    "ebitda": 221200000,
    "ebitdaratio": 0.338899954,
    "operatingIncome": 108000000,
    "operatingIncomeRatio": 0.1654665237,
    "totalOtherIncomeExpensesNet": 0,
    "incomeBeforeTax": 108000000,
    "incomeBeforeTaxRatio": 0.1654665237,
    "incomeTaxExpense": 38200000,
    "netIncome": 69800000,
    "netIncomeRatio": 0.1069404014,
    "eps": 0.22,
    "epsdiluted": 0.21,
    "weightedAverageShsOut": 324651163,
    "weightedAverageShsOutDil": 332380952,
    "link": "https://www.sec.gov/Archives/edgar/data/93751/000095015696000483/0000950156-96-000483-index.htm",
    "finalLink": "https://www.sec.gov/Archives/edgar/data/93751/0000950156-96-000483.txt"
  },
  {
    "date": "1995-12-31",
    "symbol": "STT",
    "reportedCurrency": "USD",
    "cik": "0000093751",
    "fillingDate": "1996-03-27",
    "acceptedDate": "1996-03-27 00:00:00",
    "calendarYear": "1995",
    "period": "Q4",
    "revenue": 643300000,
    "costOfRevenue": 234300000,
    "grossProfit": 409000000,
    "grossProfitRatio": 0.6357842375,
    "researchAndDevelopmentExpenses": 0,
    "generalAndAdministrativeExpenses": 175700000,
    "sellingAndMarketingExpenses": 0,
    "sellingGeneralAndAdministrativeExpenses": 175700000,
    "otherExpenses": 133500000,
    "operatingExpenses": 309200000,
    "costAndExpenses": 543500000,
    "interestIncome": 346400000,
    "interestExpense": 232300000,
    "depreciationAndAmortization": 16500000,
    "ebitda": 116300000,
    "ebitdaratio": 0.1807865693,
    "operatingIncome": 99800000,
    "operatingIncomeRatio": 0.1551375719,
    "totalOtherIncomeExpensesNet": 0,
    "incomeBeforeTax": 99800000,
    "incomeBeforeTaxRatio": 0.1551375719,
    "incomeTaxExpense": 34300000,
    "netIncome": 65500000,
    "netIncomeRatio": 0.1018187471,
    "eps": 0.2,
    "epsdiluted": 0.2,
    "weightedAverageShsOut": 324651163,
    "weightedAverageShsOutDil": 324651163,
    "link": "https://www.sec.gov/Archives/edgar/data/93751/000095015696000321/0000950156-96-000321-index.htm",
    "finalLink": "https://www.sec.gov/Archives/edgar/data/93751/0000950156-96-000321.txt"
  },
  {
    "date": "1995-09-30",
    "symbol": "STT",
    "reportedCurrency": "USD",
    "cik": "0000093751",
    "fillingDate": "1995-11-13",
    "acceptedDate": "1995-11-13 00:00:00",
    "calendarYear": "1995",
    "period": "Q3",
    "revenue": 625100000,
    "costOfRevenue": 234300000,
    "grossProfit": 390800000,
    "grossProfitRatio": 0.6251799712,
    "researchAndDevelopmentExpenses": 0,
    "generalAndAdministrativeExpenses": 165000000,
    "sellingAndMarketingExpenses": 0,
    "sellingGeneralAndAdministrativeExpenses": 165000000,
    "otherExpenses": 135800000,
    "operatingExpenses": 300800000,
    "costAndExpenses": 535100000,
    "interestIncome": 341300000,
    "interestExpense": 232300000,
    "depreciationAndAmortization": 0,
    "ebitda": 90000000,
    "ebitdaratio": 0.1439769637,
    "operatingIncome": 90000000,
    "operatingIncomeRatio": 0.1439769637,
    "totalOtherIncomeExpensesNet": 0,
    "incomeBeforeTax": 90000000,
    "incomeBeforeTaxRatio": 0.1439769637,
    "incomeTaxExpense": 25400000,
    "netIncome": 64600000,
    "netIncomeRatio": 0.103343465,
    "eps": 0.2,
    "epsdiluted": 0.2,
    "weightedAverageShsOut": 331282051,
    "weightedAverageShsOutDil": 331282051,
    "link": "https://www.sec.gov/Archives/edgar/data/93751/000095015695000803/0000950156-95-000803-index.htm",
    "finalLink": "https://www.sec.gov/Archives/edgar/data/93751/0000950156-95-000803.txt"
  }
]