[
  {
    "date": "2024-12-31",
    "symbol": "STT",
    "reportedCurrency": "USD",
    "cik": "0000093751",
    "fillingDate": "2025-02-13",
    "acceptedDate": "2025-02-13 08:01:05",
    "calendarYear": "2024",
    "period": "FY",
    "revenue": 21973000000,
    "costOfRevenue": 9129000000,
    "grossProfit": 12844000000,
    "grossProfitRatio": 0.5845355664,
    "researchAndDevelopmentExpenses": 0,
    "generalAndAdministrativeExpenses": 4712000000,
    "sellingAndMarketingExpenses": 142000000,
    "sellingGeneralAndAdministrativeExpenses": 4854000000,
    "otherExpenses": 4595000000,
    "operatingExpenses": 9449000000,
    "costAndExpenses": 18578000000,
    "interestIncome": 11977000000,
    "interestExpense": 9054000000,
    "depreciationAndAmortization": 605000000,
    "ebitda": 4000000000,
    "ebitdaratio": 0.1820415965,
    "operatingIncome": 3395000000,
    "operatingIncomeRatio": 0.154507805,
    "totalOtherIncomeExpensesNet": 0,
    "incomeBeforeTax": 3395000000,
    "incomeBeforeTaxRatio": 0.154507805,
    "incomeTaxExpense": 708000000,
    "netIncome": 2687000000,
    "netIncomeRatio": 0.1222864425,
    "eps": 8.33,
    "epsdiluted": 8.21,
    "weightedAverageShsOut": 297883000,
    "weightedAverageShsOutDil": 302226000,
    "link": "https://www.sec.gov/Archives/edgar/data/93751/000009375125000111/0000093751-25-000111-index.htm",
    "finalLink": "https://www.sec.gov/Archives/edgar/data/93751/000009375125000111/stt-20241231.htm"
  },
  {
    "date": "2023-12-31",
    "symbol": "STT",
    "reportedCurrency": "USD",
    "cik": "0000093751",
    "fillingDate": "2024-02-15",
    "acceptedDate": "2024-02-15 16:43:23",
    "calendarYear": "2023",
    "period": "FY",
    "revenue": 18366000000,
    "costOfRevenue": 6467000000,
    "grossProfit": 11899000000,
    "grossProfitRatio": 0.6478819558,
    "researchAndDevelopmentExpenses": 0,
    "generalAndAdministrativeExpenses": 4562000000,
    "sellingAndMarketingExpenses": 142000000,
    "sellingGeneralAndAdministrativeExpenses": 4704000000,
    "otherExpenses": 4879000000,
    "operatingExpenses": 9583000000,
    "costAndExpenses": 16050000000,
    "interestIncome": 9180000000,
    "interestExpense": 6421000000,
    "depreciationAndAmortization": 882000000,
    "ebitda": 3198000000,
    "ebitdaratio": 0.1741261026,
    "operatingIncome": 2316000000,
    "operatingIncomeRatio": 0.1261025809,
    "totalOtherIncomeExpensesNet": 0,
    "incomeBeforeTax": 2316000000,
    "incomeBeforeTaxRatio": 0.1261025809,
    "incomeTaxExpense": 372000000,
    "netIncome": 1944000000,
    "netIncomeRatio": 0.1058477622,
    "eps": 5.65,
    "epsdiluted": 5.58,
    "weightedAverageShsOut": 322337000,
    "weightedAverageShsOutDil": 326568000,
    "link": "https://www.sec.gov/Archives/edgar/data/93751/000009375124000498/0000093751-24-000498-index.htm",
    "finalLink": "https://www.sec.gov/Archives/edgar/data/93751/000009375124000498/stt-20231231.htm"
  },
  {
    "date": "2022-12-31",
    "symbol": "STT",
    "reportedCurrency": "USD",
    "cik": "0000093751",
    "fillingDate": "2023-02-16",
    "acceptedDate": "2023-02-16 08:09:28",
    "calendarYear": "2022",
    "period": "FY",
    "revenue": 13669000000,
    "costOfRevenue": 1564000000,
    "grossProfit": 12105000000,
    "grossProfitRatio": 0.8855805106,
    "researchAndDevelopmentExpenses": 0,
    "generalAndAdministrativeExpenses": 4378000000,
    "sellingAndMarketingExpenses": 99000000,
    "sellingGeneralAndAdministrativeExpenses": 4477000000,
    "otherExpenses": 4301000000,
    "operatingExpenses": 8778000000,
    "costAndExpenses": 10342000000,
    "interestIncome": 4088000000,
    "interestExpense": 1544000000,
    "depreciationAndAmortization": 1156000000,
    "ebitda": 4483000000,
    "ebitdaratio": 0.3279683956,
    "operatingIncome": 3327000000,
    "operatingIncomeRatio": 0.2433974687,
    "totalOtherIncomeExpensesNet": 0,
    "incomeBeforeTax": 3327000000,
    "incomeBeforeTaxRatio": 0.2433974687,
    "incomeTaxExpense": 553000000,
    "netIncome": 2774000000,
    "netIncomeRatio": 0.2029409613,
    "eps": 7.28,
    "epsdiluted": 7.19,
    "weightedAverageShsOut": 365214000,
    "weightedAverageShsOutDil": 370109000,
    "link": "https://www.sec.gov/Archives/edgar/data/93751/000009375123000489/0000093751-23-000489-index.htm",
    "finalLink": "https://www.sec.gov/Archives/edgar/data/93751/000009375123000489/stt-20221231.htm"
  },
  {
    "date": "2021-12-31",
    "symbol": "STT",
    "reportedCurrency": "USD",
    "cik": "0000093751",
    "fillingDate": "2022-02-17",
    "acceptedDate": "2022-02-17 16:38:23",
    "calendarYear": "2021",
    "period": "FY",
    "revenue": 12030000000,
    "costOfRevenue": -30000000,
    "grossProfit": 12060000000,
    "grossProfitRatio": 1.0024937656,
    "researchAndDevelopmentExpenses": 0,
    "generalAndAdministrativeExpenses": 4586000000,
    "sellingAndMarketingExpenses": 73000000,
    "sellingGeneralAndAdministrativeExpenses": 4659000000,
    "otherExpenses": 4230000000,
    "operatingExpenses": 8889000000,
    "costAndExpenses": 8859000000,
    "interestIncome": 1908000000,
    "interestExpense": 3000000,
    "depreciationAndAmortization": 1557000000,
    "ebitda": 4728000000,
    "ebitdaratio": 0.3930174564,
    "operatingIncome": 3171000000,
    "operatingIncomeRatio": 0.2635910224,
    "totalOtherIncomeExpensesNet": 0,
    "incomeBeforeTax": 3171000000,
    "incomeBeforeTaxRatio": 0.2635910224,
    "incomeTaxExpense": 478000000,
    "netIncome": 2693000000,
    "netIncomeRatio": 0.2238570241,
    "eps": 7.3,
    "epsdiluted": 7.19,
    "weightedAverageShsOut": 352565000,
    "weightedAverageShsOutDil": 357962000,
    "link": "https://www.sec.gov/Archives/edgar/data/93751/000009375122000424/0000093751-22-000424-index.htm",
    "finalLink": "https://www.sec.gov/Archives/edgar/data/93751/000009375122000424/stt-20211231.htm"
  },
  {
    "date": "2020-12-31",
    "symbol": "STT",
    "reportedCurrency": "USD",
    "cik": "0000093751",
    "fillingDate": "2021-02-19",
    "acceptedDate": "2021-02-19 07:09:17",
    "calendarYear": "2020",
    "period": "FY",
    "revenue": 12069000000,
    "costOfRevenue": 463000000,
    "grossProfit": 11606000000,
    "grossProfitRatio": 0.9616372525,
    "researchAndDevelopmentExpenses": 0,
    "generalAndAdministrativeExpenses": 4368000000,
    "sellingAndMarketingExpenses": 77000000,
    "sellingGeneralAndAdministrativeExpenses": 4445000000,
    "otherExpenses": 4262000000,
    "operatingExpenses": 8707000000,
    "costAndExpenses": 9170000000,
    "interestIncome": 2575000000,
    "interestExpense": 375000000,
    "depreciationAndAmortization": 1510000000,
    "ebitda": 4409000000,
    "ebitdaratio": 0.3653160991,
    "operatingIncome": 2899000000,
    "operatingIncomeRatio": 0.2402021709,
    "totalOtherIncomeExpensesNet": 0,
    "incomeBeforeTax": 2899000000,
    "incomeBeforeTaxRatio": 0.2402021709,
    "incomeTaxExpense": 479000000,
    "netIncome": 2420000000,
    "netIncomeRatio": 0.2005137128,
    "eps": 6.4,
    "epsdiluted": 6.32,
    "weightedAverageShsOut": 352865000,
    "weightedAverageShsOutDil": 357106000,
    "link": "https://www.sec.gov/Archives/edgar/data/93751/000009375121000476/0000093751-21-000476-index.htm",
    "finalLink": "https://www.sec.gov/Archives/edgar/data/93751/000009375121000476/stt-20201231.htm"
  },
  {
    "date": "2019-12-31",
    "symbol": "STT",
    "reportedCurrency": "USD",
    "cik": "0000093751",
    "fillingDate": "2020-02-20",
    "acceptedDate": "2020-02-20 17:13:58",
    "calendarYear": "2019",
    "period": "FY",
    "revenue": 13131000000,
    "costOfRevenue": 1385000000,
    "grossProfit": 11746000000,
    "grossProfitRatio": 0.8945244079,
    "researchAndDevelopmentExpenses": 0,
    "generalAndAdministrativeExpenses": 4462000000,
    "sellingAndMarketingExpenses": 114000000,
    "sellingGeneralAndAdministrativeExpenses": 4576000000,
    "otherExpenses": 4458000000,
    "operatingExpenses": 9034000000,
    "costAndExpenses": 10419000000,
    "interestIncome": 3941000000,
    "interestExpense": 1375000000,
    "depreciationAndAmortization": 1337000000,
    "ebitda": 4049000000,
    "ebitdaratio": 0.3083542761,
    "operatingIncome": 2712000000,
    "operatingIncomeRatio": 0.2065341558,
    "totalOtherIncomeExpensesNet": 0,
    "incomeBeforeTax": 2712000000,
    "incomeBeforeTaxRatio": 0.2065341558,
    "incomeTaxExpense": 470000000,
    "netIncome": 2242000000,
    "netIncomeRatio": 0.1707409946,
    "eps": 5.43,
    "epsdiluted": 5.38,
    "weightedAverageShsOut": 369911000,
    "weightedAverageShsOutDil": 373666000,
    "link": "https://www.sec.gov/Archives/edgar/data/93751/000009375120000684/0000093751-20-000684-index.htm",
    "finalLink": "https://www.sec.gov/Archives/edgar/data/93751/000009375120000684/stt-2019123110xk.htm"
  },
  {
    "date": "2018-12-31",
    "symbol": "STT",
    "reportedCurrency": "USD",
    "cik": "0000093751",
    "fillingDate": "2019-02-21",
    "acceptedDate": "2019-02-21 16:21:33",
    "calendarYear": "2018",
    "period": "FY",
    "revenue": 13122000000,
    "costOfRevenue": 1006000000,
    "grossProfit": 12116000000,
    "grossProfitRatio": 0.9233348575,
    "researchAndDevelopmentExpenses": 0,
    "generalAndAdministrativeExpenses": 4798000000,
    "sellingAndMarketingExpenses": 115000000,
    "sellingGeneralAndAdministrativeExpenses": 4913000000,
    "otherExpenses": 4102000000,
    "operatingExpenses": 9015000000,
    "costAndExpenses": 10021000000,
    "interestIncome": 3662000000,
    "interestExpense": 991000000,
    "depreciationAndAmortization": 1203000000,
    "ebitda": 4304000000,
    "ebitdaratio": 0.3279987807,
    "operatingIncome": 3101000000,
    "operatingIncomeRatio": 0.2363206828,
    "totalOtherIncomeExpensesNet": 0,
    "incomeBeforeTax": 3101000000,
    "incomeBeforeTaxRatio": 0.2363206828,
    "incomeTaxExpense": 508000000,
    "netIncome": 2593000000,
    "netIncomeRatio": 0.1976070721,
    "eps": 6.48,
    "epsdiluted": 6.4,
    "weightedAverageShsOut": 371983000,
    "weightedAverageShsOutDil": 376476000,
    "link": "https://www.sec.gov/Archives/edgar/data/93751/000009375119000336/0000093751-19-000336-index.htm",
    "finalLink": "https://www.sec.gov/Archives/edgar/data/93751/000009375119000336/stt-20181231_10k.htm"
  },
  {
    "date": "2017-12-31",
    "symbol": "STT",
    "reportedCurrency": "USD",
    "cik": "0000093751",
    "fillingDate": "2018-02-26",
    "acceptedDate": "2018-02-26 08:24:47",
    "calendarYear": "2017",
    "period": "FY",
    "revenue": 11870000000,
    "costOfRevenue": 606000000,
    "grossProfit": 11264000000,
    "grossProfitRatio": 0.948946925,
    "researchAndDevelopmentExpenses": 0,
    "generalAndAdministrativeExpenses": 4414000000,
    "sellingAndMarketingExpenses": 67000000,
    "sellingGeneralAndAdministrativeExpenses": 4481000000,
    "otherExpenses": 3788000000,
    "operatingExpenses": 8269000000,
    "costAndExpenses": 8875000000,
    "interestIncome": 2908000000,
    "interestExpense": 604000000,
    "depreciationAndAmortization": 1085000000,
    "ebitda": 4080000000,
    "ebitdaratio": 0.3437236731,
    "operatingIncome": 2995000000,
    "operatingIncomeRatio": 0.252316765,
    "totalOtherIncomeExpensesNet": 0,
    "incomeBeforeTax": 2995000000,
    "incomeBeforeTaxRatio": 0.252316765,
    "incomeTaxExpense": 839000000,
    "netIncome": 2156000000,
    "netIncomeRatio": 0.1816343724,
    "eps": 5.32,
    "epsdiluted": 5.24,
    "weightedAverageShsOut": 374793000,
    "weightedAverageShsOutDil": 380213000,
    "link": "https://www.sec.gov/Archives/edgar/data/93751/000009375118000308/0000093751-18-000308-index.htm",
    "finalLink": "https://www.sec.gov/Archives/edgar/data/93751/000009375118000308/stt-20171231_10k.htm"
  },
  {
    "date": "2016-12-31",
    "symbol": "STT",
    "reportedCurrency": "USD",
    "cik": "0000093751",
    "fillingDate": "2017-02-17",
    "acceptedDate": "2017-02-16 17:33:59",
    "calendarYear": "2016",
    "period": "FY",
    "revenue": 10635000000,
    "costOfRevenue": 438000000,
    "grossProfit": 10197000000,
    "grossProfitRatio": 0.9588152327,
    "researchAndDevelopmentExpenses": 0,
    "generalAndAdministrativeExpenses": 4446000000,
    "sellingAndMarketingExpenses": 52000000,
    "sellingGeneralAndAdministrativeExpenses": 4498000000,
    "otherExpenses": 3579000000,
    "operatingExpenses": 8077000000,
    "costAndExpenses": 8515000000,
    "interestIncome": 2512000000,
    "interestExpense": 428000000,
    "depreciationAndAmortization": 929000000,
    "ebitda": 3049000000,
    "ebitdaratio": 0.2866948754,
    "operatingIncome": 2120000000,
    "operatingIncomeRatio": 0.199341796,
    "totalOtherIncomeExpensesNet": 0,
    "incomeBeforeTax": 2120000000,
    "incomeBeforeTaxRatio": 0.199341796,
    "incomeTaxExpense": -22000000,
    "netIncome": 2143000000,
    "netIncomeRatio": 0.2015044664,
    "eps": 5.03,
    "epsdiluted": 4.97,
    "weightedAverageShsOut": 391485000,
    "weightedAverageShsOutDil": 396090000,
    "link": "https://www.sec.gov/Archives/edgar/data/93751/000009375117000249/0000093751-17-000249-index.htm",
    "finalLink": "https://www.sec.gov/Archives/edgar/data/93751/000009375117000249/stt-20161231_10k.htm"
  },
  {
    "date": "2015-12-31",
    "symbol": "STT",
    "reportedCurrency": "USD",
    "cik": "0000093751",
    "fillingDate": "2016-02-19",
    "acceptedDate": "2016-02-19 08:16:47",
    "calendarYear": "2015",
    "period": "FY",
    "revenue": 10760000000,
    "costOfRevenue": 412000000,
    "grossProfit": 10348000000,
    "grossProfitRatio": 0.9617100372,
    "researchAndDevelopmentExpenses": 0,
    "generalAndAdministrativeExpenses": 4187000000,
    "sellingAndMarketingExpenses": 65000000,
    "sellingGeneralAndAdministrativeExpenses": 4252000000,
    "otherExpenses": 3798000000,
    "operatingExpenses": 8050000000,
    "costAndExpenses": 8462000000,
    "interestIncome": 2488000000,
    "interestExpense": 400000000,
    "depreciationAndAmortization": 801000000,
    "ebitda": 3099000000,
    "ebitdaratio": 0.2880111524,
    "operatingIncome": 2298000000,
    "operatingIncomeRatio": 0.2135687732,
    "totalOtherIncomeExpensesNet": 0,
    "incomeBeforeTax": 2298000000,
    "incomeBeforeTaxRatio": 0.2135687732,
    "incomeTaxExpense": 318000000,
    "netIncome": 1980000000,
    "netIncomeRatio": 0.1840148699,
    "eps": 4.53,
    "epsdiluted": 4.47,
    "weightedAverageShsOut": 407856000,
    "weightedAverageShsOutDil": 413638000,
    "link": "https://www.sec.gov/Archives/edgar/data/93751/000009375116000446/0000093751-16-000446-index.html",
    "finalLink": "https://www.sec.gov/Archives/edgar/data/93751/000009375116000446/stt-20151231_10k.htm"
  },
  {
    "date": "2014-12-31",
    "symbol": "STT",
    "reportedCurrency": "USD",
    "cik": "0000093751",
    "fillingDate": "2015-02-20",
    "acceptedDate": "2015-02-20 17:25:20",
    "calendarYear": "2014",
    "period": "FY",
    "revenue": 10666000000,
    "costOfRevenue": 402000000,
    "grossProfit": 10264000000,
    "grossProfitRatio": 0.9623101444,
    "researchAndDevelopmentExpenses": 0,
    "generalAndAdministrativeExpenses": 4140000000,
    "sellingAndMarketingExpenses": 0,
    "sellingGeneralAndAdministrativeExpenses": 4140000000,
    "otherExpenses": 3687000000,
    "operatingExpenses": 7827000000,
    "costAndExpenses": 8229000000,
    "interestIncome": 2652000000,
    "interestExpense": 392000000,
    "depreciationAndAmortization": 699000000,
    "ebitda": 3136000000,
    "ebitdaratio": 0.2940183761,
    "operatingIncome": 2437000000,
    "operatingIncomeRatio": 0.2284830302,
    "totalOtherIncomeExpensesNet": 0,
    "incomeBeforeTax": 2437000000,
    "incomeBeforeTaxRatio": 0.2284830302,
    "incomeTaxExpense": 415000000,
    "netIncome": 2022000000,
    "netIncomeRatio": 0.1895743484,
    "eps": 4.77,
    "epsdiluted": 4.69,
    "weightedAverageShsOut": 424223000,
    "weightedAverageShsOutDil": 432007000,
    "link": "https://www.sec.gov/Archives/edgar/data/93751/000009375115000042/0000093751-15-000042-index.htm",
    "finalLink": "https://www.sec.gov/Archives/edgar/data/93751/000009375115000042/stt-20141231_10k.htm"
  },
  {
    "date": "2013-12-31",
    "symbol": "STT",
    "reportedCurrency": "USD",
    "cik": "0000093751",
    "fillingDate": "2014-02-21",
    "acceptedDate": "2014-02-21 17:08:29",
    "calendarYear": "2013",
    "period": "FY",
    "revenue": 10275000000,
    "costOfRevenue": 417000000,
    "grossProfit": 9858000000,
    "grossProfitRatio": 0.9594160584,
    "researchAndDevelopmentExpenses": 0,
    "generalAndAdministrativeExpenses": 3880000000,
    "sellingAndMarketingExpenses": 0,
    "sellingGeneralAndAdministrativeExpenses": 3880000000,
    "otherExpenses": 3312000000,
    "operatingExpenses": 7192000000,
    "costAndExpenses": 7609000000,
    "interestIncome": 2714000000,
    "interestExpense": 411000000,
    "depreciationAndAmortization": 675000000,
    "ebitda": 3341000000,
    "ebitdaratio": 0.3251581509,
    "operatingIncome": 2666000000,
    "operatingIncomeRatio": 0.2594647202,
    "totalOtherIncomeExpensesNet": 0,
    "incomeBeforeTax": 2666000000,
    "incomeBeforeTaxRatio": 0.2594647202,
    "incomeTaxExpense": 616000000,
    "netIncome": 2050000000,
    "netIncomeRatio": 0.199513382,
    "eps": 4.71,
    "epsdiluted": 4.62,
    "weightedAverageShsOut": 446245000,
    "weightedAverageShsOutDil": 455155000,
    "link": "https://www.sec.gov/Archives/edgar/data/93751/000009375114000040/0000093751-14-000040-index.htm",
    "finalLink": "https://www.sec.gov/Archives/edgar/data/93751/000009375114000040/stt-20131231_10k.htm"
  },
  {
    "date": "2012-12-31",
    "symbol": "STT",
    "reportedCurrency": "USD",
    "cik": "0000093751",
    "fillingDate": "2013-02-22",
    "acceptedDate": "2013-02-22 16:13:53",
    "calendarYear": "2012",
    "period": "FY",
    "revenue": 10125000000,
    "costOfRevenue": 473000000,
    "grossProfit": 9652000000,
    "grossProfitRatio": 0.9532839506,
    "researchAndDevelopmentExpenses": 0,
    "generalAndAdministrativeExpenses": 3837000000,
    "sellingAndMarketingExpenses": 0,
    "sellingGeneralAndAdministrativeExpenses": 3837000000,
    "otherExpenses": 3049000000,
    "operatingExpenses": 6886000000,
    "costAndExpenses": 7359000000,
    "interestIncome": 3014000000,
    "interestExpense": 476000000,
    "depreciationAndAmortization": 489000000,
    "ebitda": 3255000000,
    "ebitdaratio": 0.3214814815,
    "operatingIncome": 2766000000,
    "operatingIncomeRatio": 0.2731851852,
    "totalOtherIncomeExpensesNet": 0,
    "incomeBeforeTax": 2766000000,
    "incomeBeforeTaxRatio": 0.2731851852,
    "incomeTaxExpense": 705000000,
    "netIncome": 2061000000,
    "netIncomeRatio": 0.2035555556,
    "eps": 4.25,
    "epsdiluted": 4.2,
    "weightedAverageShsOut": 474458000,
    "weightedAverageShsOutDil": 481129000,
    "link": "https://www.sec.gov/Archives/edgar/data/93751/000009375113000040/0000093751-13-000040-index.html",
    "finalLink": "https://www.sec.gov/Archives/edgar/data/93751/000009375113000040/stt-20121231_10k.htm"
  },
  {
    "date": "2011-12-31",
    "symbol": "STT",
    "reportedCurrency": "USD",
    "cik": "0000093751",
    "fillingDate": "2012-02-27",
    "acceptedDate": "2012-02-27 06:22:22",
    "calendarYear": "2011",
    "period": "FY",
    "revenue": 10207000000,
    "costOfRevenue": 613000000,
    "grossProfit": 9594000000,
    "grossProfitRatio": 0.9399431763,
    "researchAndDevelopmentExpenses": 0,
    "generalAndAdministrativeExpenses": 3820000000,
    "sellingAndMarketingExpenses": 0,
    "sellingGeneralAndAdministrativeExpenses": 3820000000,
    "otherExpenses": 3238000000,
    "operatingExpenses": 7058000000,
    "costAndExpenses": 7671000000,
    "interestIncome": 2946000000,
    "interestExpense": 613000000,
    "depreciationAndAmortization": 418000000,
    "ebitda": 2954000000,
    "ebitdaratio": 0.289409229,
    "operatingIncome": 2536000000,
    "operatingIncomeRatio": 0.2484569413,
    "totalOtherIncomeExpensesNet": 0,
    "incomeBeforeTax": 2536000000,
    "incomeBeforeTaxRatio": 0.2484569413,
    "incomeTaxExpense": 616000000,
    "netIncome": 1920000000,
    "netIncomeRatio": 0.1881062016,
    "eps": 3.82,
    "epsdiluted": 3.79,
    "weightedAverageShsOut": 492598000,
    "weightedAverageShsOutDil": 496072000,
    "link": "https://www.sec.gov/Archives/edgar/data/93751/000119312512079737/0001193125-12-079737-index.htm",
    "finalLink": "https://www.sec.gov/Archives/edgar/data/93751/000119312512079737/d262731d10k.htm"
  },
  {
    "date": "2010-12-31",
    "symbol": "STT",
    "reportedCurrency": "USD",
    "cik": "0000093751",
    "fillingDate": "2011-02-28",
    "acceptedDate": "2011-02-25 21:46:16",
    "calendarYear": "2010",
    "period": "FY",
    "revenue": 9716000000,
    "costOfRevenue": 788000000,
    "grossProfit": 8928000000,
    "grossProfitRatio": 0.9188966653,
    "researchAndDevelopmentExpenses": 0,
    "generalAndAdministrativeExpenses": 3517000000,
    "sellingAndMarketingExpenses": 0,
    "sellingGeneralAndAdministrativeExpenses": 3517000000,
    "otherExpenses": 3325000000,
    "operatingExpenses": 6842000000,
    "costAndExpenses": 7630000000,
    "interestIncome": 3462000000,
    "interestExpense": 763000000,
    "depreciationAndAmortization": -230000000,
    "ebitda": 1856000000,
    "ebitdaratio": 0.1910251132,
    "operatingIncome": 2086000000,
    "operatingIncomeRatio": 0.2146974063,
    "totalOtherIncomeExpensesNet": 0,
    "incomeBeforeTax": 2086000000,
    "incomeBeforeTaxRatio": 0.2146974063,
    "incomeTaxExpense": 530000000,
    "netIncome": 1556000000,
    "netIncomeRatio": 0.1601482091,
    "eps": 3.11,
    "epsdiluted": 3.09,
    "weightedAverageShsOut": 495394000,
    "weightedAverageShsOutDil": 497924000,
    "link": "https://www.sec.gov/Archives/edgar/data/93751/000119312511047982/0001193125-11-047982-index.htm",
    "finalLink": "https://www.sec.gov/Archives/edgar/data/93751/000119312511047982/d10k.htm"
  },
  {
    "date": "2009-12-31",
    "symbol": "STT",
    "reportedCurrency": "USD",
    "cik": "0000093751",
    "fillingDate": "2010-02-22",
    "acceptedDate": "2010-02-22 17:15:24",
    "calendarYear": "2009",
    "period": "FY",
    "revenue": 9362000000,
    "costOfRevenue": 871000000,
    "grossProfit": 8491000000,
    "grossProfitRatio": 0.9069643239,
    "researchAndDevelopmentExpenses": 0,
    "generalAndAdministrativeExpenses": 3037000000,
    "sellingAndMarketingExpenses": 0,
    "sellingGeneralAndAdministrativeExpenses": 3037000000,
    "otherExpenses": 2929000000,
    "operatingExpenses": 5966000000,
    "costAndExpenses": 6837000000,
    "interestIncome": 3286000000,
    "interestExpense": 722000000,
    "depreciationAndAmortization": -321000000,
    "ebitda": 2204000000,
    "ebitdaratio": 0.2354197821,
    "operatingIncome": 2525000000,
    "operatingIncomeRatio": 0.2697073275,
    "totalOtherIncomeExpensesNet": 0,
    "incomeBeforeTax": 2525000000,
    "incomeBeforeTaxRatio": 0.2697073275,
    "incomeTaxExpense": 722000000,
    "netIncome": -1881000000,
    "netIncomeRatio": -0.2009186071,
    "eps": -4.13,
    "epsdiluted": -4.31,
    "weightedAverageShsOut": 470602000,
    "weightedAverageShsOutDil": 474003000,
    "link": "https://www.sec.gov/Archives/edgar/data/93751/000119312510036481/0001193125-10-036481-index.html",
    "finalLink": "https://www.sec.gov/Archives/edgar/data/93751/000119312510036481/d10k.htm"
  },
  {
    "date": "2008-12-31",
    "symbol": "STT",
    "reportedCurrency": "USD",
    "cik": "0000093751",
    "fillingDate": "2009-02-27",
    "acceptedDate": "2009-02-27 17:08:32",
    "calendarYear": "2008",
    "period": "FY",
    "revenue": 12122000000,
    "costOfRevenue": 2229000000,
    "grossProfit": 9893000000,
    "grossProfitRatio": 0.8161194522,
    "researchAndDevelopmentExpenses": 0,
    "generalAndAdministrativeExpenses": 3842000000,
    "sellingAndMarketingExpenses": 0,
    "sellingGeneralAndAdministrativeExpenses": 3842000000,
    "otherExpenses": 3209000000,
    "operatingExpenses": 7051000000,
    "costAndExpenses": 9280000000,
    "interestIncome": 4879000000,
    "interestExpense": 2229000000,
    "depreciationAndAmortization": 369000000,
    "ebitda": 3211000000,
    "ebitdaratio": 0.2648902821,
    "operatingIncome": 2842000000,
    "operatingIncomeRatio": 0.2344497608,
    "totalOtherIncomeExpensesNet": 0,
    "incomeBeforeTax": 2842000000,
    "incomeBeforeTaxRatio": 0.2344497608,
    "incomeTaxExpense": 1031000000,
    "netIncome": 1811000000,
    "netIncomeRatio": 0.1493977891,
    "eps": 4.32,
    "epsdiluted": 4.3,
    "weightedAverageShsOut": 413182000,
    "weightedAverageShsOutDil": 416100000,
    "link": "https://www.sec.gov/Archives/edgar/data/93751/000119312509041171/0001193125-09-041171-index.html",
    "finalLink": "https://www.sec.gov/Archives/edgar/data/93751/000119312509041171/d10k.htm"
  },
  {
    "date": "2007-12-31",
    "symbol": "STT",
    "reportedCurrency": "USD",
    "cik": "0000093751",
    "fillingDate": "2008-02-15",
    "acceptedDate": "2008-02-15 17:19:16",
    "calendarYear": "2007",
    "period": "FY",
    "revenue": 11818000000,
    "costOfRevenue": 3482000000,
    "grossProfit": 8336000000,
    "grossProfitRatio": 0.7053646979,
    "researchAndDevelopmentExpenses": 0,
    "generalAndAdministrativeExpenses": 3256000000,
    "sellingAndMarketingExpenses": 0,
    "sellingGeneralAndAdministrativeExpenses": 3256000000,
    "otherExpenses": 3177000000,
    "operatingExpenses": 6433000000,
    "costAndExpenses": 9915000000,
    "interestIncome": 5212000000,
    "interestExpense": 3482000000,
    "depreciationAndAmortization": 130000000,
    "ebitda": 2033000000,
    "ebitdaratio": 0.1720257235,
    "operatingIncome": 1903000000,
    "operatingIncomeRatio": 0.1610255542,
    "totalOtherIncomeExpensesNet": 0,
    "incomeBeforeTax": 1903000000,
    "incomeBeforeTaxRatio": 0.1610255542,
    "incomeTaxExpense": 642000000,
    "netIncome": 1261000000,
    "netIncomeRatio": 0.1067016416,
    "eps": 3.49,
    "epsdiluted": 3.45,
    "weightedAverageShsOut": 360675000,
    "weightedAverageShsOutDil": 365488000,
    "link": "https://www.sec.gov/Archives/edgar/data/93751/000104746908001447/0001047469-08-001447-index.htm",
    "finalLink": "https://www.sec.gov/Archives/edgar/data/93751/000104746908001447/a2182320z10-k.htm"
  },
  {
    "date": "2006-12-31",
    "symbol": "STT",
    "reportedCurrency": "USD",
    "cik": "0000093751",
    "fillingDate": "2007-02-20",
    "acceptedDate": "2007-02-16 20:37:20",
    "calendarYear": "2006",
    "period": "FY",
    "revenue": 9525000000,
    "costOfRevenue": 3214000000,
    "grossProfit": 6311000000,
    "grossProfitRatio": 0.6625721785,
    "researchAndDevelopmentExpenses": 0,
    "generalAndAdministrativeExpenses": 2652000000,
    "sellingAndMarketingExpenses": 0,
    "sellingGeneralAndAdministrativeExpenses": 2652000000,
    "otherExpenses": 1888000000,
    "operatingExpenses": 4540000000,
    "costAndExpenses": 7754000000,
    "interestIncome": 4324000000,
    "interestExpense": 3214000000,
    "depreciationAndAmortization": 385000000,
    "ebitda": 2156000000,
    "ebitdaratio": 0.226351706,
    "operatingIncome": 1771000000,
    "operatingIncomeRatio": 0.1859317585,
    "totalOtherIncomeExpensesNet": 0,
    "incomeBeforeTax": 1771000000,
    "incomeBeforeTaxRatio": 0.1859317585,
    "incomeTaxExpense": 675000000,
    "netIncome": 1106000000,
    "netIncomeRatio": 0.1161154856,
    "eps": 3.34,
    "epsdiluted": 3.29,
    "weightedAverageShsOut": 331350000,
    "weightedAverageShsOutDil": 335732000,
    "link": "https://www.sec.gov/Archives/edgar/data/93751/000110465907012016/0001104659-07-012016-index.htm",
    "finalLink": "https://www.sec.gov/Archives/edgar/data/93751/000110465907012016/a07-2771_110k.htm"
  },
  {
    "date": "2005-12-31",
    "symbol": "STT",
    "reportedCurrency": "USD",
    "cik": "0000093751",
    "fillingDate": "2006-02-21",
    "acceptedDate": "2006-02-21 16:15:40",
    "calendarYear": "2005",
    "period": "FY",
    "revenue": 7480000000,
    "costOfRevenue": 2023000000,
    "grossProfit": 5457000000,
    "grossProfitRatio": 0.7295454545,
    "researchAndDevelopmentExpenses": 0,
    "generalAndAdministrativeExpenses": 2231000000,
    "sellingAndMarketingExpenses": 0,
    "sellingGeneralAndAdministrativeExpenses": 2231000000,
    "otherExpenses": 1794000000,
    "operatingExpenses": 4025000000,
    "costAndExpenses": 6048000000,
    "interestIncome": 2930000000,
    "interestExpense": 2023000000,
    "depreciationAndAmortization": 499000000,
    "ebitda": 1931000000,
    "ebitdaratio": 0.2581550802,
    "operatingIncome": 1432000000,
    "operatingIncomeRatio": 0.1914438503,
    "totalOtherIncomeExpensesNet": 0,
    "incomeBeforeTax": 1432000000,
    "incomeBeforeTaxRatio": 0.1914438503,
    "incomeTaxExpense": 487000000,
    "netIncome": 838000000,
    "netIncomeRatio": 0.1120320856,
    "eps": 2.53,
    "epsdiluted": 2.5,
    "weightedAverageShsOut": 330361000,
    "weightedAverageShsOutDil": 334636000,
    "link": "https://www.sec.gov/Archives/edgar/data/93751/000114544306000351/0001145443-06-000351-index.htm",
    "finalLink": "https://www.sec.gov/Archives/edgar/data/93751/000114544306000351/d18466_10-k.htm"
  },
  {
    "date": "2004-12-31",
    "symbol": "STT",
    "reportedCurrency": "USD",
    "cik": "0000093751",
    "fillingDate": "2005-02-18",
    "acceptedDate": "2005-02-18 17:00:47",
    "calendarYear": "2004",
    "period": "FY",
    "revenue": 5861000000,
    "costOfRevenue": 910000000,
    "grossProfit": 4951000000,
    "grossProfitRatio": 0.8447363931,
    "researchAndDevelopmentExpenses": 0,
    "generalAndAdministrativeExpenses": 1957000000,
    "sellingAndMarketingExpenses": 0,
    "sellingGeneralAndAdministrativeExpenses": 1957000000,
    "otherExpenses": 1802000000,
    "operatingExpenses": 3759000000,
    "costAndExpenses": 4669000000,
    "interestIncome": 1787000000,
    "interestExpense": 928000000,
    "depreciationAndAmortization": 639000000,
    "ebitda": 1831000000,
    "ebitdaratio": 0.3124040266,
    "operatingIncome": 1192000000,
    "operatingIncomeRatio": 0.2033782631,
    "totalOtherIncomeExpensesNet": 0,
    "incomeBeforeTax": 1192000000,
    "incomeBeforeTaxRatio": 0.2033782631,
    "incomeTaxExpense": 394000000,
    "netIncome": 798000000,
    "netIncomeRatio": 0.1361542399,
    "eps": 2.38,
    "epsdiluted": 2.35,
    "weightedAverageShsOut": 334606000,
    "weightedAverageShsOutDil": 339605000,
    "link": "https://www.sec.gov/Archives/edgar/data/93751/000114544305000253/0001145443-05-000253-index.htm",
    "finalLink": "https://www.sec.gov/Archives/edgar/data/93751/000114544305000253/d16051.htm"
  },
  {
    "date": "2003-12-31",
    "symbol": "STT",
    "reportedCurrency": "USD",
    "cik": "0000093751",
    "fillingDate": "2004-02-24",
    "acceptedDate": "2004-02-24 12:50:32",
    "calendarYear": "2003",
    "period": "FY",
    "revenue": 5463000000,
    "costOfRevenue": 729000000,
    "grossProfit": 4734000000,
    "grossProfitRatio": 0.8665568369,
    "researchAndDevelopmentExpenses": 0,
    "generalAndAdministrativeExpenses": 1731000000,
    "sellingAndMarketingExpenses": 0,
    "sellingGeneralAndAdministrativeExpenses": 1731000000,
    "otherExpenses": 1891000000,
    "operatingExpenses": 3622000000,
    "costAndExpenses": 4351000000,
    "interestIncome": 1539000000,
    "interestExpense": 729000000,
    "depreciationAndAmortization": 701000000,
    "ebitda": 1813000000,
    "ebitdaratio": 0.3318689365,
    "operatingIncome": 1112000000,
    "operatingIncomeRatio": 0.2035511624,
    "totalOtherIncomeExpensesNet": 0,
    "incomeBeforeTax": 1112000000,
    "incomeBeforeTaxRatio": 0.2035511624,
    "incomeTaxExpense": 390000000,
    "netIncome": 722000000,
    "netIncomeRatio": 0.1321618159,
    "eps": 2.18,
    "epsdiluted": 2.15,
    "weightedAverageShsOut": 331692000,
    "weightedAverageShsOutDil": 335326000,
    "link": "https://www.sec.gov/Archives/edgar/data/93751/000114544304000171/0001145443-04-000171-index.htm",
    "finalLink": "https://www.sec.gov/Archives/edgar/data/93751/000114544304000171/d13865.htm"
  },
  {
    "date": "2002-12-31",
    "symbol": "STT",
    "reportedCurrency": "USD",
    "cik": "0000093751",
    "fillingDate": "2003-02-21",
    "acceptedDate": "2003-02-21 17:27:51",
    "calendarYear": "2002",
    "period": "FY",
    "revenue": 5395000000,
    "costOfRevenue": 999000000,
    "grossProfit": 4396000000,
    "grossProfitRatio": 0.8148285449,
    "researchAndDevelopmentExpenses": 0,
    "generalAndAdministrativeExpenses": 1670000000,
    "sellingAndMarketingExpenses": 0,
    "sellingGeneralAndAdministrativeExpenses": 1670000000,
    "otherExpenses": 1171000000,
    "operatingExpenses": 2841000000,
    "costAndExpenses": 3840000000,
    "interestIncome": 1974000000,
    "interestExpense": 995000000,
    "depreciationAndAmortization": 688000000,
    "ebitda": 2243000000,
    "ebitdaratio": 0.415755329,
    "operatingIncome": 1555000000,
    "operatingIncomeRatio": 0.2882298424,
    "totalOtherIncomeExpensesNet": 0,
    "incomeBeforeTax": 1555000000,
    "incomeBeforeTaxRatio": 0.2882298424,
    "incomeTaxExpense": 540000000,
    "netIncome": 1015000000,
    "netIncomeRatio": 0.188137164,
    "eps": 3.14,
    "epsdiluted": 3.1,
    "weightedAverageShsOut": 323520000,
    "weightedAverageShsOutDil": 327477000,
    "link": "https://www.sec.gov/Archives/edgar/data/93751/000114544303000208/0001145443-03-000208-index.htm",
    "finalLink": "https://www.sec.gov/Archives/edgar/data/93751/000114544303000208/d11805-10k.htm"
  },
  {
    "date": "2001-12-31",
    "symbol": "STT",
    "reportedCurrency": "USD",
    "cik": "0000093751",
    "fillingDate": "2002-02-22",
    "acceptedDate": "2002-02-22 00:00:00",
    "calendarYear": "2001",
    "period": "FY",
    "revenue": 5637000000,
    "costOfRevenue": 1840000000,
    "grossProfit": 3797000000,
    "grossProfitRatio": 0.6735852404,
    "researchAndDevelopmentExpenses": 0,
    "generalAndAdministrativeExpenses": 1663000000,
    "sellingAndMarketingExpenses": 57000000,
    "sellingGeneralAndAdministrativeExpenses": 1720000000,
    "otherExpenses": 1147000000,
    "operatingExpenses": 2867000000,
    "costAndExpenses": 4707000000,
    "interestIncome": 2855000000,
    "interestExpense": 1830000000,
    "depreciationAndAmortization": 398000000,
    "ebitda": 1328000000,
    "ebitdaratio": 0.2355863048,
    "operatingIncome": 930000000,
    "operatingIncomeRatio": 0.1649813731,
    "totalOtherIncomeExpensesNet": 0,
    "incomeBeforeTax": 930000000,
    "incomeBeforeTaxRatio": 0.1649813731,
    "incomeTaxExpense": 302000000,
    "netIncome": 628000000,
    "netIncomeRatio": 0.1114067767,
    "eps": 1.94,
    "epsdiluted": 1.9,
    "weightedAverageShsOut": 325030000,
    "weightedAverageShsOutDil": 330492000,
    "link": "https://www.sec.gov/Archives/edgar/data/93751/000114544302000006/0001145443-02-000006-index.htm",
    "finalLink": "https://www.sec.gov/Archives/edgar/data/93751/000114544302000006/d10-k.htm"
  },
  {
    "date": "2000-12-31",
    "symbol": "STT",
    "reportedCurrency": "USD",
    "cik": "0000093751",
    "fillingDate": "2001-02-16",
    "acceptedDate": "2001-02-16 00:00:00",
    "calendarYear": "2000",
    "period": "FY",
    "revenue": 5921000000,
    "costOfRevenue": 2371000000,
    "grossProfit": 3550000000,
    "grossProfitRatio": 0.599560885,
    "researchAndDevelopmentExpenses": 0,
    "generalAndAdministrativeExpenses": 1524000000,
    "sellingAndMarketingExpenses": 60000000,
    "sellingGeneralAndAdministrativeExpenses": 1584000000,
    "otherExpenses": 1060000000,
    "operatingExpenses": 2644000000,
    "costAndExpenses": 5015000000,
    "interestIncome": 3256000000,
    "interestExpense": 2362000000,
    "depreciationAndAmortization": 374000000,
    "ebitda": 1280000000,
    "ebitdaratio": 0.2161796994,
    "operatingIncome": 906000000,
    "operatingIncomeRatio": 0.1530146935,
    "totalOtherIncomeExpensesNet": 0,
    "incomeBeforeTax": 906000000,
    "incomeBeforeTaxRatio": 0.1530146935,
    "incomeTaxExpense": 311000000,
    "netIncome": 595000000,
    "netIncomeRatio": 0.1004897821,
    "eps": 1.85,
    "epsdiluted": 1.82,
    "weightedAverageShsOut": 321678000,
    "weightedAverageShsOutDil": 328088000,
    "link": "https://www.sec.gov/Archives/edgar/data/93751/000091205701006183/0000912057-01-006183-index.htm",
    "finalLink": "https://www.sec.gov/Archives/edgar/data/93751/000091205701006183/a2039156z10-k405.txt"
  },
  {
    "date": "1999-12-31",
    "symbol": "STT",
    "reportedCurrency": "USD",
    "cik": "0000093751",
    "fillingDate": "2000-03-30",
    "acceptedDate": "2000-03-30 00:00:00",
    "calendarYear": "1999",
    "period": "FY",
    "revenue": 4692000000,
    "costOfRevenue": 1670000000,
    "grossProfit": 3022000000,
    "grossProfitRatio": 0.6440750213,
    "researchAndDevelopmentExpenses": 0,
    "generalAndAdministrativeExpenses": 1313000000,
    "sellingAndMarketingExpenses": 53000000,
    "sellingGeneralAndAdministrativeExpenses": 1366000000,
    "otherExpenses": 688000000,
    "operatingExpenses": 2054000000,
    "costAndExpenses": 3724000000,
    "interestIncome": 2437000000,
    "interestExpense": 1656000000,
    "depreciationAndAmortization": 327000000,
    "ebitda": 1295000000,
    "ebitdaratio": 0.276001705,
    "operatingIncome": 968000000,
    "operatingIncomeRatio": 0.2063086104,
    "totalOtherIncomeExpensesNet": 0,
    "incomeBeforeTax": 968000000,
    "incomeBeforeTaxRatio": 0.2063086104,
    "incomeTaxExpense": 349000000,
    "netIncome": 619000000,
    "netIncomeRatio": 0.1319266837,
    "eps": 1.93,
    "epsdiluted": 1.89,
    "weightedAverageShsOut": 321320000,
    "weightedAverageShsOutDil": 327502000,
    "link": "https://www.sec.gov/Archives/edgar/data/93751/000095014600000336/0000950146-00-000336-index.htm",
    "finalLink": "https://www.sec.gov/Archives/edgar/data/93751/000095014600000336/"
  },
  {
    "date": "1998-12-31",
    "symbol": "STT",
    "reportedCurrency": "USD",
    "cik": "0000093751",
    "fillingDate": "1999-03-23",
    "acceptedDate": "1999-03-23 00:00:00",
    "calendarYear": "1998",
    "period": "FY",
    "revenue": 4234000000,
    "costOfRevenue": 1509000000,
    "grossProfit": 2725000000,
    "grossProfitRatio": 0.6435994332,
    "researchAndDevelopmentExpenses": 0,
    "generalAndAdministrativeExpenses": 1175000000,
    "sellingAndMarketingExpenses": 60000000,
    "sellingGeneralAndAdministrativeExpenses": 1235000000,
    "otherExpenses": 833000000,
    "operatingExpenses": 2068000000,
    "costAndExpenses": 3577000000,
    "interestIncome": 2237000000,
    "interestExpense": 1492000000,
    "depreciationAndAmortization": 328000000,
    "ebitda": 985000000,
    "ebitdaratio": 0.2326405291,
    "operatingIncome": 657000000,
    "operatingIncomeRatio": 0.1551724138,
    "totalOtherIncomeExpensesNet": 0,
    "incomeBeforeTax": 657000000,
    "incomeBeforeTaxRatio": 0.1551724138,
    "incomeTaxExpense": 221000000,
    "netIncome": 436000000,
    "netIncomeRatio": 0.1029759093,
    "eps": 1.36,
    "epsdiluted": 1.33,
    "weightedAverageShsOut": 321874000,
    "weightedAverageShsOutDil": 327854000,
    "link": "https://www.sec.gov/Archives/edgar/data/93751/000095014699000551/0000950146-99-000551-index.htm",
    "finalLink": "https://www.sec.gov/Archives/edgar/data/93751/0000950146-99-000551.txt"
  },
  {
    "date": "1997-12-31",
    "symbol": "STT",
    "reportedCurrency": "USD",
    "cik": "0000093751",
    "fillingDate": "1998-03-26",
    "acceptedDate": "1998-03-26 00:00:00",
    "calendarYear": "1997",
    "period": "FY",
    "revenue": 3428000000,
    "costOfRevenue": 1130000000,
    "grossProfit": 2298000000,
    "grossProfitRatio": 0.670361727,
    "researchAndDevelopmentExpenses": 0,
    "generalAndAdministrativeExpenses": 973000000,
    "sellingAndMarketingExpenses": 48000000,
    "sellingGeneralAndAdministrativeExpenses": 1021000000,
    "otherExpenses": 713000000,
    "operatingExpenses": 1734000000,
    "costAndExpenses": 2864000000,
    "interestIncome": 1755000000,
    "interestExpense": 1114000000,
    "depreciationAndAmortization": 255000000,
    "ebitda": 819000000,
    "ebitdaratio": 0.2389148191,
    "operatingIncome": 564000000,
    "operatingIncomeRatio": 0.1645274212,
    "totalOtherIncomeExpensesNet": 0,
    "incomeBeforeTax": 564000000,
    "incomeBeforeTaxRatio": 0.1645274212,
    "incomeTaxExpense": 184000000,
    "netIncome": 380000000,
    "netIncomeRatio": 0.1108518086,
    "eps": 1.19,
    "epsdiluted": 1.16,
    "weightedAverageShsOut": 321324000,
    "weightedAverageShsOutDil": 327578000,
    "link": "https://www.sec.gov/Archives/edgar/data/93751/000095015698000287/0000950156-98-000287-index.htm",
    "finalLink": "https://www.sec.gov/Archives/edgar/data/93751/0000950156-98-000287.txt"
  },
  {
    "date": "1996-12-31",
    "symbol": "STT",
    "reportedCurrency": "USD",
    "cik": "0000093751",
    "fillingDate": "1997-03-26",
    "acceptedDate": "1997-03-26 00:00:00",
    "calendarYear": "1996",
    "period": "FY",
    "revenue": 2745000000,
    "costOfRevenue": 900000000,
    "grossProfit": 1845000000,
    "grossProfitRatio": 0.6721311475,
    "researchAndDevelopmentExpenses": 0,
    "generalAndAdministrativeExpenses": 775000000,
    "sellingAndMarketingExpenses": 34000000,
    "sellingGeneralAndAdministrativeExpenses": 809000000,
    "otherExpenses": 589000000,
    "operatingExpenses": 1398000000,
    "costAndExpenses": 2298000000,
    "interestIncome": 1443000000,
    "interestExpense": 892000000,
    "depreciationAndAmortization": 213000000,
    "ebitda": 660000000,
    "ebitdaratio": 0.2404371585,
    "operatingIncome": 447000000,
    "operatingIncomeRatio": 0.1628415301,
    "totalOtherIncomeExpensesNet": 0,
    "incomeBeforeTax": 447000000,
    "incomeBeforeTaxRatio": 0.1628415301,
    "incomeTaxExpense": 154000000,
    "netIncome": 293000000,
    "netIncomeRatio": 0.1067395264,
    "eps": 0.9,
    "epsdiluted": 0.89,
    "weightedAverageShsOut": 326532000,
    "weightedAverageShsOutDil": 329244000,
    "link": "https://www.sec.gov/Archives/edgar/data/93751/000095015697000348/0000950156-97-000348-index.htm",
    "finalLink": "https://www.sec.gov/Archives/edgar/data/93751/0000950156-97-000348.txt"
  },
  {
    "date": "1995-12-31",
    "symbol": "STT",
    "reportedCurrency": "USD",
    "cik": "0000093751",
    "fillingDate": "1996-03-27",
    "acceptedDate": "1996-03-27 00:00:00",
    "calendarYear": "1995",
    "period": "FY",
    "revenue": 2455700000,
    "costOfRevenue": 915200000,
    "grossProfit": 1540500000,
    "grossProfitRatio": 0.6273160402,
    "researchAndDevelopmentExpenses": 0,
    "generalAndAdministrativeExpenses": 650600000,
    "sellingAndMarketingExpenses": 0,
    "sellingGeneralAndAdministrativeExpenses": 650600000,
    "otherExpenses": 523400000,
    "operatingExpenses": 1174000000,
    "costAndExpenses": 2089200000,
    "interestIncome": 1336600000,
    "interestExpense": 907200000,
    "depreciationAndAmortization": 131800000,
    "ebitda": 498300000,
    "ebitdaratio": 0.2029156656,
    "operatingIncome": 366500000,
    "operatingIncomeRatio": 0.1492446146,
    "totalOtherIncomeExpensesNet": 0,
    "incomeBeforeTax": 366500000,
    "incomeBeforeTaxRatio": 0.1492446146,
    "incomeTaxExpense": 119400000,
    "netIncome": 247100000,
    "netIncomeRatio": 0.1006230403,
    "eps": 0.75,
    "epsdiluted": 0.74,
    "weightedAverageShsOut": 332232000,
    "weightedAverageShsOutDil": 335372000,
    "link": "https://www.sec.gov/Archives/edgar/data/93751/000095015696000321/0000950156-96-000321-index.htm",
    "finalLink": "https://www.sec.gov/Archives/edgar/data/93751/0000950156-96-000321.txt"
  },
  {
    "date": "1994-12-31",
    "symbol": "STT",
    "reportedCurrency": "USD",
    "cik": "0000093751",
    "fillingDate": "1995-03-29",
    "acceptedDate": "1995-03-29 00:00:00",
    "calendarYear": "1994",
    "period": "FY",
    "revenue": 1886000000,
    "costOfRevenue": 550000000,
    "grossProfit": 1336000000,
    "grossProfitRatio": 0.7083775186,
    "researchAndDevelopmentExpenses": 0,
    "generalAndAdministrativeExpenses": 571000000,
    "sellingAndMarketingExpenses": 0,
    "sellingGeneralAndAdministrativeExpenses": 571000000,
    "otherExpenses": 445000000,
    "operatingExpenses": 1016000000,
    "costAndExpenses": 1566000000,
    "interestIncome": 905000000,
    "interestExpense": 538000000,
    "depreciationAndAmortization": 0,
    "ebitda": 320000000,
    "ebitdaratio": 0.1696712619,
    "operatingIncome": 320000000,
    "operatingIncomeRatio": 0.1696712619,
    "totalOtherIncomeExpensesNet": 0,
    "incomeBeforeTax": 320000000,
    "incomeBeforeTaxRatio": 0.1696712619,
    "incomeTaxExpense": 113000000,
    "netIncome": 207000000,
    "netIncomeRatio": 0.1097560976,
    "eps": 0.67,
    "epsdiluted": 0.66,
    "weightedAverageShsOut": 331292000,
    "weightedAverageShsOutDil": 333816000,
    "link": "https://www.sec.gov/Archives/edgar/data/93751/000095015695000201/0000950156-95-000201-index.htm",
    "finalLink": "https://www.sec.gov/Archives/edgar/data/93751/0000950156-95-000201.txt"
  },
  {
    "date": "1993-12-31",
    "symbol": "STT",
    "reportedCurrency": "USD",
    "cik": "0000093751",
    "fillingDate": "1994-03-30",
    "acceptedDate": "1994-03-30 00:00:00",
    "calendarYear": "1993",
    "period": "FY",
    "revenue": 1532300000,
    "costOfRevenue": 392600000,
    "grossProfit": 1139700000,
    "grossProfitRatio": 0.7437838543,
    "researchAndDevelopmentExpenses": 0,
    "generalAndAdministrativeExpenses": 479200000,
    "sellingAndMarketingExpenses": 0,
    "sellingGeneralAndAdministrativeExpenses": 479200000,
    "otherExpenses": 383100000,
    "operatingExpenses": 862300000,
    "costAndExpenses": 1254900000,
    "interestIncome": 698900000,
    "interestExpense": 381300000,
    "depreciationAndAmortization": 0,
    "ebitda": 277400000,
    "ebitdaratio": 0.1810350454,
    "operatingIncome": 277400000,
    "operatingIncomeRatio": 0.1810350454,
    "totalOtherIncomeExpensesNet": 0,
    "incomeBeforeTax": 277400000,
    "incomeBeforeTaxRatio": 0.1810350454,
    "incomeTaxExpense": 97600000,
    "netIncome": 179800000,
    "netIncomeRatio": 0.1173399465,
    "eps": 0.58,
    "epsdiluted": 0.57,
    "weightedAverageShsOut": 310000000,
    "weightedAverageShsOutDil": 315438596,
    "link": "https://www.sec.gov/Archives/edgar/data/93751/000095015694000009/0000950156-94-000009-index.htm",
    "finalLink": "https://www.sec.gov/Archives/edgar/data/93751/0000950156-94-000009.txt"
  },
  {
    "date": "1992-12-31",
    "symbol": "STT",
    "reportedCurrency": "USD",
    "cik": "0000093751",
    "fillingDate": "1992-12-31",
    "acceptedDate": "1992-12-31 00:00:00",
    "calendarYear": "1992",
    "period": "FY",
    "revenue": 1417300000,
    "costOfRevenue": 444300000,
    "grossProfit": 973000000,
    "grossProfitRatio": 0.6865166161,
    "researchAndDevelopmentExpenses": 0,
    "generalAndAdministrativeExpenses": 409900000,
    "sellingAndMarketingExpenses": 0,
    "sellingGeneralAndAdministrativeExpenses": 409900000,
    "otherExpenses": 306600000,
    "operatingExpenses": 716500000,
    "costAndExpenses": 1160800000,
    "interestIncome": 714400000,
    "interestExpense": 432100000,
    "depreciationAndAmortization": 0,
    "ebitda": 256500000,
    "ebitdaratio": 0.1809779158,
    "operatingIncome": 256500000,
    "operatingIncomeRatio": 0.1809779158,
    "totalOtherIncomeExpensesNet": 0,
    "incomeBeforeTax": 256500000,
    "incomeBeforeTaxRatio": 0.1809779158,
    "incomeTaxExpense": 96100000,
    "netIncome": 160400000,
    "netIncomeRatio": 0.1131729345,
    "eps": 0.53,
    "epsdiluted": 0.51,
    "weightedAverageShsOut": 305523810,
    "weightedAverageShsOutDil": 314509804,
    "link": null,
    "finalLink": null
  },
  {
    "date": "1991-12-31",
    "symbol": "STT",
    "reportedCurrency": "USD",
    "cik": "0000093751",
    "fillingDate": "1991-12-31",
    "acceptedDate": "1991-12-31 00:00:00",
    "calendarYear": "1991",
    "period": "FY",
    "revenue": 1357900000,
    "costOfRevenue": 524200000,
    "grossProfit": 833700000,
    "grossProfitRatio": 0.6139627366,
    "researchAndDevelopmentExpenses": 0,
    "generalAndAdministrativeExpenses": 336800000,
    "sellingAndMarketingExpenses": 0,
    "sellingGeneralAndAdministrativeExpenses": 336800000,
    "otherExpenses": 271800000,
    "operatingExpenses": 608600000,
    "costAndExpenses": 1132800000,
    "interestIncome": 737800000,
    "interestExpense": 464200000,
    "depreciationAndAmortization": 56200000,
    "ebitda": 281300000,
    "ebitdaratio": 0.2071581118,
    "operatingIncome": 225100000,
    "operatingIncomeRatio": 0.1657706753,
    "totalOtherIncomeExpensesNet": 0,
    "incomeBeforeTax": 225100000,
    "incomeBeforeTaxRatio": 0.1657706753,
    "incomeTaxExpense": 85800000,
    "netIncome": 139300000,
    "netIncomeRatio": 0.1025848737,
    "eps": 0.47,
    "epsdiluted": 0.46,
    "weightedAverageShsOut": 299569892,
    "weightedAverageShsOutDil": 306153846,
    "link": null,
    "finalLink": null
  },
  {
    "date": "1990-12-31",
    "symbol": "STT",
    "reportedCurrency": "USD",
    "cik": "0000093751",
    "fillingDate": "1990-12-31",
    "acceptedDate": "1990-12-31 00:00:00",
    "calendarYear": "1990",
    "period": "FY",
    "revenue": 1320400000,
    "costOfRevenue": 592400000,
    "grossProfit": 728000000,
    "grossProfitRatio": 0.5513480763,
    "researchAndDevelopmentExpenses": 0,
    "generalAndAdministrativeExpenses": 300000000,
    "sellingAndMarketingExpenses": 0,
    "sellingGeneralAndAdministrativeExpenses": 300000000,
    "otherExpenses": 244600000,
    "operatingExpenses": 544600000,
    "costAndExpenses": 1137000000,
    "interestIncome": 817500000,
    "interestExpense": 546700000,
    "depreciationAndAmortization": 89200000,
    "ebitda": 272600000,
    "ebitdaratio": 0.2064525901,
    "operatingIncome": 183400000,
    "operatingIncomeRatio": 0.1388973038,
    "totalOtherIncomeExpensesNet": 0,
    "incomeBeforeTax": 183400000,
    "incomeBeforeTaxRatio": 0.1388973038,
    "incomeTaxExpense": 66100000,
    "netIncome": 117300000,
    "netIncomeRatio": 0.0888367161,
    "eps": 0.4,
    "epsdiluted": 0.39,
    "weightedAverageShsOut": 293250000,
    "weightedAverageShsOutDil": 300769231,
    "link": null,
    "finalLink": null
  },
  {
    "date": "1989-12-31",
    "symbol": "STT",
    "reportedCurrency": "USD",
    "cik": "0000093751",
    "fillingDate": "1989-12-31",
    "acceptedDate": "1989-12-31 00:00:00",
    "calendarYear": "1989",
    "period": "FY",
    "revenue": 1091900000,
    "costOfRevenue": 450700000,
    "grossProfit": 641200000,
    "grossProfitRatio": 0.5872332631,
    "researchAndDevelopmentExpenses": 0,
    "generalAndAdministrativeExpenses": 264800000,
    "sellingAndMarketingExpenses": 0,
    "sellingGeneralAndAdministrativeExpenses": 264800000,
    "otherExpenses": 213200000,
    "operatingExpenses": 478000000,
    "costAndExpenses": 928700000,
    "interestIncome": 648300000,
    "interestExpense": 431300000,
    "depreciationAndAmortization": 62900000,
    "ebitda": 226100000,
    "ebitdaratio": 0.2070702445,
    "operatingIncome": 163200000,
    "operatingIncomeRatio": 0.1494642367,
    "totalOtherIncomeExpensesNet": 0,
    "incomeBeforeTax": 163200000,
    "incomeBeforeTaxRatio": 0.1494642367,
    "incomeTaxExpense": 59200000,
    "netIncome": 104000000,
    "netIncomeRatio": 0.0952468175,
    "eps": 0.36,
    "epsdiluted": 0.35,
    "weightedAverageShsOut": 292957746,
    "weightedAverageShsOutDil": 301449275,
    "link": null,
    "finalLink": null
  },
  {
    "date": "1988-12-31",
    "symbol": "STT",
    "reportedCurrency": "USD",
    "cik": "0000093751",
    "fillingDate": "1988-12-31",
    "acceptedDate": "1988-12-30 19:00:00",
    "calendarYear": "1988",
    "period": "FY",
    "revenue": 0,
    "costOfRevenue": 0,
    "grossProfit": 0,
    "grossProfitRatio": 0,
    "researchAndDevelopmentExpenses": 0,
    "generalAndAdministrativeExpenses": 0,
    "sellingAndMarketingExpenses": 0,
    "sellingGeneralAndAdministrativeExpenses": 0,
    "otherExpenses": 92300000,
    "operatingExpenses": 92300000,
    "costAndExpenses": 92300000,
    "interestIncome": 0,
    "interestExpense": 0,
    "depreciationAndAmortization": 0,
    "ebitda": 92300000,
    "ebitdaratio": 0,
    "operatingIncome": 92300000,
    "operatingIncomeRatio": 0,
    "totalOtherIncomeExpensesNet": 0,
    "incomeBeforeTax": 0,
    "incomeBeforeTaxRatio": 0,
    "incomeTaxExpense": -92300000,
    "netIncome": 92300000,
    "netIncomeRatio": 0,
    "eps": 0.32,
    "epsdiluted": 0.3,
    "weightedAverageShsOut": 293015873,
    "weightedAverageShsOutDil": 307666667,
    "link": "",
    "finalLink": ""
  },
  {
    "date": "1987-12-31",
    "symbol": "STT",
    "reportedCurrency": "USD",
    "cik": "0000093751",
    "fillingDate": "1987-12-31",
    "acceptedDate": "1987-12-30 19:00:00",
    "calendarYear": "1987",
    "period": "FY",
    "revenue": 0,
    "costOfRevenue": 0,
    "grossProfit": 0,
    "grossProfitRatio": 0,
    "researchAndDevelopmentExpenses": 0,
    "generalAndAdministrativeExpenses": 0,
    "sellingAndMarketingExpenses": 0,
    "sellingGeneralAndAdministrativeExpenses": 0,
    "otherExpenses": 83100000,
    "operatingExpenses": 83100000,
    "costAndExpenses": 83100000,
    "interestIncome": 0,
    "interestExpense": 0,
    "depreciationAndAmortization": 0,
    "ebitda": 83100000,
    "ebitdaratio": 0,
    "operatingIncome": 83100000,
    "operatingIncomeRatio": 0,
    "totalOtherIncomeExpensesNet": 0,
    "incomeBeforeTax": 0,
    "incomeBeforeTaxRatio": 0,
    "incomeTaxExpense": -83100000,
    "netIncome": 83100000,
    "netIncomeRatio": 0,
    "eps": 0.28,
    "epsdiluted": 0.27,
    "weightedAverageShsOut": 296785714,
    "weightedAverageShsOutDil": 307777778,
    "link": "",
    "finalLink": ""
  },
  {
    "date": "1986-12-31",
    "symbol": "STT",
    "reportedCurrency": "USD",
    "cik": "0000093751",
    "fillingDate": "1986-12-31",
    "acceptedDate": "1986-12-30 19:00:00",
    "calendarYear": "1986",
    "period": "FY",
    "revenue": 0,
    "costOfRevenue": 0,
    "grossProfit": 0,
    "grossProfitRatio": 0,
    "researchAndDevelopmentExpenses": 0,
    "generalAndAdministrativeExpenses": 0,
    "sellingAndMarketingExpenses": 0,
    "sellingGeneralAndAdministrativeExpenses": 0,
    "otherExpenses": 71400000,
    "operatingExpenses": 71400000,
    "costAndExpenses": 71400000,
    "interestIncome": 0,
    "interestExpense": 0,
    "depreciationAndAmortization": 0,
    "ebitda": 71400000,
    "ebitdaratio": 0,
    "operatingIncome": 71400000,
    "operatingIncomeRatio": 0,
    "totalOtherIncomeExpensesNet": 0,
    "incomeBeforeTax": 0,
    "incomeBeforeTaxRatio": 0,
    "incomeTaxExpense": -71400000,
    "netIncome": 71400000,
    "netIncomeRatio": 0,
    "eps": 0.25,
    "epsdiluted": 0.23,
    "weightedAverageShsOut": 285600000,
    "weightedAverageShsOutDil": 310434783,
    "link": "",
    "finalLink": ""
  },
  {
    "date": "1985-12-31",
    "symbol": "STT",
    "reportedCurrency": "USD",
    "cik": "0000093751",
    "fillingDate": "1985-12-31",
    "acceptedDate": "1985-12-30 19:00:00",
    "calendarYear": "1985",
    "period": "FY",
    "revenue": 0,
    "costOfRevenue": 0,
    "grossProfit": 0,
    "grossProfitRatio": 0,
    "researchAndDevelopmentExpenses": 0,
    "generalAndAdministrativeExpenses": 0,
    "sellingAndMarketingExpenses": 0,
    "sellingGeneralAndAdministrativeExpenses": 0,
    "otherExpenses": 55300000,
    "operatingExpenses": 55300000,
    "costAndExpenses": 55300000,
    "interestIncome": 0,
    "interestExpense": 0,
    "depreciationAndAmortization": 0,
    "ebitda": 55300000,
    "ebitdaratio": 0,
    "operatingIncome": 55300000,
    "operatingIncomeRatio": 0,
    "totalOtherIncomeExpensesNet": 0,
    "incomeBeforeTax": 0,
    "incomeBeforeTaxRatio": 0,
    "incomeTaxExpense": -55300000,
    "netIncome": 55300000,
    "netIncomeRatio": 0,
    "eps": 0.2,
    "epsdiluted": 0.18,
    "weightedAverageShsOut": 276500000,
    "weightedAverageShsOutDil": 298918919,
    "link": "",
    "finalLink": ""
  }
]