[
  {
    "date": "2025-06-27",
    "symbol": "STX",
    "reportedCurrency": "USD",
    "cik": "0001137789",
    "fillingDate": "2025-08-01",
    "acceptedDate": "2025-08-01 16:14:38",
    "calendarYear": "2025",
    "period": "Q4",
    "revenue": 2444000000,
    "costOfRevenue": 1530000000,
    "grossProfit": 914000000,
    "grossProfitRatio": 0.3739770867,
    "researchAndDevelopmentExpenses": 179000000,
    "generalAndAdministrativeExpenses": 0,
    "sellingAndMarketingExpenses": 0,
    "sellingGeneralAndAdministrativeExpenses": 154000000,
    "otherExpenses": 13000000,
    "operatingExpenses": 346000000,
    "costAndExpenses": 1876000000,
    "interestIncome": 6000000,
    "interestExpense": 75000000,
    "depreciationAndAmortization": 61000000,
    "ebitda": 628000000,
    "ebitdaratio": 0.2569558101,
    "operatingIncome": 568000000,
    "operatingIncomeRatio": 0.232405892,
    "totalOtherIncomeExpensesNet": -76000000,
    "incomeBeforeTax": 492000000,
    "incomeBeforeTaxRatio": 0.201309329,
    "incomeTaxExpense": 4000000,
    "netIncome": 488000000,
    "netIncomeRatio": 0.1996726678,
    "eps": 2.3,
    "epsdiluted": 2.24,
    "weightedAverageShsOut": 212000000,
    "weightedAverageShsOutDil": 218000000,
    "link": "https://www.sec.gov/Archives/edgar/data/1137789/000113778925000157/0001137789-25-000157-index.htm",
    "finalLink": "https://www.sec.gov/Archives/edgar/data/1137789/000113778925000157/stx-20250627.htm"
  },
  {
    "date": "2025-03-28",
    "symbol": "STX",
    "reportedCurrency": "USD",
    "cik": "0001137789",
    "fillingDate": "2025-05-02",
    "acceptedDate": "2025-05-02 16:09:12",
    "calendarYear": "2025",
    "period": "Q3",
    "revenue": 2160000000,
    "costOfRevenue": 1400000000,
    "grossProfit": 760000000,
    "grossProfitRatio": 0.3518518519,
    "researchAndDevelopmentExpenses": 180000000,
    "generalAndAdministrativeExpenses": 0,
    "sellingAndMarketingExpenses": 0,
    "sellingGeneralAndAdministrativeExpenses": 139000000,
    "otherExpenses": 10000000,
    "operatingExpenses": 329000000,
    "costAndExpenses": 1729000000,
    "interestIncome": 4000000,
    "interestExpense": 77000000,
    "depreciationAndAmortization": 63000000,
    "ebitda": 495000000,
    "ebitdaratio": 0.2291666667,
    "operatingIncome": 431000000,
    "operatingIncomeRatio": 0.199537037,
    "totalOtherIncomeExpensesNet": -76000000,
    "incomeBeforeTax": 355000000,
    "incomeBeforeTaxRatio": 0.1643518519,
    "incomeTaxExpense": 15000000,
    "netIncome": 340000000,
    "netIncomeRatio": 0.1574074074,
    "eps": 1.6,
    "epsdiluted": 1.57,
    "weightedAverageShsOut": 212000000,
    "weightedAverageShsOutDil": 216000000,
    "link": "https://www.sec.gov/Archives/edgar/data/1137789/000113778925000075/0001137789-25-000075-index.htm",
    "finalLink": "https://www.sec.gov/Archives/edgar/data/1137789/000113778925000075/stx-20250328.htm"
  },
  {
    "date": "2024-12-27",
    "symbol": "STX",
    "reportedCurrency": "USD",
    "cik": "0001137789",
    "fillingDate": "2025-01-24",
    "acceptedDate": "2025-01-24 16:11:19",
    "calendarYear": "2025",
    "period": "Q2",
    "revenue": 2325000000,
    "costOfRevenue": 1513000000,
    "grossProfit": 812000000,
    "grossProfitRatio": 0.3492473118,
    "researchAndDevelopmentExpenses": 184000000,
    "generalAndAdministrativeExpenses": 0,
    "sellingAndMarketingExpenses": 0,
    "sellingGeneralAndAdministrativeExpenses": 139000000,
    "otherExpenses": 1000000,
    "operatingExpenses": 324000000,
    "costAndExpenses": 1837000000,
    "interestIncome": 8000000,
    "interestExpense": 84000000,
    "depreciationAndAmortization": 63000000,
    "ebitda": 497000000,
    "ebitdaratio": 0.2137634409,
    "operatingIncome": 488000000,
    "operatingIncomeRatio": 0.2098924731,
    "totalOtherIncomeExpensesNet": -138000000,
    "incomeBeforeTax": 350000000,
    "incomeBeforeTaxRatio": 0.1505376344,
    "incomeTaxExpense": 14000000,
    "netIncome": 336000000,
    "netIncomeRatio": 0.144516129,
    "eps": 1.58,
    "epsdiluted": 1.55,
    "weightedAverageShsOut": 212000000,
    "weightedAverageShsOutDil": 217000000,
    "link": "https://www.sec.gov/Archives/edgar/data/1137789/000113778925000020/0001137789-25-000020-index.htm",
    "finalLink": "https://www.sec.gov/Archives/edgar/data/1137789/000113778925000020/stx-20241227.htm"
  },
  {
    "date": "2024-09-27",
    "symbol": "STX",
    "reportedCurrency": "USD",
    "cik": "0001137789",
    "fillingDate": "2024-10-25",
    "acceptedDate": "2024-10-25 16:17:27",
    "calendarYear": "2025",
    "period": "Q1",
    "revenue": 2168000000,
    "costOfRevenue": 1454000000,
    "grossProfit": 714000000,
    "grossProfitRatio": 0.3293357934,
    "researchAndDevelopmentExpenses": 181000000,
    "generalAndAdministrativeExpenses": 0,
    "sellingAndMarketingExpenses": 0,
    "sellingGeneralAndAdministrativeExpenses": 129000000,
    "otherExpenses": 1000000,
    "operatingExpenses": 311000000,
    "costAndExpenses": 1765000000,
    "interestIncome": 7000000,
    "interestExpense": 85000000,
    "depreciationAndAmortization": 64000000,
    "ebitda": 465000000,
    "ebitdaratio": 0.2144833948,
    "operatingIncome": 403000000,
    "operatingIncomeRatio": 0.1858856089,
    "totalOtherIncomeExpensesNet": -87000000,
    "incomeBeforeTax": 316000000,
    "incomeBeforeTaxRatio": 0.1457564576,
    "incomeTaxExpense": 11000000,
    "netIncome": 305000000,
    "netIncomeRatio": 0.1406826568,
    "eps": 1.45,
    "epsdiluted": 1.41,
    "weightedAverageShsOut": 211000000,
    "weightedAverageShsOutDil": 216000000,
    "link": "https://www.sec.gov/Archives/edgar/data/1137789/000113778924000182/0001137789-24-000182-index.htm",
    "finalLink": "https://www.sec.gov/Archives/edgar/data/1137789/000113778924000182/stx-20240927.htm"
  },
  {
    "date": "2024-06-28",
    "symbol": "STX",
    "reportedCurrency": "USD",
    "cik": "0001137789",
    "fillingDate": "2024-08-02",
    "acceptedDate": "2024-08-02 16:20:12",
    "calendarYear": "2024",
    "period": "Q4",
    "revenue": 1887000000,
    "costOfRevenue": 1287000000,
    "grossProfit": 600000000,
    "grossProfitRatio": 0.3179650238,
    "researchAndDevelopmentExpenses": 158000000,
    "generalAndAdministrativeExpenses": 113000000,
    "sellingAndMarketingExpenses": 18000000,
    "sellingGeneralAndAdministrativeExpenses": 131000000,
    "otherExpenses": -3000000,
    "operatingExpenses": 286000000,
    "costAndExpenses": 1573000000,
    "interestIncome": 7000000,
    "interestExpense": 82000000,
    "depreciationAndAmortization": 63000000,
    "ebitda": 683000000,
    "ebitdaratio": 0.3619501855,
    "operatingIncome": 314000000,
    "operatingIncomeRatio": 0.1664016958,
    "totalOtherIncomeExpensesNet": 224000000,
    "incomeBeforeTax": 538000000,
    "incomeBeforeTaxRatio": 0.285108638,
    "incomeTaxExpense": 25000000,
    "netIncome": 513000000,
    "netIncomeRatio": 0.2718600954,
    "eps": 2.44,
    "epsdiluted": 2.39,
    "weightedAverageShsOut": 210000000,
    "weightedAverageShsOutDil": 215000000,
    "link": "https://www.sec.gov/Archives/edgar/data/1137789/000113778924000068/0001137789-24-000068-index.htm",
    "finalLink": "https://www.sec.gov/Archives/edgar/data/1137789/000113778924000068/stx-20240628.htm"
  },
  {
    "date": "2024-03-29",
    "symbol": "STX",
    "reportedCurrency": "USD",
    "cik": "0001137789",
    "fillingDate": "2024-04-26",
    "acceptedDate": "2024-04-26 16:20:10",
    "calendarYear": "2024",
    "period": "Q3",
    "revenue": 1655000000,
    "costOfRevenue": 1230000000,
    "grossProfit": 425000000,
    "grossProfitRatio": 0.2567975831,
    "researchAndDevelopmentExpenses": 164000000,
    "generalAndAdministrativeExpenses": 0,
    "sellingAndMarketingExpenses": 0,
    "sellingGeneralAndAdministrativeExpenses": 116000000,
    "otherExpenses": 2000000,
    "operatingExpenses": 282000000,
    "costAndExpenses": 1512000000,
    "interestIncome": 3000000,
    "interestExpense": 82000000,
    "depreciationAndAmortization": 63000000,
    "ebitda": 203000000,
    "ebitdaratio": 0.1226586103,
    "operatingIncome": 143000000,
    "operatingIncomeRatio": 0.0864048338,
    "totalOtherIncomeExpensesNet": -85000000,
    "incomeBeforeTax": 58000000,
    "incomeBeforeTaxRatio": 0.0350453172,
    "incomeTaxExpense": 33000000,
    "netIncome": 25000000,
    "netIncomeRatio": 0.0151057402,
    "eps": 0.12,
    "epsdiluted": 0.12,
    "weightedAverageShsOut": 210000000,
    "weightedAverageShsOutDil": 213000000,
    "link": "https://www.sec.gov/Archives/edgar/data/1137789/000113778924000034/0001137789-24-000034-index.htm",
    "finalLink": "https://www.sec.gov/Archives/edgar/data/1137789/000113778924000034/stx-20240329.htm"
  },
  {
    "date": "2023-12-29",
    "symbol": "STX",
    "reportedCurrency": "USD",
    "cik": "0001137789",
    "fillingDate": "2024-01-26",
    "acceptedDate": "2024-01-26 16:09:01",
    "calendarYear": "2024",
    "period": "Q2",
    "revenue": 1555000000,
    "costOfRevenue": 1193000000,
    "grossProfit": 362000000,
    "grossProfitRatio": 0.2327974277,
    "researchAndDevelopmentExpenses": 161000000,
    "generalAndAdministrativeExpenses": 0,
    "sellingAndMarketingExpenses": 0,
    "sellingGeneralAndAdministrativeExpenses": 108000000,
    "otherExpenses": -31000000,
    "operatingExpenses": 238000000,
    "costAndExpenses": 1431000000,
    "interestIncome": 3000000,
    "interestExpense": 84000000,
    "depreciationAndAmortization": 62000000,
    "ebitda": 156000000,
    "ebitdaratio": 0.1003215434,
    "operatingIncome": 124000000,
    "operatingIncomeRatio": 0.0797427653,
    "totalOtherIncomeExpensesNet": -128000000,
    "incomeBeforeTax": -4000000,
    "incomeBeforeTaxRatio": -0.0025723473,
    "incomeTaxExpense": 15000000,
    "netIncome": -19000000,
    "netIncomeRatio": -0.0122186495,
    "eps": -0.0909,
    "epsdiluted": -0.0909,
    "weightedAverageShsOut": 209000000,
    "weightedAverageShsOutDil": 209000000,
    "link": "https://www.sec.gov/Archives/edgar/data/1137789/000113778924000010/0001137789-24-000010-index.htm",
    "finalLink": "https://www.sec.gov/Archives/edgar/data/1137789/000113778924000010/stx-20231229.htm"
  },
  {
    "date": "2023-09-29",
    "symbol": "STX",
    "reportedCurrency": "USD",
    "cik": "0001137789",
    "fillingDate": "2023-10-27",
    "acceptedDate": "2023-10-27 16:07:26",
    "calendarYear": "2024",
    "period": "Q1",
    "revenue": 1454000000,
    "costOfRevenue": 1305000000,
    "grossProfit": 149000000,
    "grossProfitRatio": 0.1024759285,
    "researchAndDevelopmentExpenses": 171000000,
    "generalAndAdministrativeExpenses": 0,
    "sellingAndMarketingExpenses": 0,
    "sellingGeneralAndAdministrativeExpenses": 105000000,
    "otherExpenses": 2000000,
    "operatingExpenses": 278000000,
    "costAndExpenses": 1583000000,
    "interestIncome": 2000000,
    "interestExpense": 84000000,
    "depreciationAndAmortization": 76000000,
    "ebitda": 13000000,
    "ebitdaratio": 0.0089408528,
    "operatingIncome": -129000000,
    "operatingIncomeRatio": -0.0887207703,
    "totalOtherIncomeExpensesNet": -18000000,
    "incomeBeforeTax": -147000000,
    "incomeBeforeTaxRatio": -0.1011004127,
    "incomeTaxExpense": 37000000,
    "netIncome": -184000000,
    "netIncomeRatio": -0.1265474553,
    "eps": -0.88,
    "epsdiluted": -0.88,
    "weightedAverageShsOut": 208000000,
    "weightedAverageShsOutDil": 208000000,
    "link": "https://www.sec.gov/Archives/edgar/data/1137789/000113778923000128/0001137789-23-000128-index.htm",
    "finalLink": "https://www.sec.gov/Archives/edgar/data/1137789/000113778923000128/stx-20230929.htm"
  },
  {
    "date": "2023-06-30",
    "symbol": "STX",
    "reportedCurrency": "USD",
    "cik": "0001137789",
    "fillingDate": "2023-08-04",
    "acceptedDate": "2023-08-04 16:27:43",
    "calendarYear": "2023",
    "period": "Q4",
    "revenue": 1602000000,
    "costOfRevenue": 1231000000,
    "grossProfit": 371000000,
    "grossProfitRatio": 0.2315855181,
    "researchAndDevelopmentExpenses": 172000000,
    "generalAndAdministrativeExpenses": 239000000,
    "sellingAndMarketingExpenses": -125000000,
    "sellingGeneralAndAdministrativeExpenses": 114000000,
    "otherExpenses": 59000000,
    "operatingExpenses": 345000000,
    "costAndExpenses": 1576000000,
    "interestIncome": 6000000,
    "interestExpense": 84000000,
    "depreciationAndAmortization": 104000000,
    "ebitda": 103000000,
    "ebitdaratio": 0.0642946317,
    "operatingIncome": 26000000,
    "operatingIncomeRatio": 0.0162297129,
    "totalOtherIncomeExpensesNet": -111000000,
    "incomeBeforeTax": -85000000,
    "incomeBeforeTaxRatio": -0.0530586767,
    "incomeTaxExpense": 7000000,
    "netIncome": -92000000,
    "netIncomeRatio": -0.0574282147,
    "eps": -0.44,
    "epsdiluted": -0.44,
    "weightedAverageShsOut": 207000000,
    "weightedAverageShsOutDil": 207000000,
    "link": "https://www.sec.gov/Archives/edgar/data/1137789/000113778923000049/0001137789-23-000049-index.htm",
    "finalLink": "https://www.sec.gov/Archives/edgar/data/1137789/000113778923000049/stx-20230630.htm"
  },
  {
    "date": "2023-03-31",
    "symbol": "STX",
    "reportedCurrency": "USD",
    "cik": "0001137789",
    "fillingDate": "2023-04-26",
    "acceptedDate": "2023-04-26 16:15:09",
    "calendarYear": "2023",
    "period": "Q3",
    "revenue": 1860000000,
    "costOfRevenue": 1541000000,
    "grossProfit": 319000000,
    "grossProfitRatio": 0.1715053763,
    "researchAndDevelopmentExpenses": 191000000,
    "generalAndAdministrativeExpenses": 0,
    "sellingAndMarketingExpenses": 0,
    "sellingGeneralAndAdministrativeExpenses": 123000000,
    "otherExpenses": 320000000,
    "operatingExpenses": 634000000,
    "costAndExpenses": 2175000000,
    "interestIncome": 2000000,
    "interestExpense": 81000000,
    "depreciationAndAmortization": 126000000,
    "ebitda": -193000000,
    "ebitdaratio": -0.1037634409,
    "operatingIncome": -315000000,
    "operatingIncomeRatio": -0.1693548387,
    "totalOtherIncomeExpensesNet": -85000000,
    "incomeBeforeTax": -400000000,
    "incomeBeforeTaxRatio": -0.2150537634,
    "incomeTaxExpense": 33000000,
    "netIncome": -433000000,
    "netIncomeRatio": -0.2327956989,
    "eps": -2.09,
    "epsdiluted": -2.09,
    "weightedAverageShsOut": 207000000,
    "weightedAverageShsOutDil": 207000000,
    "link": "https://www.sec.gov/Archives/edgar/data/1137789/000113778923000029/0001137789-23-000029-index.htm",
    "finalLink": "https://www.sec.gov/Archives/edgar/data/1137789/000113778923000029/stx-20230331.htm"
  },
  {
    "date": "2022-12-30",
    "symbol": "STX",
    "reportedCurrency": "USD",
    "cik": "0001137789",
    "fillingDate": "2023-01-25",
    "acceptedDate": "2023-01-25 17:01:21",
    "calendarYear": "2023",
    "period": "Q2",
    "revenue": 1887000000,
    "costOfRevenue": 1641000000,
    "grossProfit": 246000000,
    "grossProfitRatio": 0.1303656598,
    "researchAndDevelopmentExpenses": 200000000,
    "generalAndAdministrativeExpenses": 0,
    "sellingAndMarketingExpenses": 125000000,
    "sellingGeneralAndAdministrativeExpenses": 125000000,
    "otherExpenses": 81000000,
    "operatingExpenses": 406000000,
    "costAndExpenses": 2047000000,
    "interestIncome": 1000000,
    "interestExpense": 77000000,
    "depreciationAndAmortization": 148000000,
    "ebitda": 187000000,
    "ebitdaratio": 0.0990990991,
    "operatingIncome": -160000000,
    "operatingIncomeRatio": -0.084790673,
    "totalOtherIncomeExpensesNet": 122000000,
    "incomeBeforeTax": -38000000,
    "incomeBeforeTaxRatio": -0.0201377848,
    "incomeTaxExpense": -5000000,
    "netIncome": -33000000,
    "netIncomeRatio": -0.0174880763,
    "eps": -0.16,
    "epsdiluted": -0.16,
    "weightedAverageShsOut": 206000000,
    "weightedAverageShsOutDil": 206000000,
    "link": "https://www.sec.gov/Archives/edgar/data/1137789/000113778923000010/0001137789-23-000010-index.htm",
    "finalLink": "https://www.sec.gov/Archives/edgar/data/1137789/000113778923000010/stx-20221230.htm"
  },
  {
    "date": "2022-09-30",
    "symbol": "STX",
    "reportedCurrency": "USD",
    "cik": "0001137789",
    "fillingDate": "2022-10-27",
    "acceptedDate": "2022-10-27 16:14:18",
    "calendarYear": "2023",
    "period": "Q1",
    "revenue": 2035000000,
    "costOfRevenue": 1553000000,
    "grossProfit": 482000000,
    "grossProfitRatio": 0.2368550369,
    "researchAndDevelopmentExpenses": 234000000,
    "generalAndAdministrativeExpenses": 0,
    "sellingAndMarketingExpenses": 0,
    "sellingGeneralAndAdministrativeExpenses": 129000000,
    "otherExpenses": 12000000,
    "operatingExpenses": 375000000,
    "costAndExpenses": 1928000000,
    "interestIncome": 1000000,
    "interestExpense": 71000000,
    "depreciationAndAmortization": 135000000,
    "ebitda": 233000000,
    "ebitdaratio": 0.1144963145,
    "operatingIncome": 107000000,
    "operatingIncomeRatio": 0.0525798526,
    "totalOtherIncomeExpensesNet": -80000000,
    "incomeBeforeTax": 27000000,
    "incomeBeforeTaxRatio": 0.0132678133,
    "incomeTaxExpense": -2000000,
    "netIncome": 29000000,
    "netIncomeRatio": 0.0142506143,
    "eps": 0.14,
    "epsdiluted": 0.14,
    "weightedAverageShsOut": 208000000,
    "weightedAverageShsOutDil": 210000000,
    "link": "https://www.sec.gov/Archives/edgar/data/1137789/000113778922000123/0001137789-22-000123-index.htm",
    "finalLink": "https://www.sec.gov/Archives/edgar/data/1137789/000113778922000123/stx-20220930.htm"
  },
  {
    "date": "2022-07-01",
    "symbol": "STX",
    "reportedCurrency": "USD",
    "cik": "0001137789",
    "fillingDate": "2022-08-05",
    "acceptedDate": "2022-08-05 16:12:00",
    "calendarYear": "2022",
    "period": "Q4",
    "revenue": 2628000000,
    "costOfRevenue": 1869000000,
    "grossProfit": 759000000,
    "grossProfitRatio": 0.2888127854,
    "researchAndDevelopmentExpenses": 247000000,
    "generalAndAdministrativeExpenses": 0,
    "sellingAndMarketingExpenses": 0,
    "sellingGeneralAndAdministrativeExpenses": 149000000,
    "otherExpenses": 3000000,
    "operatingExpenses": 398000000,
    "costAndExpenses": 2267000000,
    "interestIncome": 1000000,
    "interestExpense": 65000000,
    "depreciationAndAmortization": 127000000,
    "ebitda": 471000000,
    "ebitdaratio": 0.1792237443,
    "operatingIncome": 360000000,
    "operatingIncomeRatio": 0.1369863014,
    "totalOtherIncomeExpensesNet": -79000000,
    "incomeBeforeTax": 281000000,
    "incomeBeforeTaxRatio": 0.1069254186,
    "incomeTaxExpense": 5000000,
    "netIncome": 276000000,
    "netIncomeRatio": 0.1050228311,
    "eps": 1.3,
    "epsdiluted": 1.27,
    "weightedAverageShsOut": 213000000,
    "weightedAverageShsOutDil": 217000000,
    "link": "https://www.sec.gov/Archives/edgar/data/1137789/000113778922000055/0001137789-22-000055-index.htm",
    "finalLink": "https://www.sec.gov/Archives/edgar/data/1137789/000113778922000055/stx-20220701.htm"
  },
  {
    "date": "2022-04-01",
    "symbol": "STX",
    "reportedCurrency": "USD",
    "cik": "0001137789",
    "fillingDate": "2022-04-28",
    "acceptedDate": "2022-04-28 16:40:12",
    "calendarYear": "2022",
    "period": "Q3",
    "revenue": 2802000000,
    "costOfRevenue": 1996000000,
    "grossProfit": 806000000,
    "grossProfitRatio": 0.2876516774,
    "researchAndDevelopmentExpenses": 233000000,
    "generalAndAdministrativeExpenses": 0,
    "sellingAndMarketingExpenses": 0,
    "sellingGeneralAndAdministrativeExpenses": 141000000,
    "otherExpenses": 3000000,
    "operatingExpenses": 377000000,
    "costAndExpenses": 2373000000,
    "interestIncome": 0,
    "interestExpense": 63000000,
    "depreciationAndAmortization": 112000000,
    "ebitda": 526000000,
    "ebitdaratio": 0.187723055,
    "operatingIncome": 429000000,
    "operatingIncomeRatio": 0.1531049251,
    "totalOtherIncomeExpensesNet": -78000000,
    "incomeBeforeTax": 351000000,
    "incomeBeforeTaxRatio": 0.125267666,
    "incomeTaxExpense": 5000000,
    "netIncome": 346000000,
    "netIncomeRatio": 0.1234832263,
    "eps": 1.59,
    "epsdiluted": 1.56,
    "weightedAverageShsOut": 218000000,
    "weightedAverageShsOutDil": 222000000,
    "link": "https://www.sec.gov/Archives/edgar/data/1137789/000113778922000031/0001137789-22-000031-index.htm",
    "finalLink": "https://www.sec.gov/Archives/edgar/data/1137789/000113778922000031/stx-20220401.htm"
  },
  {
    "date": "2021-12-31",
    "symbol": "STX",
    "reportedCurrency": "USD",
    "cik": "0001137789",
    "fillingDate": "2022-01-27",
    "acceptedDate": "2022-01-27 16:13:39",
    "calendarYear": "2022",
    "period": "Q2",
    "revenue": 3116000000,
    "costOfRevenue": 2168000000,
    "grossProfit": 948000000,
    "grossProfitRatio": 0.3042362003,
    "researchAndDevelopmentExpenses": 228000000,
    "generalAndAdministrativeExpenses": 0,
    "sellingAndMarketingExpenses": 0,
    "sellingGeneralAndAdministrativeExpenses": 136000000,
    "otherExpenses": 4000000,
    "operatingExpenses": 368000000,
    "costAndExpenses": 2536000000,
    "interestIncome": 1000000,
    "interestExpense": 62000000,
    "depreciationAndAmortization": 108000000,
    "ebitda": 681000000,
    "ebitdaratio": 0.2185494223,
    "operatingIncome": 580000000,
    "operatingIncomeRatio": 0.1861360719,
    "totalOtherIncomeExpensesNet": -66000000,
    "incomeBeforeTax": 514000000,
    "incomeBeforeTaxRatio": 0.1649550706,
    "incomeTaxExpense": 13000000,
    "netIncome": 501000000,
    "netIncomeRatio": 0.1607830552,
    "eps": 2.27,
    "epsdiluted": 2.23,
    "weightedAverageShsOut": 221000000,
    "weightedAverageShsOutDil": 225000000,
    "link": "https://www.sec.gov/Archives/edgar/data/1137789/000113778922000014/0001137789-22-000014-index.htm",
    "finalLink": "https://www.sec.gov/Archives/edgar/data/1137789/000113778922000014/stx-20211231.htm"
  },
  {
    "date": "2021-10-01",
    "symbol": "STX",
    "reportedCurrency": "USD",
    "cik": "0001137789",
    "fillingDate": "2021-10-28",
    "acceptedDate": "2021-10-28 16:08:53",
    "calendarYear": "2022",
    "period": "Q1",
    "revenue": 3115000000,
    "costOfRevenue": 2159000000,
    "grossProfit": 956000000,
    "grossProfitRatio": 0.3069020867,
    "researchAndDevelopmentExpenses": 233000000,
    "generalAndAdministrativeExpenses": 0,
    "sellingAndMarketingExpenses": 0,
    "sellingGeneralAndAdministrativeExpenses": 133000000,
    "otherExpenses": 4000000,
    "operatingExpenses": 370000000,
    "costAndExpenses": 2529000000,
    "interestIncome": 0,
    "interestExpense": 59000000,
    "depreciationAndAmortization": 104000000,
    "ebitda": 696000000,
    "ebitdaratio": 0.223434992,
    "operatingIncome": 586000000,
    "operatingIncomeRatio": 0.1881219904,
    "totalOtherIncomeExpensesNet": -53000000,
    "incomeBeforeTax": 533000000,
    "incomeBeforeTaxRatio": 0.1711075441,
    "incomeTaxExpense": 7000000,
    "netIncome": 526000000,
    "netIncomeRatio": 0.1688603531,
    "eps": 2.33,
    "epsdiluted": 2.28,
    "weightedAverageShsOut": 226000000,
    "weightedAverageShsOutDil": 231000000,
    "link": "https://www.sec.gov/Archives/edgar/data/1137789/000113778921000128/0001137789-21-000128-index.htm",
    "finalLink": "https://www.sec.gov/Archives/edgar/data/1137789/000113778921000128/stx-20211001.htm"
  },
  {
    "date": "2021-07-02",
    "symbol": "STX",
    "reportedCurrency": "USD",
    "cik": "0001137789",
    "fillingDate": "2021-08-06",
    "acceptedDate": "2021-08-06 16:10:28",
    "calendarYear": "2021",
    "period": "Q4",
    "revenue": 3013000000,
    "costOfRevenue": 2128000000,
    "grossProfit": 885000000,
    "grossProfitRatio": 0.2937271822,
    "researchAndDevelopmentExpenses": 232000000,
    "generalAndAdministrativeExpenses": 0,
    "sellingAndMarketingExpenses": 0,
    "sellingGeneralAndAdministrativeExpenses": 136000000,
    "otherExpenses": 10000000,
    "operatingExpenses": 378000000,
    "costAndExpenses": 2506000000,
    "interestIncome": 0,
    "interestExpense": 59000000,
    "depreciationAndAmortization": 103000000,
    "ebitda": 659000000,
    "ebitdaratio": 0.2187188848,
    "operatingIncome": 507000000,
    "operatingIncomeRatio": 0.1682708264,
    "totalOtherIncomeExpensesNet": -10000000,
    "incomeBeforeTax": 497000000,
    "incomeBeforeTaxRatio": 0.1649518752,
    "incomeTaxExpense": 15000000,
    "netIncome": 482000000,
    "netIncomeRatio": 0.1599734484,
    "eps": 2.11,
    "epsdiluted": 2.07,
    "weightedAverageShsOut": 228000000,
    "weightedAverageShsOutDil": 233000000,
    "link": "https://www.sec.gov/Archives/edgar/data/1137789/000113778921000049/0001137789-21-000049-index.htm",
    "finalLink": "https://www.sec.gov/Archives/edgar/data/1137789/000113778921000049/stx-20210702.htm"
  },
  {
    "date": "2021-04-02",
    "symbol": "STX",
    "reportedCurrency": "USD",
    "cik": "0001137789",
    "fillingDate": "2021-04-29",
    "acceptedDate": "2021-04-29 16:04:19",
    "calendarYear": "2021",
    "period": "Q3",
    "revenue": 2731000000,
    "costOfRevenue": 1991000000,
    "grossProfit": 740000000,
    "grossProfitRatio": 0.2709630172,
    "researchAndDevelopmentExpenses": 227000000,
    "generalAndAdministrativeExpenses": 0,
    "sellingAndMarketingExpenses": 0,
    "sellingGeneralAndAdministrativeExpenses": 126000000,
    "otherExpenses": 1000000,
    "operatingExpenses": 354000000,
    "costAndExpenses": 2345000000,
    "interestIncome": 1000000,
    "interestExpense": 59000000,
    "depreciationAndAmortization": 99000000,
    "ebitda": 496000000,
    "ebitdaratio": 0.1816184548,
    "operatingIncome": 386000000,
    "operatingIncomeRatio": 0.1413401684,
    "totalOtherIncomeExpensesNet": -47000000,
    "incomeBeforeTax": 339000000,
    "incomeBeforeTaxRatio": 0.1241303552,
    "incomeTaxExpense": 10000000,
    "netIncome": 329000000,
    "netIncomeRatio": 0.1204686928,
    "eps": 1.41,
    "epsdiluted": 1.39,
    "weightedAverageShsOut": 233000000,
    "weightedAverageShsOutDil": 237000000,
    "link": "https://www.sec.gov/Archives/edgar/data/1137789/000113778921000028/0001137789-21-000028-index.htm",
    "finalLink": "https://www.sec.gov/Archives/edgar/data/1137789/000113778921000028/stx-20210402.htm"
  },
  {
    "date": "2021-01-01",
    "symbol": "STX",
    "reportedCurrency": "USD",
    "cik": "0001137789",
    "fillingDate": "2021-01-28",
    "acceptedDate": "2021-01-28 16:39:25",
    "calendarYear": "2021",
    "period": "Q2",
    "revenue": 2623000000,
    "costOfRevenue": 1927000000,
    "grossProfit": 696000000,
    "grossProfitRatio": 0.2653450248,
    "researchAndDevelopmentExpenses": 221000000,
    "generalAndAdministrativeExpenses": 0,
    "sellingAndMarketingExpenses": 0,
    "sellingGeneralAndAdministrativeExpenses": 122000000,
    "otherExpenses": 5000000,
    "operatingExpenses": 348000000,
    "costAndExpenses": 2275000000,
    "interestIncome": 0,
    "interestExpense": 52000000,
    "depreciationAndAmortization": 96000000,
    "ebitda": 439000000,
    "ebitdaratio": 0.1673656119,
    "operatingIncome": 348000000,
    "operatingIncomeRatio": 0.1326725124,
    "totalOtherIncomeExpensesNet": -57000000,
    "incomeBeforeTax": 291000000,
    "incomeBeforeTaxRatio": 0.1109416698,
    "incomeTaxExpense": 11000000,
    "netIncome": 280000000,
    "netIncomeRatio": 0.1067479985,
    "eps": 1.12,
    "epsdiluted": 1.12,
    "weightedAverageShsOut": 249000000,
    "weightedAverageShsOutDil": 251000000,
    "link": "https://www.sec.gov/Archives/edgar/data/1137789/000113778921000006/0001137789-21-000006-index.htm",
    "finalLink": "https://www.sec.gov/Archives/edgar/data/1137789/000113778921000006/stx-20210101.htm"
  },
  {
    "date": "2020-10-02",
    "symbol": "STX",
    "reportedCurrency": "USD",
    "cik": "0001137789",
    "fillingDate": "2020-10-29",
    "acceptedDate": "2020-10-29 16:06:13",
    "calendarYear": "2021",
    "period": "Q1",
    "revenue": 2314000000,
    "costOfRevenue": 1718000000,
    "grossProfit": 596000000,
    "grossProfitRatio": 0.2575626621,
    "researchAndDevelopmentExpenses": 223000000,
    "generalAndAdministrativeExpenses": 0,
    "sellingAndMarketingExpenses": 0,
    "sellingGeneralAndAdministrativeExpenses": 118000000,
    "otherExpenses": 4000000,
    "operatingExpenses": 345000000,
    "costAndExpenses": 2063000000,
    "interestIncome": 1000000,
    "interestExpense": 50000000,
    "depreciationAndAmortization": 99000000,
    "ebitda": 370000000,
    "ebitdaratio": 0.1598962835,
    "operatingIncome": 251000000,
    "operatingIncomeRatio": 0.1084701815,
    "totalOtherIncomeExpensesNet": -30000000,
    "incomeBeforeTax": 221000000,
    "incomeBeforeTaxRatio": 0.095505618,
    "incomeTaxExpense": -2000000,
    "netIncome": 223000000,
    "netIncomeRatio": 0.0963699222,
    "eps": 0.87,
    "epsdiluted": 0.86,
    "weightedAverageShsOut": 257000000,
    "weightedAverageShsOutDil": 259000000,
    "link": "https://www.sec.gov/Archives/edgar/data/1137789/000113778920000117/0001137789-20-000117-index.htm",
    "finalLink": "https://www.sec.gov/Archives/edgar/data/1137789/000113778920000117/stx-20201002.htm"
  },
  {
    "date": "2020-07-03",
    "symbol": "STX",
    "reportedCurrency": "USD",
    "cik": "0001137789",
    "fillingDate": "2020-08-07",
    "acceptedDate": "2020-08-07 17:39:50",
    "calendarYear": "2020",
    "period": "Q4",
    "revenue": 2517000000,
    "costOfRevenue": 1850000000,
    "grossProfit": 667000000,
    "grossProfitRatio": 0.2649980135,
    "researchAndDevelopmentExpenses": 222000000,
    "generalAndAdministrativeExpenses": 0,
    "sellingAndMarketingExpenses": 0,
    "sellingGeneralAndAdministrativeExpenses": 112000000,
    "otherExpenses": 66000000,
    "operatingExpenses": 400000000,
    "costAndExpenses": 2250000000,
    "interestIncome": 1000000,
    "interestExpense": 49000000,
    "depreciationAndAmortization": 100000000,
    "ebitda": 309000000,
    "ebitdaratio": 0.1227651967,
    "operatingIncome": 267000000,
    "operatingIncomeRatio": 0.1060786651,
    "totalOtherIncomeExpensesNet": -107000000,
    "incomeBeforeTax": 160000000,
    "incomeBeforeTaxRatio": 0.0635677394,
    "incomeTaxExpense": -6000000,
    "netIncome": 166000000,
    "netIncomeRatio": 0.0659515296,
    "eps": 0.65,
    "epsdiluted": 0.64,
    "weightedAverageShsOut": 257000000,
    "weightedAverageShsOutDil": 260000000,
    "link": "https://www.sec.gov/Archives/edgar/data/1137789/000113778920000057/0001137789-20-000057-index.htm",
    "finalLink": "https://www.sec.gov/Archives/edgar/data/1137789/000113778920000057/stx-20200703.htm"
  },
  {
    "date": "2020-04-03",
    "symbol": "STX",
    "reportedCurrency": "USD",
    "cik": "0001137789",
    "fillingDate": "2020-04-30",
    "acceptedDate": "2020-04-30 16:02:02",
    "calendarYear": "2020",
    "period": "Q3",
    "revenue": 2718000000,
    "costOfRevenue": 1972000000,
    "grossProfit": 746000000,
    "grossProfitRatio": 0.2744665195,
    "researchAndDevelopmentExpenses": 246000000,
    "generalAndAdministrativeExpenses": 0,
    "sellingAndMarketingExpenses": 0,
    "sellingGeneralAndAdministrativeExpenses": 119000000,
    "otherExpenses": 5000000,
    "operatingExpenses": 370000000,
    "costAndExpenses": 2342000000,
    "interestIncome": 4000000,
    "interestExpense": 49000000,
    "depreciationAndAmortization": 94000000,
    "ebitda": 481000000,
    "ebitdaratio": 0.1769683591,
    "operatingIncome": 376000000,
    "operatingIncomeRatio": 0.1383370125,
    "totalOtherIncomeExpensesNet": -38000000,
    "incomeBeforeTax": 338000000,
    "incomeBeforeTaxRatio": 0.1243561442,
    "incomeTaxExpense": 18000000,
    "netIncome": 320000000,
    "netIncomeRatio": 0.1177336277,
    "eps": 1.23,
    "epsdiluted": 1.22,
    "weightedAverageShsOut": 261000000,
    "weightedAverageShsOutDil": 263000000,
    "link": "https://www.sec.gov/Archives/edgar/data/1137789/000113778920000035/0001137789-20-000035-index.htm",
    "finalLink": "https://www.sec.gov/Archives/edgar/data/1137789/000113778920000035/stx-20200403.htm"
  },
  {
    "date": "2020-01-03",
    "symbol": "STX",
    "reportedCurrency": "USD",
    "cik": "0001137789",
    "fillingDate": "2020-02-05",
    "acceptedDate": "2020-02-04 18:26:58",
    "calendarYear": "2020",
    "period": "Q2",
    "revenue": 2696000000,
    "costOfRevenue": 1938000000,
    "grossProfit": 758000000,
    "grossProfitRatio": 0.28115727,
    "researchAndDevelopmentExpenses": 250000000,
    "generalAndAdministrativeExpenses": 0,
    "sellingAndMarketingExpenses": 0,
    "sellingGeneralAndAdministrativeExpenses": 120000000,
    "otherExpenses": 4000000,
    "operatingExpenses": 374000000,
    "costAndExpenses": 2312000000,
    "interestIncome": 4000000,
    "interestExpense": 48000000,
    "depreciationAndAmortization": 93000000,
    "ebitda": 477000000,
    "ebitdaratio": 0.1769287834,
    "operatingIncome": 384000000,
    "operatingIncomeRatio": 0.1424332344,
    "totalOtherIncomeExpensesNet": -48000000,
    "incomeBeforeTax": 336000000,
    "incomeBeforeTaxRatio": 0.1246290801,
    "incomeTaxExpense": 18000000,
    "netIncome": 318000000,
    "netIncomeRatio": 0.1179525223,
    "eps": 1.21,
    "epsdiluted": 1.2,
    "weightedAverageShsOut": 262000000,
    "weightedAverageShsOutDil": 265000000,
    "link": "https://www.sec.gov/Archives/edgar/data/1137789/000113778920000015/0001137789-20-000015-index.htm",
    "finalLink": "https://www.sec.gov/Archives/edgar/data/1137789/000113778920000015/stx-20200103.htm"
  },
  {
    "date": "2019-10-04",
    "symbol": "STX",
    "reportedCurrency": "USD",
    "cik": "0001137789",
    "fillingDate": "2019-11-01",
    "acceptedDate": "2019-11-01 17:23:59",
    "calendarYear": "2020",
    "period": "Q1",
    "revenue": 2578000000,
    "costOfRevenue": 1907000000,
    "grossProfit": 671000000,
    "grossProfitRatio": 0.2602792863,
    "researchAndDevelopmentExpenses": 255000000,
    "generalAndAdministrativeExpenses": 0,
    "sellingAndMarketingExpenses": 0,
    "sellingGeneralAndAdministrativeExpenses": 122000000,
    "otherExpenses": 21000000,
    "operatingExpenses": 398000000,
    "costAndExpenses": 2305000000,
    "interestIncome": 11000000,
    "interestExpense": 55000000,
    "depreciationAndAmortization": 92000000,
    "ebitda": 345000000,
    "ebitdaratio": 0.1338246703,
    "operatingIncome": 273000000,
    "operatingIncomeRatio": 0.1058960434,
    "totalOtherIncomeExpensesNet": -75000000,
    "incomeBeforeTax": 198000000,
    "incomeBeforeTaxRatio": 0.0768037238,
    "incomeTaxExpense": -2000000,
    "netIncome": 200000000,
    "netIncomeRatio": 0.077579519,
    "eps": 0.75,
    "epsdiluted": 0.74,
    "weightedAverageShsOut": 266000000,
    "weightedAverageShsOutDil": 270000000,
    "link": "https://www.sec.gov/Archives/edgar/data/1137789/000162828019013092/0001628280-19-013092-index.htm",
    "finalLink": "https://www.sec.gov/Archives/edgar/data/1137789/000162828019013092/stx-20191004x10qq120.htm"
  },
  {
    "date": "2019-06-28",
    "symbol": "STX",
    "reportedCurrency": "USD",
    "cik": "0001137789",
    "fillingDate": "2019-08-02",
    "acceptedDate": "2019-08-02 16:11:06",
    "calendarYear": "2019",
    "period": "Q4",
    "revenue": 2371000000,
    "costOfRevenue": 1747000000,
    "grossProfit": 624000000,
    "grossProfitRatio": 0.2631800928,
    "researchAndDevelopmentExpenses": 241000000,
    "generalAndAdministrativeExpenses": 0,
    "sellingAndMarketingExpenses": 0,
    "sellingGeneralAndAdministrativeExpenses": 108000000,
    "otherExpenses": -57000000,
    "operatingExpenses": 292000000,
    "costAndExpenses": 2039000000,
    "interestIncome": 17000000,
    "interestExpense": 55000000,
    "depreciationAndAmortization": 134000000,
    "ebitda": 480000000,
    "ebitdaratio": 0.2024462252,
    "operatingIncome": 332000000,
    "operatingIncomeRatio": 0.1400253058,
    "totalOtherIncomeExpensesNet": -41000000,
    "incomeBeforeTax": 291000000,
    "incomeBeforeTaxRatio": 0.122733024,
    "incomeTaxExpense": -692000000,
    "netIncome": 983000000,
    "netIncomeRatio": 0.4145929987,
    "eps": 3.57,
    "epsdiluted": 3.54,
    "weightedAverageShsOut": 275000000,
    "weightedAverageShsOutDil": 278000000,
    "link": "https://www.sec.gov/Archives/edgar/data/1137789/000119312519212028/0001193125-19-212028-index.htm",
    "finalLink": "https://www.sec.gov/Archives/edgar/data/1137789/000119312519212028/d733907d10k.htm"
  },
  {
    "date": "2019-03-29",
    "symbol": "STX",
    "reportedCurrency": "USD",
    "cik": "0001137789",
    "fillingDate": "2019-04-30",
    "acceptedDate": "2019-04-30 16:07:28",
    "calendarYear": "2019",
    "period": "Q3",
    "revenue": 2313000000,
    "costOfRevenue": 1712000000,
    "grossProfit": 601000000,
    "grossProfitRatio": 0.2598357112,
    "researchAndDevelopmentExpenses": 238000000,
    "generalAndAdministrativeExpenses": 0,
    "sellingAndMarketingExpenses": 0,
    "sellingGeneralAndAdministrativeExpenses": 110000000,
    "otherExpenses": 17000000,
    "operatingExpenses": 365000000,
    "costAndExpenses": 2077000000,
    "interestIncome": 21000000,
    "interestExpense": 55000000,
    "depreciationAndAmortization": 135000000,
    "ebitda": 405000000,
    "ebitdaratio": 0.1750972763,
    "operatingIncome": 236000000,
    "operatingIncomeRatio": 0.1020319931,
    "totalOtherIncomeExpensesNet": -21000000,
    "incomeBeforeTax": 215000000,
    "incomeBeforeTaxRatio": 0.0929528751,
    "incomeTaxExpense": 20000000,
    "netIncome": 195000000,
    "netIncomeRatio": 0.084306096,
    "eps": 0.69,
    "epsdiluted": 0.69,
    "weightedAverageShsOut": 281000000,
    "weightedAverageShsOutDil": 284000000,
    "link": "https://www.sec.gov/Archives/edgar/data/1137789/000119312519129284/0001193125-19-129284-index.htm",
    "finalLink": "https://www.sec.gov/Archives/edgar/data/1137789/000119312519129284/d736551d10q.htm"
  },
  {
    "date": "2018-12-28",
    "symbol": "STX",
    "reportedCurrency": "USD",
    "cik": "0001137789",
    "fillingDate": "2019-02-04",
    "acceptedDate": "2019-02-04 16:10:47",
    "calendarYear": "2019",
    "period": "Q2",
    "revenue": 2715000000,
    "costOfRevenue": 1921000000,
    "grossProfit": 794000000,
    "grossProfitRatio": 0.2924493554,
    "researchAndDevelopmentExpenses": 246000000,
    "generalAndAdministrativeExpenses": 0,
    "sellingAndMarketingExpenses": 0,
    "sellingGeneralAndAdministrativeExpenses": 120000000,
    "otherExpenses": 12000000,
    "operatingExpenses": 378000000,
    "costAndExpenses": 2299000000,
    "interestIncome": 22000000,
    "interestExpense": 56000000,
    "depreciationAndAmortization": 138000000,
    "ebitda": 592000000,
    "ebitdaratio": 0.2180478821,
    "operatingIncome": 416000000,
    "operatingIncomeRatio": 0.1532228361,
    "totalOtherIncomeExpensesNet": -18000000,
    "incomeBeforeTax": 398000000,
    "incomeBeforeTaxRatio": 0.1465930018,
    "incomeTaxExpense": 14000000,
    "netIncome": 384000000,
    "netIncomeRatio": 0.1414364641,
    "eps": 1.35,
    "epsdiluted": 1.34,
    "weightedAverageShsOut": 285000000,
    "weightedAverageShsOutDil": 287000000,
    "link": "https://www.sec.gov/Archives/edgar/data/1137789/000119312519027007/0001193125-19-027007-index.htm",
    "finalLink": "https://www.sec.gov/Archives/edgar/data/1137789/000119312519027007/d641067d10q.htm"
  },
  {
    "date": "2018-09-28",
    "symbol": "STX",
    "reportedCurrency": "USD",
    "cik": "0001137789",
    "fillingDate": "2018-11-02",
    "acceptedDate": "2018-11-02 16:12:20",
    "calendarYear": "2019",
    "period": "Q1",
    "revenue": 2991000000,
    "costOfRevenue": 2078000000,
    "grossProfit": 913000000,
    "grossProfitRatio": 0.3052490806,
    "researchAndDevelopmentExpenses": 266000000,
    "generalAndAdministrativeExpenses": 0,
    "sellingAndMarketingExpenses": 0,
    "sellingGeneralAndAdministrativeExpenses": 115000000,
    "otherExpenses": 29000000,
    "operatingExpenses": 410000000,
    "costAndExpenses": 2488000000,
    "interestIncome": 24000000,
    "interestExpense": 58000000,
    "depreciationAndAmortization": 134000000,
    "ebitda": 660000000,
    "ebitdaratio": 0.220661986,
    "operatingIncome": 503000000,
    "operatingIncomeRatio": 0.1681711802,
    "totalOtherIncomeExpensesNet": -35000000,
    "incomeBeforeTax": 468000000,
    "incomeBeforeTaxRatio": 0.1564694082,
    "incomeTaxExpense": 18000000,
    "netIncome": 450000000,
    "netIncomeRatio": 0.1504513541,
    "eps": 1.57,
    "epsdiluted": 1.54,
    "weightedAverageShsOut": 287000000,
    "weightedAverageShsOutDil": 292000000,
    "link": "https://www.sec.gov/Archives/edgar/data/1137789/000119312518317143/0001193125-18-317143-index.htm",
    "finalLink": "https://www.sec.gov/Archives/edgar/data/1137789/000119312518317143/d627475d10q.htm"
  },
  {
    "date": "2018-06-29",
    "symbol": "STX",
    "reportedCurrency": "USD",
    "cik": "0001137789",
    "fillingDate": "2018-08-03",
    "acceptedDate": "2018-08-03 16:13:27",
    "calendarYear": "2018",
    "period": "Q4",
    "revenue": 2835000000,
    "costOfRevenue": 1931000000,
    "grossProfit": 904000000,
    "grossProfitRatio": 0.3188712522,
    "researchAndDevelopmentExpenses": 259000000,
    "generalAndAdministrativeExpenses": 0,
    "sellingAndMarketingExpenses": 0,
    "sellingGeneralAndAdministrativeExpenses": 140000000,
    "otherExpenses": 0,
    "operatingExpenses": 399000000,
    "costAndExpenses": 2336000000,
    "interestIncome": 15000000,
    "interestExpense": 54000000,
    "depreciationAndAmortization": 137000000,
    "ebitda": 657000000,
    "ebitdaratio": 0.2317460317,
    "operatingIncome": 505000000,
    "operatingIncomeRatio": 0.1781305115,
    "totalOtherIncomeExpensesNet": -39000000,
    "incomeBeforeTax": 466000000,
    "incomeBeforeTaxRatio": 0.1643738977,
    "incomeTaxExpense": 5000000,
    "netIncome": 461000000,
    "netIncomeRatio": 0.1626102293,
    "eps": 1.61,
    "epsdiluted": 1.57,
    "weightedAverageShsOut": 287000000,
    "weightedAverageShsOutDil": 293000000,
    "link": "https://www.sec.gov/Archives/edgar/data/1137789/000119312518238271/0001193125-18-238271-index.htm",
    "finalLink": "https://www.sec.gov/Archives/edgar/data/1137789/000119312518238271/d832608d10k.htm"
  },
  {
    "date": "2018-03-30",
    "symbol": "STX",
    "reportedCurrency": "USD",
    "cik": "0001137789",
    "fillingDate": "2018-05-01",
    "acceptedDate": "2018-05-01 16:16:09",
    "calendarYear": "2018",
    "period": "Q3",
    "revenue": 2803000000,
    "costOfRevenue": 1956000000,
    "grossProfit": 847000000,
    "grossProfitRatio": 0.3021762397,
    "researchAndDevelopmentExpenses": 254000000,
    "generalAndAdministrativeExpenses": 0,
    "sellingAndMarketingExpenses": 0,
    "sellingGeneralAndAdministrativeExpenses": 135000000,
    "otherExpenses": 17000000,
    "operatingExpenses": 406000000,
    "costAndExpenses": 2362000000,
    "interestIncome": 10000000,
    "interestExpense": 60000000,
    "depreciationAndAmortization": 143000000,
    "ebitda": 595000000,
    "ebitdaratio": 0.2122725651,
    "operatingIncome": 441000000,
    "operatingIncomeRatio": 0.1573314306,
    "totalOtherIncomeExpensesNet": -48000000,
    "incomeBeforeTax": 393000000,
    "incomeBeforeTaxRatio": 0.1402069212,
    "incomeTaxExpense": 12000000,
    "netIncome": 381000000,
    "netIncomeRatio": 0.1359257938,
    "eps": 1.33,
    "epsdiluted": 1.31,
    "weightedAverageShsOut": 286000000,
    "weightedAverageShsOutDil": 291000000,
    "link": "https://www.sec.gov/Archives/edgar/data/1137789/000119312518146598/0001193125-18-146598-index.htm",
    "finalLink": "https://www.sec.gov/Archives/edgar/data/1137789/000119312518146598/d575194d10q.htm"
  },
  {
    "date": "2017-12-29",
    "symbol": "STX",
    "reportedCurrency": "USD",
    "cik": "0001137789",
    "fillingDate": "2018-01-29",
    "acceptedDate": "2018-01-29 16:07:05",
    "calendarYear": "2018",
    "period": "Q2",
    "revenue": 2914000000,
    "costOfRevenue": 2037000000,
    "grossProfit": 877000000,
    "grossProfitRatio": 0.3009608785,
    "researchAndDevelopmentExpenses": 250000000,
    "generalAndAdministrativeExpenses": 0,
    "sellingAndMarketingExpenses": 0,
    "sellingGeneralAndAdministrativeExpenses": 142000000,
    "otherExpenses": 52000000,
    "operatingExpenses": 444000000,
    "costAndExpenses": 2481000000,
    "interestIncome": 6000000,
    "interestExpense": 61000000,
    "depreciationAndAmortization": 157000000,
    "ebitda": 589000000,
    "ebitdaratio": 0.2021276596,
    "operatingIncome": 433000000,
    "operatingIncomeRatio": 0.1485929993,
    "totalOtherIncomeExpensesNet": -62000000,
    "incomeBeforeTax": 371000000,
    "incomeBeforeTaxRatio": 0.1273164036,
    "incomeTaxExpense": 212000000,
    "netIncome": 159000000,
    "netIncomeRatio": 0.054564173,
    "eps": 0.55,
    "epsdiluted": 0.55,
    "weightedAverageShsOut": 288000000,
    "weightedAverageShsOutDil": 291000000,
    "link": "https://www.sec.gov/Archives/edgar/data/1137789/000119312518023592/0001193125-18-023592-index.htm",
    "finalLink": "https://www.sec.gov/Archives/edgar/data/1137789/000119312518023592/d524364d10q.htm"
  },
  {
    "date": "2017-09-29",
    "symbol": "STX",
    "reportedCurrency": "USD",
    "cik": "0001137789",
    "fillingDate": "2017-10-27",
    "acceptedDate": "2017-10-27 16:07:08",
    "calendarYear": "2018",
    "period": "Q1",
    "revenue": 2632000000,
    "costOfRevenue": 1896000000,
    "grossProfit": 736000000,
    "grossProfitRatio": 0.2796352584,
    "researchAndDevelopmentExpenses": 263000000,
    "generalAndAdministrativeExpenses": 0,
    "sellingAndMarketingExpenses": 0,
    "sellingGeneralAndAdministrativeExpenses": 145000000,
    "otherExpenses": 73000000,
    "operatingExpenses": 481000000,
    "costAndExpenses": 2377000000,
    "interestIncome": 7000000,
    "interestExpense": 61000000,
    "depreciationAndAmortization": 161000000,
    "ebitda": 410000000,
    "ebitdaratio": 0.155775076,
    "operatingIncome": 255000000,
    "operatingIncomeRatio": 0.0968844985,
    "totalOtherIncomeExpensesNet": -67000000,
    "incomeBeforeTax": 188000000,
    "incomeBeforeTaxRatio": 0.0714285714,
    "incomeTaxExpense": 7000000,
    "netIncome": 181000000,
    "netIncomeRatio": 0.068768997,
    "eps": 0.62,
    "epsdiluted": 0.62,
    "weightedAverageShsOut": 290000000,
    "weightedAverageShsOutDil": 292000000,
    "link": "https://www.sec.gov/Archives/edgar/data/1137789/000119312517323042/0001193125-17-323042-index.htm",
    "finalLink": "https://www.sec.gov/Archives/edgar/data/1137789/000119312517323042/d432283d10q.htm"
  },
  {
    "date": "2017-06-30",
    "symbol": "STX",
    "reportedCurrency": "USD",
    "cik": "0001137789",
    "fillingDate": "2017-08-04",
    "acceptedDate": "2017-08-04 16:37:26",
    "calendarYear": "2017",
    "period": "Q4",
    "revenue": 2406000000,
    "costOfRevenue": 1740000000,
    "grossProfit": 666000000,
    "grossProfitRatio": 0.27680798,
    "researchAndDevelopmentExpenses": 288000000,
    "generalAndAdministrativeExpenses": 0,
    "sellingAndMarketingExpenses": 0,
    "sellingGeneralAndAdministrativeExpenses": 149000000,
    "otherExpenses": 33000000,
    "operatingExpenses": 470000000,
    "costAndExpenses": 2210000000,
    "interestIncome": 5000000,
    "interestExpense": 62000000,
    "depreciationAndAmortization": 176000000,
    "ebitda": 358000000,
    "ebitdaratio": 0.14879468,
    "operatingIncome": 196000000,
    "operatingIncomeRatio": 0.0814630091,
    "totalOtherIncomeExpensesNet": -76000000,
    "incomeBeforeTax": 120000000,
    "incomeBeforeTaxRatio": 0.0498753117,
    "incomeTaxExpense": 6000000,
    "netIncome": 114000000,
    "netIncomeRatio": 0.0473815461,
    "eps": 0.39,
    "epsdiluted": 0.38,
    "weightedAverageShsOut": 294000000,
    "weightedAverageShsOutDil": 297000000,
    "link": "https://www.sec.gov/Archives/edgar/data/1137789/000119312517248796/0001193125-17-248796-index.htm",
    "finalLink": "https://www.sec.gov/Archives/edgar/data/1137789/000119312517248796/d410656d10k.htm"
  },
  {
    "date": "2017-03-31",
    "symbol": "STX",
    "reportedCurrency": "USD",
    "cik": "0001137789",
    "fillingDate": "2017-04-28",
    "acceptedDate": "2017-04-28 17:19:10",
    "calendarYear": "2017",
    "period": "Q3",
    "revenue": 2674000000,
    "costOfRevenue": 1858000000,
    "grossProfit": 816000000,
    "grossProfitRatio": 0.3051608078,
    "researchAndDevelopmentExpenses": 324000000,
    "generalAndAdministrativeExpenses": 0,
    "sellingAndMarketingExpenses": 0,
    "sellingGeneralAndAdministrativeExpenses": 150000000,
    "otherExpenses": 76000000,
    "operatingExpenses": 550000000,
    "costAndExpenses": 2408000000,
    "interestIncome": 5000000,
    "interestExpense": 60000000,
    "depreciationAndAmortization": 182000000,
    "ebitda": 454000000,
    "ebitdaratio": 0.1697830965,
    "operatingIncome": 266000000,
    "operatingIncomeRatio": 0.0994764398,
    "totalOtherIncomeExpensesNet": -54000000,
    "incomeBeforeTax": 212000000,
    "incomeBeforeTaxRatio": 0.0792819746,
    "incomeTaxExpense": 18000000,
    "netIncome": 194000000,
    "netIncomeRatio": 0.0725504862,
    "eps": 0.66,
    "epsdiluted": 0.65,
    "weightedAverageShsOut": 296000000,
    "weightedAverageShsOutDil": 300000000,
    "link": "https://www.sec.gov/Archives/edgar/data/1137789/000119312517148855/0001193125-17-148855-index.htm",
    "finalLink": "https://www.sec.gov/Archives/edgar/data/1137789/000119312517148855/d381726d10q.htm"
  },
  {
    "date": "2016-12-30",
    "symbol": "STX",
    "reportedCurrency": "USD",
    "cik": "0001137789",
    "fillingDate": "2017-01-26",
    "acceptedDate": "2017-01-26 16:10:10",
    "calendarYear": "2017",
    "period": "Q2",
    "revenue": 2894000000,
    "costOfRevenue": 2003000000,
    "grossProfit": 891000000,
    "grossProfitRatio": 0.307878369,
    "researchAndDevelopmentExpenses": 305000000,
    "generalAndAdministrativeExpenses": 0,
    "sellingAndMarketingExpenses": 0,
    "sellingGeneralAndAdministrativeExpenses": 155000000,
    "otherExpenses": 61000000,
    "operatingExpenses": 521000000,
    "costAndExpenses": 2524000000,
    "interestIncome": 1000000,
    "interestExpense": 50000000,
    "depreciationAndAmortization": 191000000,
    "ebitda": 594000000,
    "ebitdaratio": 0.205252246,
    "operatingIncome": 370000000,
    "operatingIncomeRatio": 0.1278507256,
    "totalOtherIncomeExpensesNet": -60000000,
    "incomeBeforeTax": 310000000,
    "incomeBeforeTaxRatio": 0.1071181755,
    "incomeTaxExpense": 13000000,
    "netIncome": 297000000,
    "netIncomeRatio": 0.102626123,
    "eps": 1,
    "epsdiluted": 1,
    "weightedAverageShsOut": 296000000,
    "weightedAverageShsOutDil": 298000000,
    "link": "https://www.sec.gov/Archives/edgar/data/1137789/000119312517019732/0001193125-17-019732-index.htm",
    "finalLink": "https://www.sec.gov/Archives/edgar/data/1137789/000119312517019732/d284580d10q.htm"
  },
  {
    "date": "2016-09-30",
    "symbol": "STX",
    "reportedCurrency": "USD",
    "cik": "0001137789",
    "fillingDate": "2016-10-28",
    "acceptedDate": "2016-10-28 16:11:01",
    "calendarYear": "2017",
    "period": "Q1",
    "revenue": 2797000000,
    "costOfRevenue": 1996000000,
    "grossProfit": 801000000,
    "grossProfitRatio": 0.2863782624,
    "researchAndDevelopmentExpenses": 315000000,
    "generalAndAdministrativeExpenses": 0,
    "sellingAndMarketingExpenses": 0,
    "sellingGeneralAndAdministrativeExpenses": 155000000,
    "otherExpenses": 110000000,
    "operatingExpenses": 580000000,
    "costAndExpenses": 2576000000,
    "interestIncome": 1000000,
    "interestExpense": 50000000,
    "depreciationAndAmortization": 200000000,
    "ebitda": 423000000,
    "ebitdaratio": 0.1512334644,
    "operatingIncome": 221000000,
    "operatingIncomeRatio": 0.0790132285,
    "totalOtherIncomeExpensesNet": -48000000,
    "incomeBeforeTax": 173000000,
    "incomeBeforeTaxRatio": 0.0618519843,
    "incomeTaxExpense": 6000000,
    "netIncome": 167000000,
    "netIncomeRatio": 0.0597068287,
    "eps": 0.56,
    "epsdiluted": 0.55,
    "weightedAverageShsOut": 299000000,
    "weightedAverageShsOutDil": 301000000,
    "link": "https://www.sec.gov/Archives/edgar/data/1137789/000119312516751593/0001193125-16-751593-index.htm",
    "finalLink": "https://www.sec.gov/Archives/edgar/data/1137789/000119312516751593/d252954d10q.htm"
  },
  {
    "date": "2016-07-01",
    "symbol": "STX",
    "reportedCurrency": "USD",
    "cik": "0001137789",
    "fillingDate": "2016-08-05",
    "acceptedDate": "2016-08-05 16:37:53",
    "calendarYear": "2016",
    "period": "Q4",
    "revenue": 2654000000,
    "costOfRevenue": 1992000000,
    "grossProfit": 662000000,
    "grossProfitRatio": 0.2494348154,
    "researchAndDevelopmentExpenses": 307000000,
    "generalAndAdministrativeExpenses": 112000000,
    "sellingAndMarketingExpenses": 31000000,
    "sellingGeneralAndAdministrativeExpenses": 143000000,
    "otherExpenses": 110000000,
    "operatingExpenses": 560000000,
    "costAndExpenses": 2552000000,
    "interestIncome": 1000000,
    "interestExpense": 51000000,
    "depreciationAndAmortization": 200000000,
    "ebitda": 304000000,
    "ebitdaratio": 0.1145440844,
    "operatingIncome": 102000000,
    "operatingIncomeRatio": 0.0384325546,
    "totalOtherIncomeExpensesNet": -49000000,
    "incomeBeforeTax": 54000000,
    "incomeBeforeTaxRatio": 0.0203466466,
    "incomeTaxExpense": -16000000,
    "netIncome": 70000000,
    "netIncomeRatio": 0.0263752826,
    "eps": 0.23,
    "epsdiluted": 0.23,
    "weightedAverageShsOut": 299000000,
    "weightedAverageShsOutDil": 300000000,
    "link": "https://www.sec.gov/Archives/edgar/data/1137789/000104746916014732/0001047469-16-014732-index.htm",
    "finalLink": "https://www.sec.gov/Archives/edgar/data/1137789/000104746916014732/a2229376z10-k.htm"
  },
  {
    "date": "2016-04-01",
    "symbol": "STX",
    "reportedCurrency": "USD",
    "cik": "0001137789",
    "fillingDate": "2016-04-29",
    "acceptedDate": "2016-04-29 16:17:51",
    "calendarYear": "2016",
    "period": "Q3",
    "revenue": 2595000000,
    "costOfRevenue": 2071000000,
    "grossProfit": 524000000,
    "grossProfitRatio": 0.2019267823,
    "researchAndDevelopmentExpenses": 298000000,
    "generalAndAdministrativeExpenses": 0,
    "sellingAndMarketingExpenses": 0,
    "sellingGeneralAndAdministrativeExpenses": 150000000,
    "otherExpenses": 49000000,
    "operatingExpenses": 497000000,
    "costAndExpenses": 2568000000,
    "interestIncome": 1000000,
    "interestExpense": 47000000,
    "depreciationAndAmortization": 198000000,
    "ebitda": 254000000,
    "ebitdaratio": 0.0978805395,
    "operatingIncome": 27000000,
    "operatingIncomeRatio": 0.0104046243,
    "totalOtherIncomeExpensesNet": -18000000,
    "incomeBeforeTax": 9000000,
    "incomeBeforeTaxRatio": 0.0034682081,
    "incomeTaxExpense": 30000000,
    "netIncome": -21000000,
    "netIncomeRatio": -0.0080924855,
    "eps": -0.0705,
    "epsdiluted": -0.0705,
    "weightedAverageShsOut": 298000000,
    "weightedAverageShsOutDil": 298000000,
    "link": "https://www.sec.gov/Archives/edgar/data/1137789/000110465916116201/0001104659-16-116201-index.htm",
    "finalLink": "https://www.sec.gov/Archives/edgar/data/1137789/000110465916116201/a16-9873_110q.htm"
  },
  {
    "date": "2016-01-01",
    "symbol": "STX",
    "reportedCurrency": "USD",
    "cik": "0001137789",
    "fillingDate": "2016-01-29",
    "acceptedDate": "2016-01-29 16:10:34",
    "calendarYear": "2016",
    "period": "Q2",
    "revenue": 2986000000,
    "costOfRevenue": 2245000000,
    "grossProfit": 741000000,
    "grossProfitRatio": 0.248158071,
    "researchAndDevelopmentExpenses": 304000000,
    "generalAndAdministrativeExpenses": 0,
    "sellingAndMarketingExpenses": 0,
    "sellingGeneralAndAdministrativeExpenses": 160000000,
    "otherExpenses": 48000000,
    "operatingExpenses": 512000000,
    "costAndExpenses": 2757000000,
    "interestIncome": 1000000,
    "interestExpense": 48000000,
    "depreciationAndAmortization": 209000000,
    "ebitda": 437000000,
    "ebitdaratio": 0.1463496316,
    "operatingIncome": 229000000,
    "operatingIncomeRatio": 0.0766912257,
    "totalOtherIncomeExpensesNet": -49000000,
    "incomeBeforeTax": 180000000,
    "incomeBeforeTaxRatio": 0.0602813128,
    "incomeTaxExpense": 15000000,
    "netIncome": 165000000,
    "netIncomeRatio": 0.0552578701,
    "eps": 0.55,
    "epsdiluted": 0.55,
    "weightedAverageShsOut": 299000000,
    "weightedAverageShsOutDil": 301000000,
    "link": "https://www.sec.gov/Archives/edgar/data/1137789/000110465916092467/0001104659-16-092467-index.htm",
    "finalLink": "https://www.sec.gov/Archives/edgar/data/1137789/000110465916092467/a16-3142_110q.htm"
  },
  {
    "date": "2015-10-02",
    "symbol": "STX",
    "reportedCurrency": "USD",
    "cik": "0001137789",
    "fillingDate": "2015-10-30",
    "acceptedDate": "2015-10-30 16:17:44",
    "calendarYear": "2016",
    "period": "Q1",
    "revenue": 2925000000,
    "costOfRevenue": 2236000000,
    "grossProfit": 689000000,
    "grossProfitRatio": 0.2355555556,
    "researchAndDevelopmentExpenses": 328000000,
    "generalAndAdministrativeExpenses": 0,
    "sellingAndMarketingExpenses": 0,
    "sellingGeneralAndAdministrativeExpenses": 182000000,
    "otherExpenses": 93000000,
    "operatingExpenses": 603000000,
    "costAndExpenses": 2839000000,
    "interestIncome": 1000000,
    "interestExpense": 47000000,
    "depreciationAndAmortization": 208000000,
    "ebitda": 286000000,
    "ebitdaratio": 0.0977777778,
    "operatingIncome": 86000000,
    "operatingIncomeRatio": 0.0294017094,
    "totalOtherIncomeExpensesNet": -55000000,
    "incomeBeforeTax": 31000000,
    "incomeBeforeTaxRatio": 0.0105982906,
    "incomeTaxExpense": -3000000,
    "netIncome": 34000000,
    "netIncomeRatio": 0.0116239316,
    "eps": 0.11,
    "epsdiluted": 0.11,
    "weightedAverageShsOut": 302000000,
    "weightedAverageShsOutDil": 308000000,
    "link": "https://www.sec.gov/Archives/edgar/data/1137789/000110465915074539/0001104659-15-074539-index.htm",
    "finalLink": "https://www.sec.gov/Archives/edgar/data/1137789/000110465915074539/a15-22066_110q.htm"
  },
  {
    "date": "2015-07-03",
    "symbol": "STX",
    "reportedCurrency": "USD",
    "cik": "0001137789",
    "fillingDate": "2015-08-12",
    "acceptedDate": "2015-08-11 19:34:36",
    "calendarYear": "2015",
    "period": "Q4",
    "revenue": 2928000000,
    "costOfRevenue": 2152000000,
    "grossProfit": 776000000,
    "grossProfitRatio": 0.2650273224,
    "researchAndDevelopmentExpenses": 324000000,
    "generalAndAdministrativeExpenses": 139000000,
    "sellingAndMarketingExpenses": 64000000,
    "sellingGeneralAndAdministrativeExpenses": 203000000,
    "otherExpenses": -9000000,
    "operatingExpenses": 569000000,
    "costAndExpenses": 2712000000,
    "interestIncome": 2000000,
    "interestExpense": 55000000,
    "depreciationAndAmortization": 212000000,
    "ebitda": 416000000,
    "ebitdaratio": 0.1420765027,
    "operatingIncome": 207000000,
    "operatingIncomeRatio": 0.0706967213,
    "totalOtherIncomeExpensesNet": -58000000,
    "incomeBeforeTax": 149000000,
    "incomeBeforeTaxRatio": 0.0508879781,
    "incomeTaxExpense": 11000000,
    "netIncome": 137000000,
    "netIncomeRatio": 0.0467896175,
    "eps": 0.44,
    "epsdiluted": 0.43,
    "weightedAverageShsOut": 323000000,
    "weightedAverageShsOutDil": 323000000,
    "link": "https://www.sec.gov/Archives/edgar/data/1137789/000104746915006787/0001047469-15-006787-index.htm",
    "finalLink": "https://www.sec.gov/Archives/edgar/data/1137789/000104746915006787/a2225686z10-k.htm"
  },
  {
    "date": "2015-04-03",
    "symbol": "STX",
    "reportedCurrency": "USD",
    "cik": "0001137789",
    "fillingDate": "2015-04-30",
    "acceptedDate": "2015-04-30 16:57:17",
    "calendarYear": "2015",
    "period": "Q3",
    "revenue": 3330000000,
    "costOfRevenue": 2375000000,
    "grossProfit": 955000000,
    "grossProfitRatio": 0.2867867868,
    "researchAndDevelopmentExpenses": 346000000,
    "generalAndAdministrativeExpenses": 0,
    "sellingAndMarketingExpenses": 0,
    "sellingGeneralAndAdministrativeExpenses": 219000000,
    "otherExpenses": 47000000,
    "operatingExpenses": 612000000,
    "costAndExpenses": 2987000000,
    "interestIncome": 1000000,
    "interestExpense": 48000000,
    "depreciationAndAmortization": 203000000,
    "ebitda": 560000000,
    "ebitdaratio": 0.1681681682,
    "operatingIncome": 343000000,
    "operatingIncomeRatio": 0.103003003,
    "totalOtherIncomeExpensesNet": -39000000,
    "incomeBeforeTax": 304000000,
    "incomeBeforeTaxRatio": 0.0912912913,
    "incomeTaxExpense": 13000000,
    "netIncome": 291000000,
    "netIncomeRatio": 0.0873873874,
    "eps": 0.9,
    "epsdiluted": 0.88,
    "weightedAverageShsOut": 323000000,
    "weightedAverageShsOutDil": 330000000,
    "link": "https://www.sec.gov/Archives/edgar/data/1137789/000110465915032642/0001104659-15-032642-index.htm",
    "finalLink": "https://www.sec.gov/Archives/edgar/data/1137789/000110465915032642/a15-7979_110q.htm"
  },
  {
    "date": "2015-01-02",
    "symbol": "STX",
    "reportedCurrency": "USD",
    "cik": "0001137789",
    "fillingDate": "2015-01-30",
    "acceptedDate": "2015-01-30 16:40:39",
    "calendarYear": "2015",
    "period": "Q2",
    "revenue": 3696000000,
    "costOfRevenue": 2669000000,
    "grossProfit": 1027000000,
    "grossProfitRatio": 0.2778679654,
    "researchAndDevelopmentExpenses": 341000000,
    "generalAndAdministrativeExpenses": 0,
    "sellingAndMarketingExpenses": 0,
    "sellingGeneralAndAdministrativeExpenses": 218000000,
    "otherExpenses": -585000000,
    "operatingExpenses": -26000000,
    "costAndExpenses": 2643000000,
    "interestIncome": 1000000,
    "interestExpense": 50000000,
    "depreciationAndAmortization": 208000000,
    "ebitda": 644000000,
    "ebitdaratio": 0.1742424242,
    "operatingIncome": 1053000000,
    "operatingIncomeRatio": 0.2849025974,
    "totalOtherIncomeExpensesNet": 73000000,
    "incomeBeforeTax": 1126000000,
    "incomeBeforeTaxRatio": 0.3046536797,
    "incomeTaxExpense": 193000000,
    "netIncome": 933000000,
    "netIncomeRatio": 0.2524350649,
    "eps": 2.84,
    "epsdiluted": 2.78,
    "weightedAverageShsOut": 328000000,
    "weightedAverageShsOutDil": 336000000,
    "link": "https://www.sec.gov/Archives/edgar/data/1137789/000110465915005719/0001104659-15-005719-index.htm",
    "finalLink": "https://www.sec.gov/Archives/edgar/data/1137789/000110465915005719/a15-3358_110q.htm"
  },
  {
    "date": "2014-10-03",
    "symbol": "STX",
    "reportedCurrency": "USD",
    "cik": "0001137789",
    "fillingDate": "2014-11-03",
    "acceptedDate": "2014-10-31 19:31:39",
    "calendarYear": "2015",
    "period": "Q1",
    "revenue": 3785000000,
    "costOfRevenue": 2734000000,
    "grossProfit": 1051000000,
    "grossProfitRatio": 0.277675033,
    "researchAndDevelopmentExpenses": 342000000,
    "generalAndAdministrativeExpenses": 0,
    "sellingAndMarketingExpenses": 0,
    "sellingGeneralAndAdministrativeExpenses": 216000000,
    "otherExpenses": 37000000,
    "operatingExpenses": 595000000,
    "costAndExpenses": 3329000000,
    "interestIncome": 1000000,
    "interestExpense": 54000000,
    "depreciationAndAmortization": 218000000,
    "ebitda": 681000000,
    "ebitdaratio": 0.1799207398,
    "operatingIncome": 456000000,
    "operatingIncomeRatio": 0.1204755614,
    "totalOtherIncomeExpensesNet": -64000000,
    "incomeBeforeTax": 392000000,
    "incomeBeforeTaxRatio": 0.1035667107,
    "incomeTaxExpense": 11000000,
    "netIncome": 381000000,
    "netIncomeRatio": 0.100660502,
    "eps": 1.17,
    "epsdiluted": 1.13,
    "weightedAverageShsOut": 327000000,
    "weightedAverageShsOutDil": 337000000,
    "link": "https://www.sec.gov/Archives/edgar/data/1137789/000110465914075666/0001104659-14-075666-index.htm",
    "finalLink": "https://www.sec.gov/Archives/edgar/data/1137789/000110465914075666/a14-23369_110q.htm"
  },
  {
    "date": "2014-06-27",
    "symbol": "STX",
    "reportedCurrency": "USD",
    "cik": "0001137789",
    "fillingDate": "2014-08-08",
    "acceptedDate": "2014-08-07 17:48:28",
    "calendarYear": "2014",
    "period": "Q4",
    "revenue": 3301000000,
    "costOfRevenue": 2376000000,
    "grossProfit": 925000000,
    "grossProfitRatio": 0.2802181157,
    "researchAndDevelopmentExpenses": 323000000,
    "generalAndAdministrativeExpenses": 0,
    "sellingAndMarketingExpenses": 0,
    "sellingGeneralAndAdministrativeExpenses": 175000000,
    "otherExpenses": 17000000,
    "operatingExpenses": 515000000,
    "costAndExpenses": 2887000000,
    "interestIncome": 1000000,
    "interestExpense": 50000000,
    "depreciationAndAmortization": 211000000,
    "ebitda": 545000000,
    "ebitdaratio": 0.1651014844,
    "operatingIncome": 410000000,
    "operatingIncomeRatio": 0.1242047864,
    "totalOtherIncomeExpensesNet": -126000000,
    "incomeBeforeTax": 284000000,
    "incomeBeforeTaxRatio": 0.086034535,
    "incomeTaxExpense": -36000000,
    "netIncome": 320000000,
    "netIncomeRatio": 0.0969403211,
    "eps": 0.98,
    "epsdiluted": 0.95,
    "weightedAverageShsOut": 326000000,
    "weightedAverageShsOutDil": 337000000,
    "link": "https://www.sec.gov/Archives/edgar/data/1137789/000104746914006770/0001047469-14-006770-index.htm",
    "finalLink": "https://www.sec.gov/Archives/edgar/data/1137789/000104746914006770/a2221037z10-k.htm"
  },
  {
    "date": "2014-03-28",
    "symbol": "STX",
    "reportedCurrency": "USD",
    "cik": "0001137789",
    "fillingDate": "2014-04-30",
    "acceptedDate": "2014-04-30 16:25:13",
    "calendarYear": "2014",
    "period": "Q3",
    "revenue": 3406000000,
    "costOfRevenue": 2447000000,
    "grossProfit": 959000000,
    "grossProfitRatio": 0.2815619495,
    "researchAndDevelopmentExpenses": 297000000,
    "generalAndAdministrativeExpenses": 0,
    "sellingAndMarketingExpenses": 0,
    "sellingGeneralAndAdministrativeExpenses": 190000000,
    "otherExpenses": 28000000,
    "operatingExpenses": 515000000,
    "costAndExpenses": 2962000000,
    "interestIncome": 1000000,
    "interestExpense": 52000000,
    "depreciationAndAmortization": 211000000,
    "ebitda": 653000000,
    "ebitdaratio": 0.1917204932,
    "operatingIncome": 444000000,
    "operatingIncomeRatio": 0.1303581914,
    "totalOtherIncomeExpensesNet": -54000000,
    "incomeBeforeTax": 390000000,
    "incomeBeforeTaxRatio": 0.1145038168,
    "incomeTaxExpense": -5000000,
    "netIncome": 395000000,
    "netIncomeRatio": 0.1159718144,
    "eps": 1.21,
    "epsdiluted": 1.17,
    "weightedAverageShsOut": 327000000,
    "weightedAverageShsOutDil": 338000000,
    "link": "https://www.sec.gov/Archives/edgar/data/1137789/000110465914032674/0001104659-14-032674-index.htm",
    "finalLink": "https://www.sec.gov/Archives/edgar/data/1137789/000110465914032674/a14-9814_110q.htm"
  },
  {
    "date": "2013-12-27",
    "symbol": "STX",
    "reportedCurrency": "USD",
    "cik": "0001137789",
    "fillingDate": "2014-01-28",
    "acceptedDate": "2014-01-28 17:16:27",
    "calendarYear": "2014",
    "period": "Q2",
    "revenue": 3528000000,
    "costOfRevenue": 2541000000,
    "grossProfit": 987000000,
    "grossProfitRatio": 0.2797619048,
    "researchAndDevelopmentExpenses": 312000000,
    "generalAndAdministrativeExpenses": 0,
    "sellingAndMarketingExpenses": 0,
    "sellingGeneralAndAdministrativeExpenses": 190000000,
    "otherExpenses": 41000000,
    "operatingExpenses": 543000000,
    "costAndExpenses": 3084000000,
    "interestIncome": 1000000,
    "interestExpense": 49000000,
    "depreciationAndAmortization": 229000000,
    "ebitda": 720000000,
    "ebitdaratio": 0.2040816327,
    "operatingIncome": 444000000,
    "operatingIncomeRatio": 0.1258503401,
    "totalOtherIncomeExpensesNet": -2000000,
    "incomeBeforeTax": 442000000,
    "incomeBeforeTaxRatio": 0.1252834467,
    "incomeTaxExpense": 14000000,
    "netIncome": 428000000,
    "netIncomeRatio": 0.1213151927,
    "eps": 1.27,
    "epsdiluted": 1.24,
    "weightedAverageShsOut": 336000000,
    "weightedAverageShsOutDil": 346000000,
    "link": "https://www.sec.gov/Archives/edgar/data/1137789/000110465914004612/0001104659-14-004612-index.htm",
    "finalLink": "https://www.sec.gov/Archives/edgar/data/1137789/000110465914004612/a14-4377_110q.htm"
  },
  {
    "date": "2013-09-27",
    "symbol": "STX",
    "reportedCurrency": "USD",
    "cik": "0001137789",
    "fillingDate": "2013-10-29",
    "acceptedDate": "2013-10-29 17:28:59",
    "calendarYear": "2014",
    "period": "Q1",
    "revenue": 3489000000,
    "costOfRevenue": 2514000000,
    "grossProfit": 975000000,
    "grossProfitRatio": 0.2794496991,
    "researchAndDevelopmentExpenses": 294000000,
    "generalAndAdministrativeExpenses": 0,
    "sellingAndMarketingExpenses": 0,
    "sellingGeneralAndAdministrativeExpenses": 181000000,
    "otherExpenses": 22000000,
    "operatingExpenses": 497000000,
    "costAndExpenses": 3011000000,
    "interestIncome": 5000000,
    "interestExpense": 44000000,
    "depreciationAndAmortization": 228000000,
    "ebitda": 712000000,
    "ebitdaratio": 0.2040699341,
    "operatingIncome": 478000000,
    "operatingIncomeRatio": 0.1370020063,
    "totalOtherIncomeExpensesNet": -38000000,
    "incomeBeforeTax": 440000000,
    "incomeBeforeTaxRatio": 0.1261106334,
    "incomeTaxExpense": 13000000,
    "netIncome": 427000000,
    "netIncomeRatio": 0.1223846374,
    "eps": 1.2,
    "epsdiluted": 1.16,
    "weightedAverageShsOut": 357000000,
    "weightedAverageShsOutDil": 368000000,
    "link": "https://www.sec.gov/Archives/edgar/data/1137789/000110465913078822/0001104659-13-078822-index.htm",
    "finalLink": "https://www.sec.gov/Archives/edgar/data/1137789/000110465913078822/a13-22977_110q.htm"
  },
  {
    "date": "2013-06-28",
    "symbol": "STX",
    "reportedCurrency": "USD",
    "cik": "0001137789",
    "fillingDate": "2013-08-08",
    "acceptedDate": "2013-08-07 21:35:25",
    "calendarYear": "2013",
    "period": "Q4",
    "revenue": 3425000000,
    "costOfRevenue": 2486000000,
    "grossProfit": 939000000,
    "grossProfitRatio": 0.2741605839,
    "researchAndDevelopmentExpenses": 294000000,
    "generalAndAdministrativeExpenses": 0,
    "sellingAndMarketingExpenses": 0,
    "sellingGeneralAndAdministrativeExpenses": 176000000,
    "otherExpenses": 20000000,
    "operatingExpenses": 490000000,
    "costAndExpenses": 2976000000,
    "interestIncome": 2000000,
    "interestExpense": 51000000,
    "depreciationAndAmortization": 222000000,
    "ebitda": 576000000,
    "ebitdaratio": 0.1681751825,
    "operatingIncome": 447000000,
    "operatingIncomeRatio": 0.1305109489,
    "totalOtherIncomeExpensesNet": -144000000,
    "incomeBeforeTax": 303000000,
    "incomeBeforeTaxRatio": 0.0884671533,
    "incomeTaxExpense": -45000000,
    "netIncome": 348000000,
    "netIncomeRatio": 0.1016058394,
    "eps": 0.97,
    "epsdiluted": 0.94,
    "weightedAverageShsOut": 359000000,
    "weightedAverageShsOutDil": 371000000,
    "link": "https://www.sec.gov/Archives/edgar/data/1137789/000104746913008213/0001047469-13-008213-index.htm",
    "finalLink": "https://www.sec.gov/Archives/edgar/data/1137789/000104746913008213/a2216245z10-k.htm"
  },
  {
    "date": "2013-03-29",
    "symbol": "STX",
    "reportedCurrency": "USD",
    "cik": "0001137789",
    "fillingDate": "2013-05-02",
    "acceptedDate": "2013-05-01 18:16:16",
    "calendarYear": "2013",
    "period": "Q3",
    "revenue": 3526000000,
    "costOfRevenue": 2578000000,
    "grossProfit": 948000000,
    "grossProfitRatio": 0.2688598979,
    "researchAndDevelopmentExpenses": 294000000,
    "generalAndAdministrativeExpenses": 0,
    "sellingAndMarketingExpenses": 0,
    "sellingGeneralAndAdministrativeExpenses": 168000000,
    "otherExpenses": 21000000,
    "operatingExpenses": 483000000,
    "costAndExpenses": 3060000000,
    "interestIncome": 2000000,
    "interestExpense": 53000000,
    "depreciationAndAmortization": 221000000,
    "ebitda": 704000000,
    "ebitdaratio": 0.199659671,
    "operatingIncome": 465000000,
    "operatingIncomeRatio": 0.1318774816,
    "totalOtherIncomeExpensesNet": -35000000,
    "incomeBeforeTax": 430000000,
    "incomeBeforeTaxRatio": 0.1219512195,
    "incomeTaxExpense": 14000000,
    "netIncome": 416000000,
    "netIncomeRatio": 0.1179807147,
    "eps": 1.16,
    "epsdiluted": 1.13,
    "weightedAverageShsOut": 358000000,
    "weightedAverageShsOutDil": 369000000,
    "link": "https://www.sec.gov/Archives/edgar/data/1137789/000110465913036086/0001104659-13-036086-index.htm",
    "finalLink": "https://www.sec.gov/Archives/edgar/data/1137789/000110465913036086/a13-8665_110q.htm"
  },
  {
    "date": "2012-12-28",
    "symbol": "STX",
    "reportedCurrency": "USD",
    "cik": "0001137789",
    "fillingDate": "2013-01-29",
    "acceptedDate": "2013-01-29 14:46:05",
    "calendarYear": "2013",
    "period": "Q2",
    "revenue": 3668000000,
    "costOfRevenue": 2676000000,
    "grossProfit": 992000000,
    "grossProfitRatio": 0.2704471101,
    "researchAndDevelopmentExpenses": 277000000,
    "generalAndAdministrativeExpenses": 0,
    "sellingAndMarketingExpenses": 0,
    "sellingGeneralAndAdministrativeExpenses": 139000000,
    "otherExpenses": 20000000,
    "operatingExpenses": 436000000,
    "costAndExpenses": 3112000000,
    "interestIncome": 2000000,
    "interestExpense": 55000000,
    "depreciationAndAmortization": 218000000,
    "ebitda": 772000000,
    "ebitdaratio": 0.2104689204,
    "operatingIncome": 555000000,
    "operatingIncomeRatio": 0.151308615,
    "totalOtherIncomeExpensesNet": -56000000,
    "incomeBeforeTax": 499000000,
    "incomeBeforeTaxRatio": 0.1360414395,
    "incomeTaxExpense": 7000000,
    "netIncome": 492000000,
    "netIncomeRatio": 0.1341330425,
    "eps": 1.33,
    "epsdiluted": 1.3,
    "weightedAverageShsOut": 369000000,
    "weightedAverageShsOutDil": 379000000,
    "link": "https://www.sec.gov/Archives/edgar/data/1137789/000110465913005497/0001104659-13-005497-index.htm",
    "finalLink": "https://www.sec.gov/Archives/edgar/data/1137789/000110465913005497/a13-3681_110q.htm"
  },
  {
    "date": "2012-09-28",
    "symbol": "STX",
    "reportedCurrency": "USD",
    "cik": "0001137789",
    "fillingDate": "2012-10-31",
    "acceptedDate": "2012-10-31 17:01:07",
    "calendarYear": "2013",
    "period": "Q1",
    "revenue": 3732000000,
    "costOfRevenue": 2671000000,
    "grossProfit": 1061000000,
    "grossProfitRatio": 0.2842979636,
    "researchAndDevelopmentExpenses": 268000000,
    "generalAndAdministrativeExpenses": 0,
    "sellingAndMarketingExpenses": 0,
    "sellingGeneralAndAdministrativeExpenses": 150000000,
    "otherExpenses": 19000000,
    "operatingExpenses": 437000000,
    "costAndExpenses": 3108000000,
    "interestIncome": 2000000,
    "interestExpense": 55000000,
    "depreciationAndAmortization": 212000000,
    "ebitda": 867000000,
    "ebitdaratio": 0.2323151125,
    "operatingIncome": 624000000,
    "operatingIncomeRatio": 0.1672025723,
    "totalOtherIncomeExpensesNet": -24000000,
    "incomeBeforeTax": 600000000,
    "incomeBeforeTaxRatio": 0.1607717042,
    "incomeTaxExpense": 18000000,
    "netIncome": 582000000,
    "netIncomeRatio": 0.1559485531,
    "eps": 1.48,
    "epsdiluted": 1.42,
    "weightedAverageShsOut": 394000000,
    "weightedAverageShsOutDil": 409000000,
    "link": "https://www.sec.gov/Archives/edgar/data/1137789/000110465912072744/0001104659-12-072744-index.htm",
    "finalLink": "https://www.sec.gov/Archives/edgar/data/1137789/000110465912072744/a12-20558_110q.htm"
  },
  {
    "date": "2012-06-29",
    "symbol": "STX",
    "reportedCurrency": "USD",
    "cik": "0001137789",
    "fillingDate": "2012-08-09",
    "acceptedDate": "2012-08-08 19:42:05",
    "calendarYear": "2012",
    "period": "Q4",
    "revenue": 4482000000,
    "costOfRevenue": 2998000000,
    "grossProfit": 1484000000,
    "grossProfitRatio": 0.3311021865,
    "researchAndDevelopmentExpenses": 269000000,
    "generalAndAdministrativeExpenses": 0,
    "sellingAndMarketingExpenses": 0,
    "sellingGeneralAndAdministrativeExpenses": 140000000,
    "otherExpenses": 18000000,
    "operatingExpenses": 427000000,
    "costAndExpenses": 3425000000,
    "interestIncome": 2000000,
    "interestExpense": 55000000,
    "depreciationAndAmortization": 217000000,
    "ebitda": 1286000000,
    "ebitdaratio": 0.2869254797,
    "operatingIncome": 1057000000,
    "operatingIncomeRatio": 0.2358322178,
    "totalOtherIncomeExpensesNet": -44000000,
    "incomeBeforeTax": 1013000000,
    "incomeBeforeTaxRatio": 0.2260151718,
    "incomeTaxExpense": 0,
    "netIncome": 1013000000,
    "netIncomeRatio": 0.2260151718,
    "eps": 2.46,
    "epsdiluted": 2.37,
    "weightedAverageShsOut": 411000000,
    "weightedAverageShsOutDil": 427000000,
    "link": "https://www.sec.gov/Archives/edgar/data/1137789/000104746912007998/0001047469-12-007998-index.htm",
    "finalLink": "https://www.sec.gov/Archives/edgar/data/1137789/000104746912007998/a2210517z10-k.htm"
  },
  {
    "date": "2012-03-30",
    "symbol": "STX",
    "reportedCurrency": "USD",
    "cik": "0001137789",
    "fillingDate": "2012-04-30",
    "acceptedDate": "2012-04-30 17:28:04",
    "calendarYear": "2012",
    "period": "Q3",
    "revenue": 4450000000,
    "costOfRevenue": 2809000000,
    "grossProfit": 1641000000,
    "grossProfitRatio": 0.3687640449,
    "researchAndDevelopmentExpenses": 270000000,
    "generalAndAdministrativeExpenses": 0,
    "sellingAndMarketingExpenses": 0,
    "sellingGeneralAndAdministrativeExpenses": 142000000,
    "otherExpenses": 18000000,
    "operatingExpenses": 430000000,
    "costAndExpenses": 3239000000,
    "interestIncome": 2000000,
    "interestExpense": 59000000,
    "depreciationAndAmortization": 224000000,
    "ebitda": 1442000000,
    "ebitdaratio": 0.3240449438,
    "operatingIncome": 1210000000,
    "operatingIncomeRatio": 0.2719101124,
    "totalOtherIncomeExpensesNet": -51000000,
    "incomeBeforeTax": 1159000000,
    "incomeBeforeTaxRatio": 0.2604494382,
    "incomeTaxExpense": 13000000,
    "netIncome": 1146000000,
    "netIncomeRatio": 0.2575280899,
    "eps": 2.57,
    "epsdiluted": 2.48,
    "weightedAverageShsOut": 446000000,
    "weightedAverageShsOutDil": 463000000,
    "link": "https://www.sec.gov/Archives/edgar/data/1137789/000110465912030744/0001104659-12-030744-index.htm",
    "finalLink": "https://www.sec.gov/Archives/edgar/data/1137789/000110465912030744/a12-7051_110q.htm"
  },
  {
    "date": "2011-12-30",
    "symbol": "STX",
    "reportedCurrency": "USD",
    "cik": "0001137789",
    "fillingDate": "2012-02-01",
    "acceptedDate": "2012-02-01 16:07:40",
    "calendarYear": "2012",
    "period": "Q2",
    "revenue": 3195000000,
    "costOfRevenue": 2185000000,
    "grossProfit": 1010000000,
    "grossProfitRatio": 0.3161189358,
    "researchAndDevelopmentExpenses": 259000000,
    "generalAndAdministrativeExpenses": 0,
    "sellingAndMarketingExpenses": 0,
    "sellingGeneralAndAdministrativeExpenses": 141000000,
    "otherExpenses": 2000000,
    "operatingExpenses": 402000000,
    "costAndExpenses": 2587000000,
    "interestIncome": 2000000,
    "interestExpense": 58000000,
    "depreciationAndAmortization": 191000000,
    "ebitda": 807000000,
    "ebitdaratio": 0.2525821596,
    "operatingIncome": 605000000,
    "operatingIncomeRatio": 0.1893583725,
    "totalOtherIncomeExpensesNet": -47000000,
    "incomeBeforeTax": 558000000,
    "incomeBeforeTaxRatio": 0.1746478873,
    "incomeTaxExpense": -5000000,
    "netIncome": 563000000,
    "netIncomeRatio": 0.1762128326,
    "eps": 1.32,
    "epsdiluted": 1.28,
    "weightedAverageShsOut": 427000000,
    "weightedAverageShsOutDil": 439000000,
    "link": "https://www.sec.gov/Archives/edgar/data/1137789/000110465912005861/0001104659-12-005861-index.htm",
    "finalLink": "https://www.sec.gov/Archives/edgar/data/1137789/000110465912005861/a11-30617_110q.htm"
  },
  {
    "date": "2011-09-30",
    "symbol": "STX",
    "reportedCurrency": "USD",
    "cik": "0001137789",
    "fillingDate": "2011-10-27",
    "acceptedDate": "2011-10-27 16:43:42",
    "calendarYear": "2012",
    "period": "Q1",
    "revenue": 2811000000,
    "costOfRevenue": 2262000000,
    "grossProfit": 549000000,
    "grossProfitRatio": 0.1953041622,
    "researchAndDevelopmentExpenses": 208000000,
    "generalAndAdministrativeExpenses": 0,
    "sellingAndMarketingExpenses": 0,
    "sellingGeneralAndAdministrativeExpenses": 105000000,
    "otherExpenses": 0,
    "operatingExpenses": 313000000,
    "costAndExpenses": 2575000000,
    "interestIncome": 1000000,
    "interestExpense": 69000000,
    "depreciationAndAmortization": 182000000,
    "ebitda": 403000000,
    "ebitdaratio": 0.1433653504,
    "operatingIncome": 236000000,
    "operatingIncomeRatio": 0.0839558876,
    "totalOtherIncomeExpensesNet": -84000000,
    "incomeBeforeTax": 152000000,
    "incomeBeforeTaxRatio": 0.0540732835,
    "incomeTaxExpense": 12000000,
    "netIncome": 140000000,
    "netIncomeRatio": 0.0498043401,
    "eps": 0.33,
    "epsdiluted": 0.32,
    "weightedAverageShsOut": 421000000,
    "weightedAverageShsOutDil": 433000000,
    "link": "https://www.sec.gov/Archives/edgar/data/1137789/000110465911058484/0001104659-11-058484-index.htm",
    "finalLink": "https://www.sec.gov/Archives/edgar/data/1137789/000110465911058484/a11-26462_110q.htm"
  },
  {
    "date": "2011-07-01",
    "symbol": "STX",
    "reportedCurrency": "USD",
    "cik": "0001137789",
    "fillingDate": "2011-08-17",
    "acceptedDate": "2011-08-17 16:58:12",
    "calendarYear": "2011",
    "period": "Q4",
    "revenue": 2859000000,
    "costOfRevenue": 2308000000,
    "grossProfit": 551000000,
    "grossProfitRatio": 0.1927247289,
    "researchAndDevelopmentExpenses": 229000000,
    "generalAndAdministrativeExpenses": 0,
    "sellingAndMarketingExpenses": 0,
    "sellingGeneralAndAdministrativeExpenses": 128000000,
    "otherExpenses": 4000000,
    "operatingExpenses": 361000000,
    "costAndExpenses": 2665000000,
    "interestIncome": 1000000,
    "interestExpense": 63000000,
    "depreciationAndAmortization": 187000000,
    "ebitda": 379000000,
    "ebitdaratio": 0.1325638335,
    "operatingIncome": 190000000,
    "operatingIncomeRatio": 0.0664568031,
    "totalOtherIncomeExpensesNet": -61000000,
    "incomeBeforeTax": 129000000,
    "incomeBeforeTaxRatio": 0.0451206716,
    "incomeTaxExpense": 10000000,
    "netIncome": 119000000,
    "netIncomeRatio": 0.0416229451,
    "eps": 0.27,
    "epsdiluted": 0.27,
    "weightedAverageShsOut": 444000000,
    "weightedAverageShsOutDil": 444000000,
    "link": "https://www.sec.gov/Archives/edgar/data/1137789/000104746911007483/0001047469-11-007483-index.htm",
    "finalLink": "https://www.sec.gov/Archives/edgar/data/1137789/000104746911007483/a2205181z10-k.htm"
  },
  {
    "date": "2011-04-01",
    "symbol": "STX",
    "reportedCurrency": "USD",
    "cik": "0001137789",
    "fillingDate": "2011-05-03",
    "acceptedDate": "2011-05-03 16:55:34",
    "calendarYear": "2011",
    "period": "Q3",
    "revenue": 2695000000,
    "costOfRevenue": 2179000000,
    "grossProfit": 516000000,
    "grossProfitRatio": 0.1914656772,
    "researchAndDevelopmentExpenses": 224000000,
    "generalAndAdministrativeExpenses": 0,
    "sellingAndMarketingExpenses": 0,
    "sellingGeneralAndAdministrativeExpenses": 110000000,
    "otherExpenses": 3000000,
    "operatingExpenses": 337000000,
    "costAndExpenses": 2513000000,
    "interestIncome": 2000000,
    "interestExpense": 59000000,
    "depreciationAndAmortization": 188000000,
    "ebitda": 369000000,
    "ebitdaratio": 0.1369202226,
    "operatingIncome": 179000000,
    "operatingIncomeRatio": 0.066419295,
    "totalOtherIncomeExpensesNet": -57000000,
    "incomeBeforeTax": 122000000,
    "incomeBeforeTaxRatio": 0.0452690167,
    "incomeTaxExpense": 29000000,
    "netIncome": 93000000,
    "netIncomeRatio": 0.0345083488,
    "eps": 0.21,
    "epsdiluted": 0.21,
    "weightedAverageShsOut": 437000000,
    "weightedAverageShsOutDil": 453000000,
    "link": "https://www.sec.gov/Archives/edgar/data/1137789/000110465911025330/0001104659-11-025330-index.htm",
    "finalLink": "https://www.sec.gov/Archives/edgar/data/1137789/000110465911025330/a11-6126_110q.htm"
  },
  {
    "date": "2010-12-31",
    "symbol": "STX",
    "reportedCurrency": "USD",
    "cik": "0001137789",
    "fillingDate": "2011-02-03",
    "acceptedDate": "2011-02-03 17:22:31",
    "calendarYear": "2011",
    "period": "Q2",
    "revenue": 2719000000,
    "costOfRevenue": 2190000000,
    "grossProfit": 529000000,
    "grossProfitRatio": 0.1945568224,
    "researchAndDevelopmentExpenses": 213000000,
    "generalAndAdministrativeExpenses": 0,
    "sellingAndMarketingExpenses": 0,
    "sellingGeneralAndAdministrativeExpenses": 102000000,
    "otherExpenses": 8000000,
    "operatingExpenses": 323000000,
    "costAndExpenses": 2506000000,
    "interestIncome": 2000000,
    "interestExpense": 46000000,
    "depreciationAndAmortization": 190000000,
    "ebitda": 411000000,
    "ebitdaratio": 0.1511585142,
    "operatingIncome": 206000000,
    "operatingIncomeRatio": 0.0757631482,
    "totalOtherIncomeExpensesNet": -31000000,
    "incomeBeforeTax": 175000000,
    "incomeBeforeTaxRatio": 0.0643618978,
    "incomeTaxExpense": 25000000,
    "netIncome": 150000000,
    "netIncomeRatio": 0.0551673409,
    "eps": 0.32,
    "epsdiluted": 0.31,
    "weightedAverageShsOut": 469000000,
    "weightedAverageShsOutDil": 486000000,
    "link": "https://www.sec.gov/Archives/edgar/data/1137789/000110465911004841/0001104659-11-004841-index.htm",
    "finalLink": "https://www.sec.gov/Archives/edgar/data/1137789/000110465911004841/a10-22774_110q.htm"
  },
  {
    "date": "2010-10-01",
    "symbol": "STX",
    "reportedCurrency": "USD",
    "cik": "0001137789",
    "fillingDate": "2010-11-03",
    "acceptedDate": "2010-11-03 16:28:47",
    "calendarYear": "2011",
    "period": "Q1",
    "revenue": 2697000000,
    "costOfRevenue": 2147000000,
    "grossProfit": 550000000,
    "grossProfitRatio": 0.2039302929,
    "researchAndDevelopmentExpenses": 209000000,
    "generalAndAdministrativeExpenses": 0,
    "sellingAndMarketingExpenses": 0,
    "sellingGeneralAndAdministrativeExpenses": 105000000,
    "otherExpenses": 5000000,
    "operatingExpenses": 319000000,
    "costAndExpenses": 2462000000,
    "interestIncome": 2000000,
    "interestExpense": 46000000,
    "depreciationAndAmortization": 189000000,
    "ebitda": 388000000,
    "ebitdaratio": 0.1438635521,
    "operatingIncome": 231000000,
    "operatingIncomeRatio": 0.085650723,
    "totalOtherIncomeExpensesNet": -78000000,
    "incomeBeforeTax": 153000000,
    "incomeBeforeTaxRatio": 0.0567296997,
    "incomeTaxExpense": 4000000,
    "netIncome": 149000000,
    "netIncomeRatio": 0.0552465703,
    "eps": 0.32,
    "epsdiluted": 0.31,
    "weightedAverageShsOut": 471000000,
    "weightedAverageShsOutDil": 487000000,
    "link": "https://www.sec.gov/Archives/edgar/data/1137789/000110465910055612/0001104659-10-055612-index.htm",
    "finalLink": "https://www.sec.gov/Archives/edgar/data/1137789/000110465910055612/a10-16642_110q.htm"
  },
  {
    "date": "2010-07-02",
    "symbol": "STX",
    "reportedCurrency": "USD",
    "cik": "0001137789",
    "fillingDate": "2010-08-20",
    "acceptedDate": "2010-08-20 15:23:57",
    "calendarYear": "2010",
    "period": "Q4",
    "revenue": 2657000000,
    "costOfRevenue": 1930000000,
    "grossProfit": 727000000,
    "grossProfitRatio": 0.2736168611,
    "researchAndDevelopmentExpenses": 219000000,
    "generalAndAdministrativeExpenses": 0,
    "sellingAndMarketingExpenses": 0,
    "sellingGeneralAndAdministrativeExpenses": 114000000,
    "otherExpenses": 13000000,
    "operatingExpenses": 346000000,
    "costAndExpenses": 2267000000,
    "interestIncome": 2000000,
    "interestExpense": 47000000,
    "depreciationAndAmortization": 196000000,
    "ebitda": 583000000,
    "ebitdaratio": 0.2194203989,
    "operatingIncome": 381000000,
    "operatingIncomeRatio": 0.1433948062,
    "totalOtherIncomeExpensesNet": -41000000,
    "incomeBeforeTax": 340000000,
    "incomeBeforeTaxRatio": 0.127963869,
    "incomeTaxExpense": -39000000,
    "netIncome": 379000000,
    "netIncomeRatio": 0.1426420775,
    "eps": 0.76,
    "epsdiluted": 0.76,
    "weightedAverageShsOut": 491000000,
    "weightedAverageShsOutDil": 500000000,
    "link": "https://www.sec.gov/Archives/edgar/data/1137789/000104746910007649/0001047469-10-007649-index.htm",
    "finalLink": "https://www.sec.gov/Archives/edgar/data/1137789/000104746910007649/a2199925z10-k.htm"
  },
  {
    "date": "2010-04-02",
    "symbol": "STX",
    "reportedCurrency": "USD",
    "cik": "0001137789",
    "fillingDate": "2010-05-05",
    "acceptedDate": "2010-05-05 17:01:02",
    "calendarYear": "2010",
    "period": "Q3",
    "revenue": 3049000000,
    "costOfRevenue": 2148000000,
    "grossProfit": 901000000,
    "grossProfitRatio": 0.2955067235,
    "researchAndDevelopmentExpenses": 224000000,
    "generalAndAdministrativeExpenses": 0,
    "sellingAndMarketingExpenses": 0,
    "sellingGeneralAndAdministrativeExpenses": 105000000,
    "otherExpenses": 8000000,
    "operatingExpenses": 337000000,
    "costAndExpenses": 2485000000,
    "interestIncome": 2000000,
    "interestExpense": 41000000,
    "depreciationAndAmortization": 188000000,
    "ebitda": 751000000,
    "ebitdaratio": 0.2463102657,
    "operatingIncome": 560000000,
    "operatingIncomeRatio": 0.183666776,
    "totalOtherIncomeExpensesNet": -38000000,
    "incomeBeforeTax": 522000000,
    "incomeBeforeTaxRatio": 0.1712036733,
    "incomeTaxExpense": 4000000,
    "netIncome": 518000000,
    "netIncomeRatio": 0.1698917678,
    "eps": 1.05,
    "epsdiluted": 1,
    "weightedAverageShsOut": 493000000,
    "weightedAverageShsOutDil": 520000000,
    "link": "https://www.sec.gov/Archives/edgar/data/1137789/000110465910025829/0001104659-10-025829-index.htm",
    "finalLink": "https://www.sec.gov/Archives/edgar/data/1137789/000110465910025829/a10-6195_110q.htm"
  },
  {
    "date": "2010-01-01",
    "symbol": "STX",
    "reportedCurrency": "USD",
    "cik": "0001137789",
    "fillingDate": "2010-02-01",
    "acceptedDate": "2010-02-01 17:02:33",
    "calendarYear": "2010",
    "period": "Q2",
    "revenue": 3027000000,
    "costOfRevenue": 2104000000,
    "grossProfit": 923000000,
    "grossProfitRatio": 0.3049223654,
    "researchAndDevelopmentExpenses": 227000000,
    "generalAndAdministrativeExpenses": 0,
    "sellingAndMarketingExpenses": 0,
    "sellingGeneralAndAdministrativeExpenses": 110000000,
    "otherExpenses": 8000000,
    "operatingExpenses": 345000000,
    "costAndExpenses": 2449000000,
    "interestIncome": 1000000,
    "interestExpense": 41000000,
    "depreciationAndAmortization": 192000000,
    "ebitda": 760000000,
    "ebitdaratio": 0.2510736703,
    "operatingIncome": 578000000,
    "operatingIncomeRatio": 0.1909481335,
    "totalOtherIncomeExpensesNet": -51000000,
    "incomeBeforeTax": 527000000,
    "incomeBeforeTaxRatio": 0.1740997687,
    "incomeTaxExpense": -6000000,
    "netIncome": 533000000,
    "netIncomeRatio": 0.1760819293,
    "eps": 1.07,
    "epsdiluted": 1.03,
    "weightedAverageShsOut": 498000000,
    "weightedAverageShsOutDil": 520000000,
    "link": "https://www.sec.gov/Archives/edgar/data/1137789/000110465910004205/0001104659-10-004205-index.htm",
    "finalLink": "https://www.sec.gov/Archives/edgar/data/1137789/000110465910004205/a10-2628_110q.htm"
  },
  {
    "date": "2009-10-02",
    "symbol": "STX",
    "reportedCurrency": "USD",
    "cik": "0001137789",
    "fillingDate": "2009-11-04",
    "acceptedDate": "2009-11-04 15:59:09",
    "calendarYear": "2010",
    "period": "Q1",
    "revenue": 2663000000,
    "costOfRevenue": 2010000000,
    "grossProfit": 653000000,
    "grossProfitRatio": 0.2452121667,
    "researchAndDevelopmentExpenses": 208000000,
    "generalAndAdministrativeExpenses": 0,
    "sellingAndMarketingExpenses": 0,
    "sellingGeneralAndAdministrativeExpenses": 106000000,
    "otherExpenses": 118000000,
    "operatingExpenses": 432000000,
    "costAndExpenses": 2442000000,
    "interestIncome": 1000000,
    "interestExpense": 45000000,
    "depreciationAndAmortization": 204000000,
    "ebitda": 429000000,
    "ebitdaratio": 0.1610965077,
    "operatingIncome": 221000000,
    "operatingIncomeRatio": 0.08298911,
    "totalOtherIncomeExpensesNet": -41000000,
    "incomeBeforeTax": 180000000,
    "incomeBeforeTaxRatio": 0.0675929403,
    "incomeTaxExpense": 1000000,
    "netIncome": 179000000,
    "netIncomeRatio": 0.067217424,
    "eps": 0.36,
    "epsdiluted": 0.35,
    "weightedAverageShsOut": 494000000,
    "weightedAverageShsOutDil": 512000000,
    "link": "https://www.sec.gov/Archives/edgar/data/1137789/000110465909062508/0001104659-09-062508-index.htm",
    "finalLink": "https://www.sec.gov/Archives/edgar/data/1137789/000110465909062508/a09-32480_110q.htm"
  },
  {
    "date": "2009-07-03",
    "symbol": "STX",
    "reportedCurrency": "USD",
    "cik": "0001137789",
    "fillingDate": "2009-08-19",
    "acceptedDate": "2009-08-19 17:01:52",
    "calendarYear": "2009",
    "period": "Q4",
    "revenue": 2353000000,
    "costOfRevenue": 1947000000,
    "grossProfit": 406000000,
    "grossProfitRatio": 0.1725456864,
    "researchAndDevelopmentExpenses": 215000000,
    "generalAndAdministrativeExpenses": 0,
    "sellingAndMarketingExpenses": 0,
    "sellingGeneralAndAdministrativeExpenses": 113000000,
    "otherExpenses": 98000000,
    "operatingExpenses": 426000000,
    "costAndExpenses": 2373000000,
    "interestIncome": 2000000,
    "interestExpense": 39000000,
    "depreciationAndAmortization": 224000000,
    "ebitda": 209000000,
    "ebitdaratio": 0.0888227794,
    "operatingIncome": -20000000,
    "operatingIncomeRatio": -0.0084997875,
    "totalOtherIncomeExpensesNet": -34000000,
    "incomeBeforeTax": -54000000,
    "incomeBeforeTaxRatio": -0.0229494263,
    "incomeTaxExpense": 27000000,
    "netIncome": -81000000,
    "netIncomeRatio": -0.0344241394,
    "eps": -0.16,
    "epsdiluted": -0.16,
    "weightedAverageShsOut": 491000000,
    "weightedAverageShsOutDil": 491000000,
    "link": "https://www.sec.gov/Archives/edgar/data/1137789/000104746909007888/0001047469-09-007888-index.htm",
    "finalLink": "https://www.sec.gov/Archives/edgar/data/1137789/000104746909007888/a2194209z10-k.htm"
  },
  {
    "date": "2009-04-03",
    "symbol": "STX",
    "reportedCurrency": "USD",
    "cik": "0001137789",
    "fillingDate": "2009-05-06",
    "acceptedDate": "2009-05-05 21:49:32",
    "calendarYear": "2009",
    "period": "Q3",
    "revenue": 2150000000,
    "costOfRevenue": 1993000000,
    "grossProfit": 157000000,
    "grossProfitRatio": 0.0730232558,
    "researchAndDevelopmentExpenses": 243000000,
    "generalAndAdministrativeExpenses": 0,
    "sellingAndMarketingExpenses": 0,
    "sellingGeneralAndAdministrativeExpenses": 134000000,
    "otherExpenses": 38000000,
    "operatingExpenses": 415000000,
    "costAndExpenses": 2408000000,
    "interestIncome": 3000000,
    "interestExpense": 35000000,
    "depreciationAndAmortization": 226000000,
    "ebitda": -28000000,
    "ebitdaratio": -0.0130232558,
    "operatingIncome": -262000000,
    "operatingIncomeRatio": -0.1218604651,
    "totalOtherIncomeExpensesNet": -29000000,
    "incomeBeforeTax": -291000000,
    "incomeBeforeTaxRatio": -0.1353488372,
    "incomeTaxExpense": -16000000,
    "netIncome": -275000000,
    "netIncomeRatio": -0.1279069767,
    "eps": -0.56,
    "epsdiluted": -0.56,
    "weightedAverageShsOut": 489000000,
    "weightedAverageShsOutDil": 489000000,
    "link": "https://www.sec.gov/Archives/edgar/data/1137789/000119312509100353/0001193125-09-100353-index.htm",
    "finalLink": "https://www.sec.gov/Archives/edgar/data/1137789/000119312509100353/d10q.htm"
  },
  {
    "date": "2009-01-02",
    "symbol": "STX",
    "reportedCurrency": "USD",
    "cik": "0001137789",
    "fillingDate": "2009-02-10",
    "acceptedDate": "2009-02-10 17:07:46",
    "calendarYear": "2009",
    "period": "Q2",
    "revenue": 2270000000,
    "costOfRevenue": 1948000000,
    "grossProfit": 322000000,
    "grossProfitRatio": 0.1418502203,
    "researchAndDevelopmentExpenses": 235000000,
    "generalAndAdministrativeExpenses": 0,
    "sellingAndMarketingExpenses": 0,
    "sellingGeneralAndAdministrativeExpenses": 142000000,
    "otherExpenses": 2382000000,
    "operatingExpenses": 2759000000,
    "costAndExpenses": 4743000000,
    "interestIncome": 5000000,
    "interestExpense": 32000000,
    "depreciationAndAmortization": 228000000,
    "ebitda": -2248000000,
    "ebitdaratio": -0.99030837,
    "operatingIncome": -2473000000,
    "operatingIncomeRatio": -1.0894273128,
    "totalOtherIncomeExpensesNet": -35000000,
    "incomeBeforeTax": -2508000000,
    "incomeBeforeTaxRatio": -1.104845815,
    "incomeTaxExpense": 316000000,
    "netIncome": -2824000000,
    "netIncomeRatio": -1.2440528634,
    "eps": -5.8,
    "epsdiluted": -5.8,
    "weightedAverageShsOut": 487000000,
    "weightedAverageShsOutDil": 487000000,
    "link": "https://www.sec.gov/Archives/edgar/data/1137789/000119312509024153/0001193125-09-024153-index.htm",
    "finalLink": "https://www.sec.gov/Archives/edgar/data/1137789/000119312509024153/d10q.htm"
  },
  {
    "date": "2008-10-03",
    "symbol": "STX",
    "reportedCurrency": "USD",
    "cik": "0001137789",
    "fillingDate": "2008-10-30",
    "acceptedDate": "2008-10-30 17:10:33",
    "calendarYear": "2009",
    "period": "Q1",
    "revenue": 3033000000,
    "costOfRevenue": 2508000000,
    "grossProfit": 525000000,
    "grossProfitRatio": 0.1730959446,
    "researchAndDevelopmentExpenses": 260000000,
    "generalAndAdministrativeExpenses": 0,
    "sellingAndMarketingExpenses": 0,
    "sellingGeneralAndAdministrativeExpenses": 148000000,
    "otherExpenses": 37000000,
    "operatingExpenses": 445000000,
    "costAndExpenses": 2952000000,
    "interestIncome": 7000000,
    "interestExpense": 33000000,
    "depreciationAndAmortization": 253000000,
    "ebitda": 327000000,
    "ebitdaratio": 0.1078140455,
    "operatingIncome": 81000000,
    "operatingIncomeRatio": 0.0267062315,
    "totalOtherIncomeExpensesNet": -40000000,
    "incomeBeforeTax": 41000000,
    "incomeBeforeTaxRatio": 0.013517969,
    "incomeTaxExpense": -16000000,
    "netIncome": 57000000,
    "netIncomeRatio": 0.018793274,
    "eps": 0.12,
    "epsdiluted": 0.12,
    "weightedAverageShsOut": 485000000,
    "weightedAverageShsOutDil": 494000000,
    "link": "https://www.sec.gov/Archives/edgar/data/1137789/000119312508220421/0001193125-08-220421-index.htm",
    "finalLink": "https://www.sec.gov/Archives/edgar/data/1137789/000119312508220421/d10q.htm"
  },
  {
    "date": "2008-06-27",
    "symbol": "STX",
    "reportedCurrency": "USD",
    "cik": "0001137789",
    "fillingDate": "2008-08-13",
    "acceptedDate": "2008-08-13 06:08:18",
    "calendarYear": "2008",
    "period": "Q4",
    "revenue": 2899000000,
    "costOfRevenue": 2208000000,
    "grossProfit": 691000000,
    "grossProfitRatio": 0.2383580545,
    "researchAndDevelopmentExpenses": 270000000,
    "generalAndAdministrativeExpenses": 0,
    "sellingAndMarketingExpenses": 0,
    "sellingGeneralAndAdministrativeExpenses": 175000000,
    "otherExpenses": 13000000,
    "operatingExpenses": 458000000,
    "costAndExpenses": 2702000000,
    "interestIncome": 0,
    "interestExpense": 0,
    "depreciationAndAmortization": 213000000,
    "ebitda": 446000000,
    "ebitdaratio": 0.1538461538,
    "operatingIncome": 197000000,
    "operatingIncomeRatio": 0.0679544671,
    "totalOtherIncomeExpensesNet": -15000000,
    "incomeBeforeTax": 182000000,
    "incomeBeforeTaxRatio": 0.0627802691,
    "incomeTaxExpense": 22000000,
    "netIncome": 160000000,
    "netIncomeRatio": 0.0551914453,
    "eps": 0.32,
    "epsdiluted": 0.32,
    "weightedAverageShsOut": 482000000,
    "weightedAverageShsOutDil": 506000000,
    "link": "https://www.sec.gov/Archives/edgar/data/1137789/000119312508175417/0001193125-08-175417-index.htm",
    "finalLink": "https://www.sec.gov/Archives/edgar/data/1137789/000119312508175417/d10k.htm"
  },
  {
    "date": "2008-03-28",
    "symbol": "STX",
    "reportedCurrency": "USD",
    "cik": "0001137789",
    "fillingDate": "2008-04-29",
    "acceptedDate": "2008-04-29 16:39:37",
    "calendarYear": "2008",
    "period": "Q3",
    "revenue": 3104000000,
    "costOfRevenue": 2288000000,
    "grossProfit": 816000000,
    "grossProfitRatio": 0.2628865979,
    "researchAndDevelopmentExpenses": 254000000,
    "generalAndAdministrativeExpenses": 0,
    "sellingAndMarketingExpenses": 0,
    "sellingGeneralAndAdministrativeExpenses": 164000000,
    "otherExpenses": 35000000,
    "operatingExpenses": 453000000,
    "costAndExpenses": 2741000000,
    "interestIncome": 16000000,
    "interestExpense": 30000000,
    "depreciationAndAmortization": 211000000,
    "ebitda": 590000000,
    "ebitdaratio": 0.1900773196,
    "operatingIncome": 363000000,
    "operatingIncomeRatio": 0.1169458763,
    "totalOtherIncomeExpensesNet": -14000000,
    "incomeBeforeTax": 349000000,
    "incomeBeforeTaxRatio": 0.112435567,
    "incomeTaxExpense": 5000000,
    "netIncome": 344000000,
    "netIncomeRatio": 0.1108247423,
    "eps": 0.68,
    "epsdiluted": 0.65,
    "weightedAverageShsOut": 507000000,
    "weightedAverageShsOutDil": 530000000,
    "link": "https://www.sec.gov/Archives/edgar/data/1137789/000119312508095197/0001193125-08-095197-index.htm",
    "finalLink": "https://www.sec.gov/Archives/edgar/data/1137789/000119312508095197/d10q.htm"
  },
  {
    "date": "2007-12-28",
    "symbol": "STX",
    "reportedCurrency": "USD",
    "cik": "0001137789",
    "fillingDate": "2008-01-30",
    "acceptedDate": "2008-01-30 16:58:54",
    "calendarYear": "2008",
    "period": "Q2",
    "revenue": 3420000000,
    "costOfRevenue": 2531000000,
    "grossProfit": 889000000,
    "grossProfitRatio": 0.2599415205,
    "researchAndDevelopmentExpenses": 262000000,
    "generalAndAdministrativeExpenses": 0,
    "sellingAndMarketingExpenses": 0,
    "sellingGeneralAndAdministrativeExpenses": 167000000,
    "otherExpenses": 40000000,
    "operatingExpenses": 469000000,
    "costAndExpenses": 3000000000,
    "interestIncome": 0,
    "interestExpense": 0,
    "depreciationAndAmortization": 215000000,
    "ebitda": 662000000,
    "ebitdaratio": 0.1935672515,
    "operatingIncome": 420000000,
    "operatingIncomeRatio": 0.1228070175,
    "totalOtherIncomeExpensesNet": 3000000,
    "incomeBeforeTax": 423000000,
    "incomeBeforeTaxRatio": 0.1236842105,
    "incomeTaxExpense": 20000000,
    "netIncome": 403000000,
    "netIncomeRatio": 0.1178362573,
    "eps": 0.77,
    "epsdiluted": 0.73,
    "weightedAverageShsOut": 526000000,
    "weightedAverageShsOutDil": 556000000,
    "link": "https://www.sec.gov/Archives/edgar/data/1137789/000119312508015548/0001193125-08-015548-index.htm",
    "finalLink": "https://www.sec.gov/Archives/edgar/data/1137789/000119312508015548/d10q.htm"
  },
  {
    "date": "2007-09-28",
    "symbol": "STX",
    "reportedCurrency": "USD",
    "cik": "0001137789",
    "fillingDate": "2007-10-29",
    "acceptedDate": "2007-10-29 14:27:12",
    "calendarYear": "2008",
    "period": "Q1",
    "revenue": 3285000000,
    "costOfRevenue": 2476000000,
    "grossProfit": 809000000,
    "grossProfitRatio": 0.2462709285,
    "researchAndDevelopmentExpenses": 242000000,
    "generalAndAdministrativeExpenses": 0,
    "sellingAndMarketingExpenses": 0,
    "sellingGeneralAndAdministrativeExpenses": 153000000,
    "otherExpenses": 18000000,
    "operatingExpenses": 413000000,
    "costAndExpenses": 2884000000,
    "interestIncome": 0,
    "interestExpense": 0,
    "depreciationAndAmortization": 205000000,
    "ebitda": 606000000,
    "ebitdaratio": 0.1844748858,
    "operatingIncome": 396000000,
    "operatingIncomeRatio": 0.1205479452,
    "totalOtherIncomeExpensesNet": -21000000,
    "incomeBeforeTax": 375000000,
    "incomeBeforeTaxRatio": 0.1141552511,
    "incomeTaxExpense": 20000000,
    "netIncome": 355000000,
    "netIncomeRatio": 0.1080669711,
    "eps": 0.67,
    "epsdiluted": 0.64,
    "weightedAverageShsOut": 531000000,
    "weightedAverageShsOutDil": 560000000,
    "link": "https://www.sec.gov/Archives/edgar/data/1137789/000119312507228056/0001193125-07-228056-index.htm",
    "finalLink": "https://www.sec.gov/Archives/edgar/data/1137789/000119312507228056/d10q.htm"
  },
  {
    "date": "2007-06-29",
    "symbol": "STX",
    "reportedCurrency": "USD",
    "cik": "0001137789",
    "fillingDate": "2007-08-27",
    "acceptedDate": "2007-08-24 21:50:45",
    "calendarYear": "2007",
    "period": "Q4",
    "revenue": 2744000000,
    "costOfRevenue": 2150000000,
    "grossProfit": 594000000,
    "grossProfitRatio": 0.2164723032,
    "researchAndDevelopmentExpenses": 221000000,
    "generalAndAdministrativeExpenses": 0,
    "sellingAndMarketingExpenses": 0,
    "sellingGeneralAndAdministrativeExpenses": 143000000,
    "otherExpenses": 42000000,
    "operatingExpenses": 406000000,
    "costAndExpenses": 2556000000,
    "interestIncome": 0,
    "interestExpense": 0,
    "depreciationAndAmortization": 201000000,
    "ebitda": 418000000,
    "ebitdaratio": 0.1523323615,
    "operatingIncome": 188000000,
    "operatingIncomeRatio": 0.0685131195,
    "totalOtherIncomeExpensesNet": -16000000,
    "incomeBeforeTax": 172000000,
    "incomeBeforeTaxRatio": 0.0626822157,
    "incomeTaxExpense": -370000000,
    "netIncome": 542000000,
    "netIncomeRatio": 0.1975218659,
    "eps": 0.96,
    "epsdiluted": 0.96,
    "weightedAverageShsOut": 540000000,
    "weightedAverageShsOutDil": 564000000,
    "link": "https://www.sec.gov/Archives/edgar/data/1137789/000095013407018993/0000950134-07-018993-index.htm",
    "finalLink": "https://www.sec.gov/Archives/edgar/data/1137789/000095013407018993/f32884e10vk.htm"
  },
  {
    "date": "2007-03-30",
    "symbol": "STX",
    "reportedCurrency": "USD",
    "cik": "0001137789",
    "fillingDate": "2007-05-03",
    "acceptedDate": "2007-05-03 17:26:30",
    "calendarYear": "2007",
    "period": "Q3",
    "revenue": 2828000000,
    "costOfRevenue": 2225000000,
    "grossProfit": 603000000,
    "grossProfitRatio": 0.2132248939,
    "researchAndDevelopmentExpenses": 214000000,
    "generalAndAdministrativeExpenses": 0,
    "sellingAndMarketingExpenses": 0,
    "sellingGeneralAndAdministrativeExpenses": 126000000,
    "otherExpenses": 13000000,
    "operatingExpenses": 353000000,
    "costAndExpenses": 2578000000,
    "interestIncome": 0,
    "interestExpense": 0,
    "depreciationAndAmortization": 236000000,
    "ebitda": 486000000,
    "ebitdaratio": 0.1718528996,
    "operatingIncome": 247000000,
    "operatingIncomeRatio": 0.0873408769,
    "totalOtherIncomeExpensesNet": -17000000,
    "incomeBeforeTax": 230000000,
    "incomeBeforeTaxRatio": 0.0813295615,
    "incomeTaxExpense": 18000000,
    "netIncome": 212000000,
    "netIncomeRatio": 0.0749646393,
    "eps": 0.39,
    "epsdiluted": 0.37,
    "weightedAverageShsOut": 546000000,
    "weightedAverageShsOutDil": 577000000,
    "link": "https://www.sec.gov/Archives/edgar/data/1137789/000119312507101545/0001193125-07-101545-index.htm",
    "finalLink": "https://www.sec.gov/Archives/edgar/data/1137789/000119312507101545/d10q.htm"
  },
  {
    "date": "2006-12-29",
    "symbol": "STX",
    "reportedCurrency": "USD",
    "cik": "0001137789",
    "fillingDate": "2007-02-02",
    "acceptedDate": "2007-02-02 17:30:03",
    "calendarYear": "2007",
    "period": "Q2",
    "revenue": 2996000000,
    "costOfRevenue": 2450000000,
    "grossProfit": 546000000,
    "grossProfitRatio": 0.1822429907,
    "researchAndDevelopmentExpenses": 226000000,
    "generalAndAdministrativeExpenses": 0,
    "sellingAndMarketingExpenses": 0,
    "sellingGeneralAndAdministrativeExpenses": 141000000,
    "otherExpenses": 12000000,
    "operatingExpenses": 379000000,
    "costAndExpenses": 2829000000,
    "interestIncome": 0,
    "interestExpense": 0,
    "depreciationAndAmortization": 215000000,
    "ebitda": 382000000,
    "ebitdaratio": 0.1275033378,
    "operatingIncome": 166000000,
    "operatingIncomeRatio": 0.0554072096,
    "totalOtherIncomeExpensesNet": -21000000,
    "incomeBeforeTax": 145000000,
    "incomeBeforeTaxRatio": 0.0483978638,
    "incomeTaxExpense": 5000000,
    "netIncome": 140000000,
    "netIncomeRatio": 0.046728972,
    "eps": 0.25,
    "epsdiluted": 0.23,
    "weightedAverageShsOut": 571000000,
    "weightedAverageShsOutDil": 598000000,
    "link": "https://www.sec.gov/Archives/edgar/data/1137789/000119312507019401/0001193125-07-019401-index.htm",
    "finalLink": "https://www.sec.gov/Archives/edgar/data/1137789/000119312507019401/d10q.htm"
  },
  {
    "date": "2006-09-29",
    "symbol": "STX",
    "reportedCurrency": "USD",
    "cik": "0001137789",
    "fillingDate": "2006-11-07",
    "acceptedDate": "2006-11-06 21:49:18",
    "calendarYear": "2007",
    "period": "Q1",
    "revenue": 2793000000,
    "costOfRevenue": 2351000000,
    "grossProfit": 442000000,
    "grossProfitRatio": 0.1582527748,
    "researchAndDevelopmentExpenses": 243000000,
    "generalAndAdministrativeExpenses": 0,
    "sellingAndMarketingExpenses": 0,
    "sellingGeneralAndAdministrativeExpenses": 180000000,
    "otherExpenses": 7000000,
    "operatingExpenses": 430000000,
    "costAndExpenses": 2785000000,
    "interestIncome": 0,
    "interestExpense": 0,
    "depreciationAndAmortization": 199000000,
    "ebitda": 207000000,
    "ebitdaratio": 0.0741138561,
    "operatingIncome": 12000000,
    "operatingIncomeRatio": 0.0042964554,
    "totalOtherIncomeExpensesNet": 2000000,
    "incomeBeforeTax": 14000000,
    "incomeBeforeTaxRatio": 0.0050125313,
    "incomeTaxExpense": -5000000,
    "netIncome": 19000000,
    "netIncomeRatio": 0.0068027211,
    "eps": 0.03,
    "epsdiluted": 0.03,
    "weightedAverageShsOut": 576000000,
    "weightedAverageShsOutDil": 602000000,
    "link": "https://www.sec.gov/Archives/edgar/data/1137789/000119312506225551/0001193125-06-225551-index.htm",
    "finalLink": "https://www.sec.gov/Archives/edgar/data/1137789/000119312506225551/d10q.htm"
  },
  {
    "date": "2006-06-30",
    "symbol": "STX",
    "reportedCurrency": "USD",
    "cik": "0001137789",
    "fillingDate": "2006-09-11",
    "acceptedDate": "2006-09-08 18:14:42",
    "calendarYear": "2006",
    "period": "Q4",
    "revenue": 2529000000,
    "costOfRevenue": 2074000000,
    "grossProfit": 455000000,
    "grossProfitRatio": 0.1799130091,
    "researchAndDevelopmentExpenses": 232000000,
    "generalAndAdministrativeExpenses": 0,
    "sellingAndMarketingExpenses": 0,
    "sellingGeneralAndAdministrativeExpenses": 144000000,
    "otherExpenses": 7000000,
    "operatingExpenses": 383000000,
    "costAndExpenses": 2457000000,
    "interestIncome": 0,
    "interestExpense": 0,
    "depreciationAndAmortization": 176000000,
    "ebitda": 248000000,
    "ebitdaratio": 0.0980624753,
    "operatingIncome": 72000000,
    "operatingIncomeRatio": 0.0284697509,
    "totalOtherIncomeExpensesNet": 11000000,
    "incomeBeforeTax": 83000000,
    "incomeBeforeTaxRatio": 0.0328192962,
    "incomeTaxExpense": 77000000,
    "netIncome": 7000000,
    "netIncomeRatio": 0.0027678924,
    "eps": 0.0124,
    "epsdiluted": 0.0124,
    "weightedAverageShsOut": 563000000,
    "weightedAverageShsOutDil": 563000000,
    "link": "https://www.sec.gov/Archives/edgar/data/1137789/000119312506188012/0001193125-06-188012-index.htm",
    "finalLink": "https://www.sec.gov/Archives/edgar/data/1137789/000119312506188012/d10k.htm"
  },
  {
    "date": "2006-03-31",
    "symbol": "STX",
    "reportedCurrency": "USD",
    "cik": "0001137789",
    "fillingDate": "2006-04-28",
    "acceptedDate": "2006-04-28 17:14:38",
    "calendarYear": "2006",
    "period": "Q3",
    "revenue": 2289000000,
    "costOfRevenue": 1733000000,
    "grossProfit": 556000000,
    "grossProfitRatio": 0.2429008301,
    "researchAndDevelopmentExpenses": 195000000,
    "generalAndAdministrativeExpenses": 0,
    "sellingAndMarketingExpenses": 0,
    "sellingGeneralAndAdministrativeExpenses": 108000000,
    "otherExpenses": 0,
    "operatingExpenses": 303000000,
    "costAndExpenses": 2036000000,
    "interestIncome": 0,
    "interestExpense": 0,
    "depreciationAndAmortization": 150000000,
    "ebitda": 403000000,
    "ebitdaratio": 0.1760594146,
    "operatingIncome": 253000000,
    "operatingIncomeRatio": 0.1105286151,
    "totalOtherIncomeExpensesNet": 24000000,
    "incomeBeforeTax": 277000000,
    "incomeBeforeTaxRatio": 0.121013543,
    "incomeTaxExpense": 3000000,
    "netIncome": 274000000,
    "netIncomeRatio": 0.119702927,
    "eps": 0.56,
    "epsdiluted": 0.53,
    "weightedAverageShsOut": 489000000,
    "weightedAverageShsOutDil": 521000000,
    "link": "https://www.sec.gov/Archives/edgar/data/1137789/000119312506093163/0001193125-06-093163-index.htm",
    "finalLink": "https://www.sec.gov/Archives/edgar/data/1137789/000119312506093163/d10q.htm"
  },
  {
    "date": "2005-12-30",
    "symbol": "STX",
    "reportedCurrency": "USD",
    "cik": "0001137789",
    "fillingDate": "2006-02-03",
    "acceptedDate": "2006-02-03 16:35:40",
    "calendarYear": "2006",
    "period": "Q2",
    "revenue": 2300000000,
    "costOfRevenue": 1709000000,
    "grossProfit": 591000000,
    "grossProfitRatio": 0.2569565217,
    "researchAndDevelopmentExpenses": 199000000,
    "generalAndAdministrativeExpenses": 0,
    "sellingAndMarketingExpenses": 0,
    "sellingGeneralAndAdministrativeExpenses": 108000000,
    "otherExpenses": 0,
    "operatingExpenses": 307000000,
    "costAndExpenses": 2016000000,
    "interestIncome": 0,
    "interestExpense": 0,
    "depreciationAndAmortization": 149000000,
    "ebitda": 433000000,
    "ebitdaratio": 0.1882608696,
    "operatingIncome": 284000000,
    "operatingIncomeRatio": 0.1234782609,
    "totalOtherIncomeExpensesNet": 7000000,
    "incomeBeforeTax": 291000000,
    "incomeBeforeTaxRatio": 0.1265217391,
    "incomeTaxExpense": 4000000,
    "netIncome": 287000000,
    "netIncomeRatio": 0.1247826087,
    "eps": 0.6,
    "epsdiluted": 0.57,
    "weightedAverageShsOut": 482000000,
    "weightedAverageShsOutDil": 507000000,
    "link": "https://www.sec.gov/Archives/edgar/data/1137789/000119312506019773/0001193125-06-019773-index.htm",
    "finalLink": "https://www.sec.gov/Archives/edgar/data/1137789/000119312506019773/d10q.htm"
  },
  {
    "date": "2005-09-30",
    "symbol": "STX",
    "reportedCurrency": "USD",
    "cik": "0001137789",
    "fillingDate": "2005-10-28",
    "acceptedDate": "2005-10-28 17:17:14",
    "calendarYear": "2006",
    "period": "Q1",
    "revenue": 2088000000,
    "costOfRevenue": 1553000000,
    "grossProfit": 535000000,
    "grossProfitRatio": 0.2562260536,
    "researchAndDevelopmentExpenses": 180000000,
    "generalAndAdministrativeExpenses": 0,
    "sellingAndMarketingExpenses": 0,
    "sellingGeneralAndAdministrativeExpenses": 86000000,
    "otherExpenses": 0,
    "operatingExpenses": 266000000,
    "costAndExpenses": 1819000000,
    "interestIncome": 0,
    "interestExpense": 0,
    "depreciationAndAmortization": 137000000,
    "ebitda": 406000000,
    "ebitdaratio": 0.1944444444,
    "operatingIncome": 265000000,
    "operatingIncomeRatio": 0.1269157088,
    "totalOtherIncomeExpensesNet": 7000000,
    "incomeBeforeTax": 272000000,
    "incomeBeforeTaxRatio": 0.1302681992,
    "incomeTaxExpense": 0,
    "netIncome": 272000000,
    "netIncomeRatio": 0.1302681992,
    "eps": 0.57,
    "epsdiluted": 0.54,
    "weightedAverageShsOut": 479000000,
    "weightedAverageShsOutDil": 506000000,
    "link": "https://www.sec.gov/Archives/edgar/data/1137789/000119312505211233/0001193125-05-211233-index.htm",
    "finalLink": "https://www.sec.gov/Archives/edgar/data/1137789/000119312505211233/d10q.htm"
  },
  {
    "date": "2005-07-01",
    "symbol": "STX",
    "reportedCurrency": "USD",
    "cik": "0001137789",
    "fillingDate": "2005-08-01",
    "acceptedDate": "2005-08-01 17:30:44",
    "calendarYear": "2005",
    "period": "Q4",
    "revenue": 2179000000,
    "costOfRevenue": 1639000000,
    "grossProfit": 540000000,
    "grossProfitRatio": 0.247820101,
    "researchAndDevelopmentExpenses": 171000000,
    "generalAndAdministrativeExpenses": 0,
    "sellingAndMarketingExpenses": 0,
    "sellingGeneralAndAdministrativeExpenses": 87000000,
    "otherExpenses": 0,
    "operatingExpenses": 258000000,
    "costAndExpenses": 1897000000,
    "interestIncome": 0,
    "interestExpense": 0,
    "depreciationAndAmortization": 121000000,
    "ebitda": 403000000,
    "ebitdaratio": 0.1849472235,
    "operatingIncome": 281000000,
    "operatingIncomeRatio": 0.1289582377,
    "totalOtherIncomeExpensesNet": 10000000,
    "incomeBeforeTax": 291000000,
    "incomeBeforeTaxRatio": 0.1335474989,
    "incomeTaxExpense": 11000000,
    "netIncome": 280000000,
    "netIncomeRatio": 0.1284993116,
    "eps": 0.55,
    "epsdiluted": 0.55,
    "weightedAverageShsOut": 510000000,
    "weightedAverageShsOutDil": 510000000,
    "link": "https://www.sec.gov/Archives/edgar/data/1137789/000119312505153934/0001193125-05-153934-index.htm",
    "finalLink": "https://www.sec.gov/Archives/edgar/data/1137789/000119312505153934/d10k.htm"
  },
  {
    "date": "2005-04-01",
    "symbol": "STX",
    "reportedCurrency": "USD",
    "cik": "0001137789",
    "fillingDate": "2005-04-29",
    "acceptedDate": "2005-04-29 17:05:13",
    "calendarYear": "2005",
    "period": "Q3",
    "revenue": 1969000000,
    "costOfRevenue": 1492000000,
    "grossProfit": 477000000,
    "grossProfitRatio": 0.2422549518,
    "researchAndDevelopmentExpenses": 164000000,
    "generalAndAdministrativeExpenses": 0,
    "sellingAndMarketingExpenses": 0,
    "sellingGeneralAndAdministrativeExpenses": 78000000,
    "otherExpenses": 0,
    "operatingExpenses": 242000000,
    "costAndExpenses": 1734000000,
    "interestIncome": 0,
    "interestExpense": 0,
    "depreciationAndAmortization": 112000000,
    "ebitda": 347000000,
    "ebitdaratio": 0.1762315896,
    "operatingIncome": 237000000,
    "operatingIncomeRatio": 0.1203656679,
    "totalOtherIncomeExpensesNet": 0,
    "incomeBeforeTax": 237000000,
    "incomeBeforeTaxRatio": 0.1203656679,
    "incomeTaxExpense": 8000000,
    "netIncome": 229000000,
    "netIncomeRatio": 0.1163026917,
    "eps": 0.49,
    "epsdiluted": 0.45,
    "weightedAverageShsOut": 472000000,
    "weightedAverageShsOutDil": 507000000,
    "link": "https://www.sec.gov/Archives/edgar/data/1137789/000119312505090601/0001193125-05-090601-index.htm",
    "finalLink": "https://www.sec.gov/Archives/edgar/data/1137789/000119312505090601/d10q.htm"
  },
  {
    "date": "2004-12-31",
    "symbol": "STX",
    "reportedCurrency": "USD",
    "cik": "0001137789",
    "fillingDate": "2005-01-28",
    "acceptedDate": "2005-01-28 17:16:58",
    "calendarYear": "2005",
    "period": "Q2",
    "revenue": 1847000000,
    "costOfRevenue": 1467000000,
    "grossProfit": 380000000,
    "grossProfitRatio": 0.2057390363,
    "researchAndDevelopmentExpenses": 158000000,
    "generalAndAdministrativeExpenses": 0,
    "sellingAndMarketingExpenses": 0,
    "sellingGeneralAndAdministrativeExpenses": 75000000,
    "otherExpenses": 0,
    "operatingExpenses": 233000000,
    "costAndExpenses": 1700000000,
    "interestIncome": 0,
    "interestExpense": 0,
    "depreciationAndAmortization": 121000000,
    "ebitda": 268000000,
    "ebitdaratio": 0.1451001624,
    "operatingIncome": 147000000,
    "operatingIncomeRatio": 0.0795885219,
    "totalOtherIncomeExpensesNet": 1000000,
    "incomeBeforeTax": 148000000,
    "incomeBeforeTaxRatio": 0.0801299404,
    "incomeTaxExpense": 4000000,
    "netIncome": 144000000,
    "netIncomeRatio": 0.0779642664,
    "eps": 0.31,
    "epsdiluted": 0.29,
    "weightedAverageShsOut": 466000000,
    "weightedAverageShsOutDil": 500000000,
    "link": "https://www.sec.gov/Archives/edgar/data/1137789/000119312505014375/0001193125-05-014375-index.htm",
    "finalLink": "https://www.sec.gov/Archives/edgar/data/1137789/000119312505014375/d10q.htm"
  },
  {
    "date": "2004-10-01",
    "symbol": "STX",
    "reportedCurrency": "USD",
    "cik": "0001137789",
    "fillingDate": "2004-10-29",
    "acceptedDate": "2004-10-29 17:15:06",
    "calendarYear": "2005",
    "period": "Q1",
    "revenue": 1558000000,
    "costOfRevenue": 1283000000,
    "grossProfit": 275000000,
    "grossProfitRatio": 0.176508344,
    "researchAndDevelopmentExpenses": 152000000,
    "generalAndAdministrativeExpenses": 0,
    "sellingAndMarketingExpenses": 0,
    "sellingGeneralAndAdministrativeExpenses": 65000000,
    "otherExpenses": 0,
    "operatingExpenses": 217000000,
    "costAndExpenses": 1500000000,
    "interestIncome": 0,
    "interestExpense": 0,
    "depreciationAndAmortization": 112000000,
    "ebitda": 170000000,
    "ebitdaratio": 0.109114249,
    "operatingIncome": 57000000,
    "operatingIncomeRatio": 0.0365853659,
    "totalOtherIncomeExpensesNet": -1000000,
    "incomeBeforeTax": 56000000,
    "incomeBeforeTaxRatio": 0.0359435173,
    "incomeTaxExpense": 2000000,
    "netIncome": 54000000,
    "netIncomeRatio": 0.0346598203,
    "eps": 0.12,
    "epsdiluted": 0.11,
    "weightedAverageShsOut": 462000000,
    "weightedAverageShsOutDil": 494000000,
    "link": "https://www.sec.gov/Archives/edgar/data/1137789/000119312504181863/0001193125-04-181863-index.htm",
    "finalLink": "https://www.sec.gov/Archives/edgar/data/1137789/000119312504181863/d10q.htm"
  },
  {
    "date": "2004-07-02",
    "symbol": "STX",
    "reportedCurrency": "USD",
    "cik": "0001137789",
    "fillingDate": "2004-08-10",
    "acceptedDate": "2004-08-09 20:10:16",
    "calendarYear": "2004",
    "period": "Q4",
    "revenue": 1336000000,
    "costOfRevenue": 1107000000,
    "grossProfit": 229000000,
    "grossProfitRatio": 0.1714071856,
    "researchAndDevelopmentExpenses": 161000000,
    "generalAndAdministrativeExpenses": 0,
    "sellingAndMarketingExpenses": 0,
    "sellingGeneralAndAdministrativeExpenses": 66000000,
    "otherExpenses": 39000000,
    "operatingExpenses": 266000000,
    "costAndExpenses": 1373000000,
    "interestIncome": 0,
    "interestExpense": 0,
    "depreciationAndAmortization": 101000000,
    "ebitda": 103000000,
    "ebitdaratio": 0.0770958084,
    "operatingIncome": -37000000,
    "operatingIncomeRatio": -0.0276946108,
    "totalOtherIncomeExpensesNet": 7000000,
    "incomeBeforeTax": -30000000,
    "incomeBeforeTaxRatio": -0.0224550898,
    "incomeTaxExpense": 4000000,
    "netIncome": -34000000,
    "netIncomeRatio": -0.0254491018,
    "eps": -0.0742,
    "epsdiluted": -0.0741,
    "weightedAverageShsOut": 452000000,
    "weightedAverageShsOutDil": 498000000,
    "link": "https://www.sec.gov/Archives/edgar/data/1137789/000119312504136208/0001193125-04-136208-index.htm",
    "finalLink": "https://www.sec.gov/Archives/edgar/data/1137789/000119312504136208/d10k.htm"
  },
  {
    "date": "2004-04-02",
    "symbol": "STX",
    "reportedCurrency": "USD",
    "cik": "0001137789",
    "fillingDate": "2004-05-03",
    "acceptedDate": "2004-05-03 17:01:41",
    "calendarYear": "2004",
    "period": "Q3",
    "revenue": 1388000000,
    "costOfRevenue": 1087000000,
    "grossProfit": 301000000,
    "grossProfitRatio": 0.2168587896,
    "researchAndDevelopmentExpenses": 169000000,
    "generalAndAdministrativeExpenses": 0,
    "sellingAndMarketingExpenses": 0,
    "sellingGeneralAndAdministrativeExpenses": 73000000,
    "otherExpenses": -38000000,
    "operatingExpenses": 204000000,
    "costAndExpenses": 1329000000,
    "interestIncome": 0,
    "interestExpense": 0,
    "depreciationAndAmortization": 105000000,
    "ebitda": 164000000,
    "ebitdaratio": 0.1181556196,
    "operatingIncome": 53000000,
    "operatingIncomeRatio": 0.038184438,
    "totalOtherIncomeExpensesNet": -7000000,
    "incomeBeforeTax": 46000000,
    "incomeBeforeTaxRatio": 0.0331412104,
    "incomeTaxExpense": -113000000,
    "netIncome": 159000000,
    "netIncomeRatio": 0.1145533141,
    "eps": 0.35,
    "epsdiluted": 0.32,
    "weightedAverageShsOut": 455000000,
    "weightedAverageShsOutDil": 498000000,
    "link": "https://www.sec.gov/Archives/edgar/data/1137789/000119312504076787/0001193125-04-076787-index.htm",
    "finalLink": "https://www.sec.gov/Archives/edgar/data/1137789/000119312504076787/d10q.htm"
  },
  {
    "date": "2004-01-02",
    "symbol": "STX",
    "reportedCurrency": "USD",
    "cik": "0001137789",
    "fillingDate": "2004-02-03",
    "acceptedDate": "2004-02-03 16:52:43",
    "calendarYear": "2004",
    "period": "Q2",
    "revenue": 1760000000,
    "costOfRevenue": 1299000000,
    "grossProfit": 461000000,
    "grossProfitRatio": 0.2619318182,
    "researchAndDevelopmentExpenses": 166000000,
    "generalAndAdministrativeExpenses": 0,
    "sellingAndMarketingExpenses": 0,
    "sellingGeneralAndAdministrativeExpenses": 73000000,
    "otherExpenses": -38000000,
    "operatingExpenses": 201000000,
    "costAndExpenses": 1538000000,
    "interestIncome": 0,
    "interestExpense": 0,
    "depreciationAndAmortization": 0,
    "ebitda": 222000000,
    "ebitdaratio": 0.1261363636,
    "operatingIncome": 218000000,
    "operatingIncomeRatio": 0.1238636364,
    "totalOtherIncomeExpensesNet": -7000000,
    "incomeBeforeTax": 211000000,
    "incomeBeforeTaxRatio": 0.1198863636,
    "incomeTaxExpense": 6000000,
    "netIncome": 205000000,
    "netIncomeRatio": 0.1164772727,
    "eps": 0.46,
    "epsdiluted": 0.41,
    "weightedAverageShsOut": 450000000,
    "weightedAverageShsOutDil": 500000000,
    "link": "https://www.sec.gov/Archives/edgar/data/1137789/000119312504013795/0001193125-04-013795-index.htm",
    "finalLink": "https://www.sec.gov/Archives/edgar/data/1137789/000119312504013795/d10q.htm"
  },
  {
    "date": "2003-10-03",
    "symbol": "STX",
    "reportedCurrency": "USD",
    "cik": "0001137789",
    "fillingDate": "2003-11-14",
    "acceptedDate": "2003-11-14 16:25:25",
    "calendarYear": "2004",
    "period": "Q1",
    "revenue": 1740000000,
    "costOfRevenue": 1272000000,
    "grossProfit": 468000000,
    "grossProfitRatio": 0.2689655172,
    "researchAndDevelopmentExpenses": 169000000,
    "generalAndAdministrativeExpenses": 0,
    "sellingAndMarketingExpenses": 0,
    "sellingGeneralAndAdministrativeExpenses": 78000000,
    "otherExpenses": -38000000,
    "operatingExpenses": 209000000,
    "costAndExpenses": 1530000000,
    "interestIncome": 0,
    "interestExpense": 0,
    "depreciationAndAmortization": 0,
    "ebitda": 221000000,
    "ebitdaratio": 0.1270114943,
    "operatingIncome": 210000000,
    "operatingIncomeRatio": 0.1206896552,
    "totalOtherIncomeExpensesNet": -9000000,
    "incomeBeforeTax": 201000000,
    "incomeBeforeTaxRatio": 0.1155172414,
    "incomeTaxExpense": 3000000,
    "netIncome": 198000000,
    "netIncomeRatio": 0.1137931034,
    "eps": 0.44,
    "epsdiluted": 0.4,
    "weightedAverageShsOut": 445000000,
    "weightedAverageShsOutDil": 499000000,
    "link": "https://www.sec.gov/Archives/edgar/data/1137789/000119312503082039/0001193125-03-082039-index.htm",
    "finalLink": "https://www.sec.gov/Archives/edgar/data/1137789/000119312503082039/d10q.htm"
  },
  {
    "date": "2003-06-27",
    "symbol": "STX",
    "reportedCurrency": "USD",
    "cik": "0001137789",
    "fillingDate": "2003-08-21",
    "acceptedDate": "2003-08-21 12:57:12",
    "calendarYear": "2003",
    "period": "Q4",
    "revenue": 1553000000,
    "costOfRevenue": 1125000000,
    "grossProfit": 428000000,
    "grossProfitRatio": 0.2755956214,
    "researchAndDevelopmentExpenses": 174000000,
    "generalAndAdministrativeExpenses": 0,
    "sellingAndMarketingExpenses": 0,
    "sellingGeneralAndAdministrativeExpenses": 81000000,
    "otherExpenses": 0,
    "operatingExpenses": 255000000,
    "costAndExpenses": 1380000000,
    "interestIncome": 0,
    "interestExpense": 0,
    "depreciationAndAmortization": 116000000,
    "ebitda": 289000000,
    "ebitdaratio": 0.1860914359,
    "operatingIncome": 171000000,
    "operatingIncomeRatio": 0.1101094656,
    "totalOtherIncomeExpensesNet": -6000000,
    "incomeBeforeTax": 165000000,
    "incomeBeforeTaxRatio": 0.1062459755,
    "incomeTaxExpense": 5000000,
    "netIncome": 160000000,
    "netIncomeRatio": 0.1030264005,
    "eps": 0.33,
    "epsdiluted": 0.33,
    "weightedAverageShsOut": 486000000,
    "weightedAverageShsOutDil": 486000000,
    "link": "https://www.sec.gov/Archives/edgar/data/1137789/000119312503040541/0001193125-03-040541-index.htm",
    "finalLink": "https://www.sec.gov/Archives/edgar/data/1137789/000119312503040541/d10k.htm"
  },
  {
    "date": "2003-03-28",
    "symbol": "STX",
    "reportedCurrency": "USD",
    "cik": "0001137789",
    "fillingDate": "2003-05-08",
    "acceptedDate": "2003-05-08 17:11:43",
    "calendarYear": "2003",
    "period": "Q3",
    "revenue": 1620000000,
    "costOfRevenue": 1186000000,
    "grossProfit": 434000000,
    "grossProfitRatio": 0.2679012346,
    "researchAndDevelopmentExpenses": 167000000,
    "generalAndAdministrativeExpenses": 0,
    "sellingAndMarketingExpenses": 0,
    "sellingGeneralAndAdministrativeExpenses": 0,
    "otherExpenses": 0,
    "operatingExpenses": 252000000,
    "costAndExpenses": 1438000000,
    "interestIncome": 0,
    "interestExpense": 0,
    "depreciationAndAmortization": 113000000,
    "ebitda": 295000000,
    "ebitdaratio": 0.1820987654,
    "operatingIncome": 182000000,
    "operatingIncomeRatio": 0.112345679,
    "totalOtherIncomeExpensesNet": -2000000,
    "incomeBeforeTax": 180000000,
    "incomeBeforeTaxRatio": 0.1111111111,
    "incomeTaxExpense": 6000000,
    "netIncome": 174000000,
    "netIncomeRatio": 0.1074074074,
    "eps": 0.41,
    "epsdiluted": 0.37,
    "weightedAverageShsOut": 429000000,
    "weightedAverageShsOutDil": 476000000,
    "link": "https://www.sec.gov/Archives/edgar/data/1137789/000101287003002378/0001012870-03-002378-index.htm",
    "finalLink": "https://www.sec.gov/Archives/edgar/data/1137789/000101287003002378/d10q.htm"
  },
  {
    "date": "2002-12-27",
    "symbol": "STX",
    "reportedCurrency": "USD",
    "cik": "0001137789",
    "fillingDate": "2003-02-10",
    "acceptedDate": "2003-02-10 15:19:11",
    "calendarYear": "2003",
    "period": "Q2",
    "revenue": 1734000000,
    "costOfRevenue": 1241000000,
    "grossProfit": 493000000,
    "grossProfitRatio": 0.2843137255,
    "researchAndDevelopmentExpenses": 169000000,
    "generalAndAdministrativeExpenses": 0,
    "sellingAndMarketingExpenses": 0,
    "sellingGeneralAndAdministrativeExpenses": 0,
    "otherExpenses": 0,
    "operatingExpenses": 274000000,
    "costAndExpenses": 1515000000,
    "interestIncome": 0,
    "interestExpense": 0,
    "depreciationAndAmortization": 114000000,
    "ebitda": 333000000,
    "ebitdaratio": 0.1920415225,
    "operatingIncome": 219000000,
    "operatingIncomeRatio": 0.1262975779,
    "totalOtherIncomeExpensesNet": -17000000,
    "incomeBeforeTax": 202000000,
    "incomeBeforeTaxRatio": 0.1164936563,
    "incomeTaxExpense": 4000000,
    "netIncome": 198000000,
    "netIncomeRatio": 0.1141868512,
    "eps": 0.49,
    "epsdiluted": 0.43,
    "weightedAverageShsOut": 408000000,
    "weightedAverageShsOutDil": 463000000,
    "link": "https://www.sec.gov/Archives/edgar/data/1137789/000101287003000469/0001012870-03-000469-index.htm",
    "finalLink": "https://www.sec.gov/Archives/edgar/data/1137789/000101287003000469/d10q.htm"
  },
  {
    "date": "2002-09-30",
    "symbol": "STX",
    "reportedCurrency": "USD",
    "cik": "0001137789",
    "fillingDate": "2002-09-30",
    "acceptedDate": "2002-09-30 00:00:00",
    "calendarYear": "2003",
    "period": "Q1",
    "revenue": 1579000000,
    "costOfRevenue": 1207000000,
    "grossProfit": 372000000,
    "grossProfitRatio": 0.2355921469,
    "researchAndDevelopmentExpenses": 160000000,
    "generalAndAdministrativeExpenses": 0,
    "sellingAndMarketingExpenses": 0,
    "sellingGeneralAndAdministrativeExpenses": 86000000,
    "otherExpenses": 0,
    "operatingExpenses": 246000000,
    "costAndExpenses": 1453000000,
    "interestIncome": 0,
    "interestExpense": 0,
    "depreciationAndAmortization": 100000000,
    "ebitda": 226000000,
    "ebitdaratio": 0.1431285624,
    "operatingIncome": 119000000,
    "operatingIncomeRatio": 0.0753641545,
    "totalOtherIncomeExpensesNet": -6000000,
    "incomeBeforeTax": 113000000,
    "incomeBeforeTaxRatio": 0.0715642812,
    "incomeTaxExpense": 3000000,
    "netIncome": 110000000,
    "netIncomeRatio": 0.0696643445,
    "eps": 0.27,
    "epsdiluted": 0.24,
    "weightedAverageShsOut": 402000000,
    "weightedAverageShsOutDil": 456000000,
    "link": null,
    "finalLink": null
  },
  {
    "date": "2002-06-28",
    "symbol": "STX",
    "reportedCurrency": "USD",
    "cik": "0001137789",
    "fillingDate": "2002-06-28",
    "acceptedDate": "2002-06-27 20:00:00",
    "calendarYear": "2002",
    "period": "Q4",
    "revenue": 1473000000,
    "costOfRevenue": 1126000000,
    "grossProfit": 347000000,
    "grossProfitRatio": 0.2355736592,
    "researchAndDevelopmentExpenses": 206000000,
    "generalAndAdministrativeExpenses": 196000000,
    "sellingAndMarketingExpenses": 4000000,
    "sellingGeneralAndAdministrativeExpenses": 200000000,
    "otherExpenses": 0,
    "operatingExpenses": 406000000,
    "costAndExpenses": 1532000000,
    "interestIncome": 0,
    "interestExpense": -105000000,
    "depreciationAndAmortization": 98000000,
    "ebitda": -59000000,
    "ebitdaratio": -0.0400543109,
    "operatingIncome": -59000000,
    "operatingIncomeRatio": -0.0400543109,
    "totalOtherIncomeExpensesNet": -105000000,
    "incomeBeforeTax": -164000000,
    "incomeBeforeTaxRatio": -0.1113374067,
    "incomeTaxExpense": 34000000,
    "netIncome": -198000000,
    "netIncomeRatio": -0.1344195519,
    "eps": -0.49,
    "epsdiluted": -0.49,
    "weightedAverageShsOut": 402000000,
    "weightedAverageShsOutDil": 402000000,
    "link": "",
    "finalLink": ""
  },
  {
    "date": "2002-03-29",
    "symbol": "STX",
    "reportedCurrency": "USD",
    "cik": "0001137789",
    "fillingDate": "2002-03-29",
    "acceptedDate": "2002-03-28 19:00:00",
    "calendarYear": "2002",
    "period": "Q3",
    "revenue": 1691000000,
    "costOfRevenue": 1180000000,
    "grossProfit": 511000000,
    "grossProfitRatio": 0.3021880544,
    "researchAndDevelopmentExpenses": 177000000,
    "generalAndAdministrativeExpenses": 97000000,
    "sellingAndMarketingExpenses": 9000000,
    "sellingGeneralAndAdministrativeExpenses": 106000000,
    "otherExpenses": 0,
    "operatingExpenses": 283000000,
    "costAndExpenses": 1463000000,
    "interestIncome": 0,
    "interestExpense": -13000000,
    "depreciationAndAmortization": 118000000,
    "ebitda": 319000000,
    "ebitdaratio": 0.1886457717,
    "operatingIncome": 228000000,
    "operatingIncomeRatio": 0.1348314607,
    "totalOtherIncomeExpensesNet": -14000000,
    "incomeBeforeTax": 214000000,
    "incomeBeforeTaxRatio": 0.1265523359,
    "incomeTaxExpense": 21000000,
    "netIncome": 193000000,
    "netIncomeRatio": 0.1141336487,
    "eps": 0.45,
    "epsdiluted": 0.45,
    "weightedAverageShsOut": 429000000,
    "weightedAverageShsOutDil": 429000000,
    "link": "",
    "finalLink": ""
  },
  {
    "date": "2001-12-28",
    "symbol": "STX",
    "reportedCurrency": "USD",
    "cik": "0001137789",
    "fillingDate": "2001-12-28",
    "acceptedDate": "2001-12-27 19:00:00",
    "calendarYear": "2002",
    "period": "Q2",
    "revenue": 1629000000,
    "costOfRevenue": 1192000000,
    "grossProfit": 437000000,
    "grossProfitRatio": 0.2682627379,
    "researchAndDevelopmentExpenses": 164000000,
    "generalAndAdministrativeExpenses": 109000000,
    "sellingAndMarketingExpenses": 5000000,
    "sellingGeneralAndAdministrativeExpenses": 114000000,
    "otherExpenses": 0,
    "operatingExpenses": 278000000,
    "costAndExpenses": 1470000000,
    "interestIncome": 0,
    "interestExpense": -13000000,
    "depreciationAndAmortization": 103000000,
    "ebitda": 239000000,
    "ebitdaratio": 0.1467157766,
    "operatingIncome": 159000000,
    "operatingIncomeRatio": 0.0976058932,
    "totalOtherIncomeExpensesNet": -10000000,
    "incomeBeforeTax": 149000000,
    "incomeBeforeTaxRatio": 0.0914671578,
    "incomeTaxExpense": 25000000,
    "netIncome": 124000000,
    "netIncomeRatio": 0.0761203192,
    "eps": 0.31,
    "epsdiluted": 0.31,
    "weightedAverageShsOut": 400000000,
    "weightedAverageShsOutDil": 400000000,
    "link": "",
    "finalLink": ""
  },
  {
    "date": "2001-09-28",
    "symbol": "STX",
    "reportedCurrency": "USD",
    "cik": "0001137789",
    "fillingDate": "2001-09-28",
    "acceptedDate": "2001-09-27 20:00:00",
    "calendarYear": "2002",
    "period": "Q1",
    "revenue": 1294000000,
    "costOfRevenue": 996000000,
    "grossProfit": 298000000,
    "grossProfitRatio": 0.2302936631,
    "researchAndDevelopmentExpenses": 151000000,
    "generalAndAdministrativeExpenses": 96000000,
    "sellingAndMarketingExpenses": 5000000,
    "sellingGeneralAndAdministrativeExpenses": 101000000,
    "otherExpenses": 0,
    "operatingExpenses": 252000000,
    "costAndExpenses": 1248000000,
    "interestIncome": 0,
    "interestExpense": -14000000,
    "depreciationAndAmortization": 86000000,
    "ebitda": 112000000,
    "ebitdaratio": 0.086553323,
    "operatingIncome": 46000000,
    "operatingIncomeRatio": 0.0355486862,
    "totalOtherIncomeExpensesNet": -6000000,
    "incomeBeforeTax": 40000000,
    "incomeBeforeTaxRatio": 0.0309119011,
    "incomeTaxExpense": 6000000,
    "netIncome": 34000000,
    "netIncomeRatio": 0.0262751159,
    "eps": 0.085,
    "epsdiluted": 0.085,
    "weightedAverageShsOut": 400000000,
    "weightedAverageShsOutDil": 400000000,
    "link": "",
    "finalLink": ""
  }
]