[
  {
    "date": "2025-06-27",
    "symbol": "STX",
    "reportedCurrency": "USD",
    "cik": "0001137789",
    "fillingDate": "2025-08-01",
    "acceptedDate": "2025-08-01 16:14:38",
    "calendarYear": "2025",
    "period": "FY",
    "revenue": 9097000000,
    "costOfRevenue": 5897000000,
    "grossProfit": 3200000000,
    "grossProfitRatio": 0.3517643179,
    "researchAndDevelopmentExpenses": 724000000,
    "generalAndAdministrativeExpenses": 0,
    "sellingAndMarketingExpenses": 0,
    "sellingGeneralAndAdministrativeExpenses": 561000000,
    "otherExpenses": 25000000,
    "operatingExpenses": 1310000000,
    "costAndExpenses": 7207000000,
    "interestIncome": 25000000,
    "interestExpense": 321000000,
    "depreciationAndAmortization": 251000000,
    "ebitda": 2085000000,
    "ebitdaratio": 0.2291964384,
    "operatingIncome": 1890000000,
    "operatingIncomeRatio": 0.2077608003,
    "totalOtherIncomeExpensesNet": -377000000,
    "incomeBeforeTax": 1513000000,
    "incomeBeforeTaxRatio": 0.1663185666,
    "incomeTaxExpense": 44000000,
    "netIncome": 1469000000,
    "netIncomeRatio": 0.1614818072,
    "eps": 6.93,
    "epsdiluted": 6.77,
    "weightedAverageShsOut": 212000000,
    "weightedAverageShsOutDil": 217000000,
    "link": "https://www.sec.gov/Archives/edgar/data/1137789/000113778925000157/0001137789-25-000157-index.htm",
    "finalLink": "https://www.sec.gov/Archives/edgar/data/1137789/000113778925000157/stx-20250627.htm"
  },
  {
    "date": "2024-06-28",
    "symbol": "STX",
    "reportedCurrency": "USD",
    "cik": "0001137789",
    "fillingDate": "2024-08-02",
    "acceptedDate": "2024-08-02 16:20:12",
    "calendarYear": "2024",
    "period": "FY",
    "revenue": 6551000000,
    "costOfRevenue": 5015000000,
    "grossProfit": 1536000000,
    "grossProfitRatio": 0.2344680201,
    "researchAndDevelopmentExpenses": 654000000,
    "generalAndAdministrativeExpenses": 442000000,
    "sellingAndMarketingExpenses": 18000000,
    "sellingGeneralAndAdministrativeExpenses": 460000000,
    "otherExpenses": -30000000,
    "operatingExpenses": 1084000000,
    "costAndExpenses": 6099000000,
    "interestIncome": 15000000,
    "interestExpense": 332000000,
    "depreciationAndAmortization": 264000000,
    "ebitda": 1041000000,
    "ebitdaratio": 0.1589070371,
    "operatingIncome": 452000000,
    "operatingIncomeRatio": 0.0689970997,
    "totalOtherIncomeExpensesNet": -7000000,
    "incomeBeforeTax": 445000000,
    "incomeBeforeTaxRatio": 0.0679285605,
    "incomeTaxExpense": 110000000,
    "netIncome": 335000000,
    "netIncomeRatio": 0.051137231,
    "eps": 1.6,
    "epsdiluted": 1.58,
    "weightedAverageShsOut": 209000000,
    "weightedAverageShsOutDil": 212000000,
    "link": "https://www.sec.gov/Archives/edgar/data/1137789/000113778924000068/0001137789-24-000068-index.htm",
    "finalLink": "https://www.sec.gov/Archives/edgar/data/1137789/000113778924000068/stx-20240628.htm"
  },
  {
    "date": "2023-06-30",
    "symbol": "STX",
    "reportedCurrency": "USD",
    "cik": "0001137789",
    "fillingDate": "2023-08-04",
    "acceptedDate": "2023-08-04 16:27:43",
    "calendarYear": "2023",
    "period": "FY",
    "revenue": 7384000000,
    "costOfRevenue": 5966000000,
    "grossProfit": 1418000000,
    "grossProfitRatio": 0.1920368364,
    "researchAndDevelopmentExpenses": 797000000,
    "generalAndAdministrativeExpenses": 461000000,
    "sellingAndMarketingExpenses": 30000000,
    "sellingGeneralAndAdministrativeExpenses": 491000000,
    "otherExpenses": 472000000,
    "operatingExpenses": 1760000000,
    "costAndExpenses": 7726000000,
    "interestIncome": 10000000,
    "interestExpense": 313000000,
    "depreciationAndAmortization": 513000000,
    "ebitda": 330000000,
    "ebitdaratio": 0.0446912243,
    "operatingIncome": -342000000,
    "operatingIncomeRatio": -0.0463163597,
    "totalOtherIncomeExpensesNet": -154000000,
    "incomeBeforeTax": -496000000,
    "incomeBeforeTaxRatio": -0.0671722644,
    "incomeTaxExpense": 33000000,
    "netIncome": -529000000,
    "netIncomeRatio": -0.0716413868,
    "eps": -2.56,
    "epsdiluted": -2.56,
    "weightedAverageShsOut": 207000000,
    "weightedAverageShsOutDil": 207000000,
    "link": "https://www.sec.gov/Archives/edgar/data/1137789/000113778923000049/0001137789-23-000049-index.htm",
    "finalLink": "https://www.sec.gov/Archives/edgar/data/1137789/000113778923000049/stx-20230630.htm"
  },
  {
    "date": "2022-07-01",
    "symbol": "STX",
    "reportedCurrency": "USD",
    "cik": "0001137789",
    "fillingDate": "2022-08-05",
    "acceptedDate": "2022-08-05 16:12:00",
    "calendarYear": "2022",
    "period": "FY",
    "revenue": 11661000000,
    "costOfRevenue": 8192000000,
    "grossProfit": 3469000000,
    "grossProfitRatio": 0.297487351,
    "researchAndDevelopmentExpenses": 941000000,
    "generalAndAdministrativeExpenses": 525000000,
    "sellingAndMarketingExpenses": 34000000,
    "sellingGeneralAndAdministrativeExpenses": 559000000,
    "otherExpenses": 14000000,
    "operatingExpenses": 1511000000,
    "costAndExpenses": 9703000000,
    "interestIncome": 2000000,
    "interestExpense": 249000000,
    "depreciationAndAmortization": 451000000,
    "ebitda": 2379000000,
    "ebitdaratio": 0.2040133779,
    "operatingIncome": 1955000000,
    "operatingIncomeRatio": 0.16765286,
    "totalOtherIncomeExpensesNet": -276000000,
    "incomeBeforeTax": 1679000000,
    "incomeBeforeTaxRatio": 0.1439842209,
    "incomeTaxExpense": 30000000,
    "netIncome": 1649000000,
    "netIncomeRatio": 0.1414115427,
    "eps": 7.5,
    "epsdiluted": 7.36,
    "weightedAverageShsOut": 220000000,
    "weightedAverageShsOutDil": 224000000,
    "link": "https://www.sec.gov/Archives/edgar/data/1137789/000113778922000055/0001137789-22-000055-index.htm",
    "finalLink": "https://www.sec.gov/Archives/edgar/data/1137789/000113778922000055/stx-20220701.htm"
  },
  {
    "date": "2021-07-02",
    "symbol": "STX",
    "reportedCurrency": "USD",
    "cik": "0001137789",
    "fillingDate": "2021-08-06",
    "acceptedDate": "2021-08-06 16:10:28",
    "calendarYear": "2021",
    "period": "FY",
    "revenue": 10681000000,
    "costOfRevenue": 7764000000,
    "grossProfit": 2917000000,
    "grossProfitRatio": 0.2731017695,
    "researchAndDevelopmentExpenses": 903000000,
    "generalAndAdministrativeExpenses": 0,
    "sellingAndMarketingExpenses": 0,
    "sellingGeneralAndAdministrativeExpenses": 502000000,
    "otherExpenses": 20000000,
    "operatingExpenses": 1425000000,
    "costAndExpenses": 9189000000,
    "interestIncome": 2000000,
    "interestExpense": 220000000,
    "depreciationAndAmortization": 397000000,
    "ebitda": 1965000000,
    "ebitdaratio": 0.1839715382,
    "operatingIncome": 1492000000,
    "operatingIncomeRatio": 0.1396872952,
    "totalOtherIncomeExpensesNet": -144000000,
    "incomeBeforeTax": 1348000000,
    "incomeBeforeTaxRatio": 0.1262054115,
    "incomeTaxExpense": 34000000,
    "netIncome": 1314000000,
    "netIncomeRatio": 0.1230221889,
    "eps": 5.43,
    "epsdiluted": 5.36,
    "weightedAverageShsOut": 242000000,
    "weightedAverageShsOutDil": 245000000,
    "link": "https://www.sec.gov/Archives/edgar/data/1137789/000113778921000049/0001137789-21-000049-index.htm",
    "finalLink": "https://www.sec.gov/Archives/edgar/data/1137789/000113778921000049/stx-20210702.htm"
  },
  {
    "date": "2020-07-03",
    "symbol": "STX",
    "reportedCurrency": "USD",
    "cik": "0001137789",
    "fillingDate": "2020-08-07",
    "acceptedDate": "2020-08-07 17:39:50",
    "calendarYear": "2020",
    "period": "FY",
    "revenue": 10509000000,
    "costOfRevenue": 7667000000,
    "grossProfit": 2842000000,
    "grossProfitRatio": 0.2704348654,
    "researchAndDevelopmentExpenses": 973000000,
    "generalAndAdministrativeExpenses": 454000000,
    "sellingAndMarketingExpenses": 19000000,
    "sellingGeneralAndAdministrativeExpenses": 473000000,
    "otherExpenses": 96000000,
    "operatingExpenses": 1542000000,
    "costAndExpenses": 9209000000,
    "interestIncome": 20000000,
    "interestExpense": 201000000,
    "depreciationAndAmortization": 379000000,
    "ebitda": 1612000000,
    "ebitdaratio": 0.1533923304,
    "operatingIncome": 1300000000,
    "operatingIncomeRatio": 0.1237034922,
    "totalOtherIncomeExpensesNet": -268000000,
    "incomeBeforeTax": 1032000000,
    "incomeBeforeTaxRatio": 0.0982015415,
    "incomeTaxExpense": 28000000,
    "netIncome": 1004000000,
    "netIncomeRatio": 0.0955371586,
    "eps": 3.83,
    "epsdiluted": 3.79,
    "weightedAverageShsOut": 262000000,
    "weightedAverageShsOutDil": 265000000,
    "link": "https://www.sec.gov/Archives/edgar/data/1137789/000113778920000057/0001137789-20-000057-index.htm",
    "finalLink": "https://www.sec.gov/Archives/edgar/data/1137789/000113778920000057/stx-20200703.htm"
  },
  {
    "date": "2019-06-28",
    "symbol": "STX",
    "reportedCurrency": "USD",
    "cik": "0001137789",
    "fillingDate": "2019-08-02",
    "acceptedDate": "2019-08-02 16:11:06",
    "calendarYear": "2019",
    "period": "FY",
    "revenue": 10390000000,
    "costOfRevenue": 7458000000,
    "grossProfit": 2932000000,
    "grossProfitRatio": 0.2821944177,
    "researchAndDevelopmentExpenses": 991000000,
    "generalAndAdministrativeExpenses": 0,
    "sellingAndMarketingExpenses": 0,
    "sellingGeneralAndAdministrativeExpenses": 453000000,
    "otherExpenses": 1000000,
    "operatingExpenses": 1445000000,
    "costAndExpenses": 8903000000,
    "interestIncome": 84000000,
    "interestExpense": 224000000,
    "depreciationAndAmortization": 541000000,
    "ebitda": 2137000000,
    "ebitdaratio": 0.2056785371,
    "operatingIncome": 1487000000,
    "operatingIncomeRatio": 0.1431183831,
    "totalOtherIncomeExpensesNet": -115000000,
    "incomeBeforeTax": 1372000000,
    "incomeBeforeTaxRatio": 0.1320500481,
    "incomeTaxExpense": -640000000,
    "netIncome": 2012000000,
    "netIncomeRatio": 0.1936477382,
    "eps": 7.13,
    "epsdiluted": 7.06,
    "weightedAverageShsOut": 282000000,
    "weightedAverageShsOutDil": 285000000,
    "link": "https://www.sec.gov/Archives/edgar/data/1137789/000119312519212028/0001193125-19-212028-index.htm",
    "finalLink": "https://www.sec.gov/Archives/edgar/data/1137789/000119312519212028/d733907d10k.htm"
  },
  {
    "date": "2018-06-29",
    "symbol": "STX",
    "reportedCurrency": "USD",
    "cik": "0001137789",
    "fillingDate": "2018-08-03",
    "acceptedDate": "2018-08-03 16:13:27",
    "calendarYear": "2018",
    "period": "FY",
    "revenue": 11184000000,
    "costOfRevenue": 7820000000,
    "grossProfit": 3364000000,
    "grossProfitRatio": 0.3007868383,
    "researchAndDevelopmentExpenses": 1026000000,
    "generalAndAdministrativeExpenses": 0,
    "sellingAndMarketingExpenses": 0,
    "sellingGeneralAndAdministrativeExpenses": 562000000,
    "otherExpenses": 142000000,
    "operatingExpenses": 1730000000,
    "costAndExpenses": 9550000000,
    "interestIncome": 38000000,
    "interestExpense": 236000000,
    "depreciationAndAmortization": 598000000,
    "ebitda": 2252000000,
    "ebitdaratio": 0.2013590844,
    "operatingIncome": 1634000000,
    "operatingIncomeRatio": 0.1461015737,
    "totalOtherIncomeExpensesNet": -216000000,
    "incomeBeforeTax": 1418000000,
    "incomeBeforeTaxRatio": 0.126788269,
    "incomeTaxExpense": 236000000,
    "netIncome": 1182000000,
    "netIncomeRatio": 0.1056866953,
    "eps": 4.1,
    "epsdiluted": 4.05,
    "weightedAverageShsOut": 288000000,
    "weightedAverageShsOutDil": 292000000,
    "link": "https://www.sec.gov/Archives/edgar/data/1137789/000119312518238271/0001193125-18-238271-index.htm",
    "finalLink": "https://www.sec.gov/Archives/edgar/data/1137789/000119312518238271/d832608d10k.htm"
  },
  {
    "date": "2017-06-30",
    "symbol": "STX",
    "reportedCurrency": "USD",
    "cik": "0001137789",
    "fillingDate": "2017-08-04",
    "acceptedDate": "2017-08-04 16:37:26",
    "calendarYear": "2017",
    "period": "FY",
    "revenue": 10771000000,
    "costOfRevenue": 7597000000,
    "grossProfit": 3174000000,
    "grossProfitRatio": 0.2946801597,
    "researchAndDevelopmentExpenses": 1232000000,
    "generalAndAdministrativeExpenses": 0,
    "sellingAndMarketingExpenses": 0,
    "sellingGeneralAndAdministrativeExpenses": 606000000,
    "otherExpenses": 282000000,
    "operatingExpenses": 2120000000,
    "costAndExpenses": 9717000000,
    "interestIncome": 12000000,
    "interestExpense": 222000000,
    "depreciationAndAmortization": 749000000,
    "ebitda": 1786000000,
    "ebitdaratio": 0.165815616,
    "operatingIncome": 1054000000,
    "operatingIncomeRatio": 0.0978553523,
    "totalOtherIncomeExpensesNet": -239000000,
    "incomeBeforeTax": 815000000,
    "incomeBeforeTaxRatio": 0.0756661406,
    "incomeTaxExpense": 43000000,
    "netIncome": 772000000,
    "netIncomeRatio": 0.0716739393,
    "eps": 2.61,
    "epsdiluted": 2.58,
    "weightedAverageShsOut": 296000000,
    "weightedAverageShsOutDil": 299000000,
    "link": "https://www.sec.gov/Archives/edgar/data/1137789/000119312517248796/0001193125-17-248796-index.htm",
    "finalLink": "https://www.sec.gov/Archives/edgar/data/1137789/000119312517248796/d410656d10k.htm"
  },
  {
    "date": "2016-07-01",
    "symbol": "STX",
    "reportedCurrency": "USD",
    "cik": "0001137789",
    "fillingDate": "2016-08-05",
    "acceptedDate": "2016-08-05 16:37:53",
    "calendarYear": "2016",
    "period": "FY",
    "revenue": 11160000000,
    "costOfRevenue": 8545000000,
    "grossProfit": 2615000000,
    "grossProfitRatio": 0.2343189964,
    "researchAndDevelopmentExpenses": 1237000000,
    "generalAndAdministrativeExpenses": 604000000,
    "sellingAndMarketingExpenses": 31000000,
    "sellingGeneralAndAdministrativeExpenses": 635000000,
    "otherExpenses": 298000000,
    "operatingExpenses": 2170000000,
    "costAndExpenses": 10715000000,
    "interestIncome": 3000000,
    "interestExpense": 193000000,
    "depreciationAndAmortization": 815000000,
    "ebitda": 1488000000,
    "ebitdaratio": 0.1333333333,
    "operatingIncome": 445000000,
    "operatingIncomeRatio": 0.039874552,
    "totalOtherIncomeExpensesNet": -171000000,
    "incomeBeforeTax": 274000000,
    "incomeBeforeTaxRatio": 0.0245519713,
    "incomeTaxExpense": 26000000,
    "netIncome": 248000000,
    "netIncomeRatio": 0.0222222222,
    "eps": 0.83,
    "epsdiluted": 0.82,
    "weightedAverageShsOut": 299000000,
    "weightedAverageShsOutDil": 302000000,
    "link": "https://www.sec.gov/Archives/edgar/data/1137789/000104746916014732/0001047469-16-014732-index.htm",
    "finalLink": "https://www.sec.gov/Archives/edgar/data/1137789/000104746916014732/a2229376z10-k.htm"
  },
  {
    "date": "2015-07-03",
    "symbol": "STX",
    "reportedCurrency": "USD",
    "cik": "0001137789",
    "fillingDate": "2015-08-12",
    "acceptedDate": "2015-08-11 19:34:36",
    "calendarYear": "2015",
    "period": "FY",
    "revenue": 13739000000,
    "costOfRevenue": 9930000000,
    "grossProfit": 3809000000,
    "grossProfitRatio": 0.2772399738,
    "researchAndDevelopmentExpenses": 1353000000,
    "generalAndAdministrativeExpenses": 793000000,
    "sellingAndMarketingExpenses": 64000000,
    "sellingGeneralAndAdministrativeExpenses": 857000000,
    "otherExpenses": -459000000,
    "operatingExpenses": 1751000000,
    "costAndExpenses": 11681000000,
    "interestIncome": 6000000,
    "interestExpense": 207000000,
    "depreciationAndAmortization": 841000000,
    "ebitda": 2312000000,
    "ebitdaratio": 0.1682800786,
    "operatingIncome": 2058000000,
    "operatingIncomeRatio": 0.1497925613,
    "totalOtherIncomeExpensesNet": -88000000,
    "incomeBeforeTax": 1970000000,
    "incomeBeforeTaxRatio": 0.1433874372,
    "incomeTaxExpense": 228000000,
    "netIncome": 1742000000,
    "netIncomeRatio": 0.126792343,
    "eps": 5.38,
    "epsdiluted": 5.26,
    "weightedAverageShsOut": 324000000,
    "weightedAverageShsOutDil": 331000000,
    "link": "https://www.sec.gov/Archives/edgar/data/1137789/000104746915006787/0001047469-15-006787-index.htm",
    "finalLink": "https://www.sec.gov/Archives/edgar/data/1137789/000104746915006787/a2225686z10-k.htm"
  },
  {
    "date": "2014-06-27",
    "symbol": "STX",
    "reportedCurrency": "USD",
    "cik": "0001137789",
    "fillingDate": "2014-08-08",
    "acceptedDate": "2014-08-07 17:48:28",
    "calendarYear": "2014",
    "period": "FY",
    "revenue": 13724000000,
    "costOfRevenue": 9878000000,
    "grossProfit": 3846000000,
    "grossProfitRatio": 0.2802389974,
    "researchAndDevelopmentExpenses": 1226000000,
    "generalAndAdministrativeExpenses": 670000000,
    "sellingAndMarketingExpenses": 52000000,
    "sellingGeneralAndAdministrativeExpenses": 722000000,
    "otherExpenses": 122000000,
    "operatingExpenses": 2070000000,
    "costAndExpenses": 11924000000,
    "interestIncome": 8000000,
    "interestExpense": 195000000,
    "depreciationAndAmortization": 879000000,
    "ebitda": 2665000000,
    "ebitdaratio": 0.1941853687,
    "operatingIncome": 1776000000,
    "operatingIncomeRatio": 0.1294083358,
    "totalOtherIncomeExpensesNet": -220000000,
    "incomeBeforeTax": 1556000000,
    "incomeBeforeTaxRatio": 0.1133780239,
    "incomeTaxExpense": -14000000,
    "netIncome": 1570000000,
    "netIncomeRatio": 0.1143981347,
    "eps": 4.66,
    "epsdiluted": 4.52,
    "weightedAverageShsOut": 337000000,
    "weightedAverageShsOutDil": 347000000,
    "link": "https://www.sec.gov/Archives/edgar/data/1137789/000104746914006770/0001047469-14-006770-index.htm",
    "finalLink": "https://www.sec.gov/Archives/edgar/data/1137789/000104746914006770/a2221037z10-k.htm"
  },
  {
    "date": "2013-06-28",
    "symbol": "STX",
    "reportedCurrency": "USD",
    "cik": "0001137789",
    "fillingDate": "2013-08-08",
    "acceptedDate": "2013-08-07 21:35:25",
    "calendarYear": "2013",
    "period": "FY",
    "revenue": 14351000000,
    "costOfRevenue": 10411000000,
    "grossProfit": 3940000000,
    "grossProfitRatio": 0.2745453279,
    "researchAndDevelopmentExpenses": 1133000000,
    "generalAndAdministrativeExpenses": 0,
    "sellingAndMarketingExpenses": 0,
    "sellingGeneralAndAdministrativeExpenses": 635000000,
    "otherExpenses": 84000000,
    "operatingExpenses": 1847000000,
    "costAndExpenses": 12258000000,
    "interestIncome": 8000000,
    "interestExpense": 214000000,
    "depreciationAndAmortization": 873000000,
    "ebitda": 2918000000,
    "ebitdaratio": 0.2033307783,
    "operatingIncome": 2091000000,
    "operatingIncomeRatio": 0.1457041321,
    "totalOtherIncomeExpensesNet": -260000000,
    "incomeBeforeTax": 1831000000,
    "incomeBeforeTaxRatio": 0.1275869277,
    "incomeTaxExpense": -7000000,
    "netIncome": 1838000000,
    "netIncomeRatio": 0.1280746986,
    "eps": 4.97,
    "epsdiluted": 4.81,
    "weightedAverageShsOut": 370000000,
    "weightedAverageShsOutDil": 382000000,
    "link": "https://www.sec.gov/Archives/edgar/data/1137789/000104746913008213/0001047469-13-008213-index.htm",
    "finalLink": "https://www.sec.gov/Archives/edgar/data/1137789/000104746913008213/a2216245z10-k.htm"
  },
  {
    "date": "2012-06-29",
    "symbol": "STX",
    "reportedCurrency": "USD",
    "cik": "0001137789",
    "fillingDate": "2012-08-09",
    "acceptedDate": "2012-08-08 19:42:05",
    "calendarYear": "2012",
    "period": "FY",
    "revenue": 14939000000,
    "costOfRevenue": 10255000000,
    "grossProfit": 4684000000,
    "grossProfitRatio": 0.3135417364,
    "researchAndDevelopmentExpenses": 1006000000,
    "generalAndAdministrativeExpenses": 0,
    "sellingAndMarketingExpenses": 0,
    "sellingGeneralAndAdministrativeExpenses": 506000000,
    "otherExpenses": 60000000,
    "operatingExpenses": 1572000000,
    "costAndExpenses": 11827000000,
    "interestIncome": 8000000,
    "interestExpense": 241000000,
    "depreciationAndAmortization": 814000000,
    "ebitda": 3937000000,
    "ebitdaratio": 0.2635383895,
    "operatingIncome": 3108000000,
    "operatingIncomeRatio": 0.208046054,
    "totalOtherIncomeExpensesNet": -226000000,
    "incomeBeforeTax": 2882000000,
    "incomeBeforeTaxRatio": 0.192917866,
    "incomeTaxExpense": 20000000,
    "netIncome": 2862000000,
    "netIncomeRatio": 0.1915790883,
    "eps": 6.72,
    "epsdiluted": 6.49,
    "weightedAverageShsOut": 426000000,
    "weightedAverageShsOutDil": 441000000,
    "link": "https://www.sec.gov/Archives/edgar/data/1137789/000104746912007998/0001047469-12-007998-index.htm",
    "finalLink": "https://www.sec.gov/Archives/edgar/data/1137789/000104746912007998/a2210517z10-k.htm"
  },
  {
    "date": "2011-07-01",
    "symbol": "STX",
    "reportedCurrency": "USD",
    "cik": "0001137789",
    "fillingDate": "2011-08-24",
    "acceptedDate": "2011-08-24 17:03:55",
    "calendarYear": "2011",
    "period": "FY",
    "revenue": 10971000000,
    "costOfRevenue": 8825000000,
    "grossProfit": 2146000000,
    "grossProfitRatio": 0.1956065992,
    "researchAndDevelopmentExpenses": 875000000,
    "generalAndAdministrativeExpenses": 0,
    "sellingAndMarketingExpenses": 0,
    "sellingGeneralAndAdministrativeExpenses": 445000000,
    "otherExpenses": 2000000,
    "operatingExpenses": 1322000000,
    "costAndExpenses": 10147000000,
    "interestIncome": 7000000,
    "interestExpense": 214000000,
    "depreciationAndAmortization": 754000000,
    "ebitda": 1547000000,
    "ebitdaratio": 0.1410081123,
    "operatingIncome": 806000000,
    "operatingIncomeRatio": 0.0734664114,
    "totalOtherIncomeExpensesNet": -227000000,
    "incomeBeforeTax": 579000000,
    "incomeBeforeTaxRatio": 0.052775499,
    "incomeTaxExpense": 68000000,
    "netIncome": 511000000,
    "netIncomeRatio": 0.0465773403,
    "eps": 1.13,
    "epsdiluted": 1.09,
    "weightedAverageShsOut": 451000000,
    "weightedAverageShsOutDil": 467000000,
    "link": "https://www.sec.gov/Archives/edgar/data/1137789/000110465911048546/0001104659-11-048546-index.htm",
    "finalLink": "https://www.sec.gov/Archives/edgar/data/1137789/000110465911048546/a11-22836_410ka.htm"
  },
  {
    "date": "2010-07-02",
    "symbol": "STX",
    "reportedCurrency": "USD",
    "cik": "0001137789",
    "fillingDate": "2010-08-20",
    "acceptedDate": "2010-08-20 15:23:57",
    "calendarYear": "2010",
    "period": "FY",
    "revenue": 11395000000,
    "costOfRevenue": 8191000000,
    "grossProfit": 3204000000,
    "grossProfitRatio": 0.2811759544,
    "researchAndDevelopmentExpenses": 877000000,
    "generalAndAdministrativeExpenses": 0,
    "sellingAndMarketingExpenses": 0,
    "sellingGeneralAndAdministrativeExpenses": 437000000,
    "otherExpenses": 150000000,
    "operatingExpenses": 1464000000,
    "costAndExpenses": 9532000000,
    "interestIncome": 6000000,
    "interestExpense": 174000000,
    "depreciationAndAmortization": 780000000,
    "ebitda": 2523000000,
    "ebitdaratio": 0.2214129004,
    "operatingIncome": 1740000000,
    "operatingIncomeRatio": 0.152698552,
    "totalOtherIncomeExpensesNet": -171000000,
    "incomeBeforeTax": 1569000000,
    "incomeBeforeTaxRatio": 0.1376919702,
    "incomeTaxExpense": -40000000,
    "netIncome": 1609000000,
    "netIncomeRatio": 0.1412022817,
    "eps": 3.28,
    "epsdiluted": 3.14,
    "weightedAverageShsOut": 491000000,
    "weightedAverageShsOutDil": 514000000,
    "link": "https://www.sec.gov/Archives/edgar/data/1137789/000104746910007649/0001047469-10-007649-index.htm",
    "finalLink": "https://www.sec.gov/Archives/edgar/data/1137789/000104746910007649/a2199925z10-k.htm"
  },
  {
    "date": "2009-07-03",
    "symbol": "STX",
    "reportedCurrency": "USD",
    "cik": "0001137789",
    "fillingDate": "2009-08-19",
    "acceptedDate": "2009-08-19 17:01:52",
    "calendarYear": "2009",
    "period": "FY",
    "revenue": 9805000000,
    "costOfRevenue": 8395000000,
    "grossProfit": 1410000000,
    "grossProfitRatio": 0.1438041815,
    "researchAndDevelopmentExpenses": 953000000,
    "generalAndAdministrativeExpenses": 0,
    "sellingAndMarketingExpenses": 0,
    "sellingGeneralAndAdministrativeExpenses": 537000000,
    "otherExpenses": 2555000000,
    "operatingExpenses": 4045000000,
    "costAndExpenses": 12440000000,
    "interestIncome": 17000000,
    "interestExpense": 134000000,
    "depreciationAndAmortization": 931000000,
    "ebitda": -1740000000,
    "ebitdaratio": -0.1774604793,
    "operatingIncome": -2665000000,
    "operatingIncomeRatio": -0.271800102,
    "totalOtherIncomeExpensesNet": -149000000,
    "incomeBeforeTax": -2814000000,
    "incomeBeforeTaxRatio": -0.2869964304,
    "incomeTaxExpense": 311000000,
    "netIncome": -3086000000,
    "netIncomeRatio": -0.3147373789,
    "eps": -6.32,
    "epsdiluted": -6.32,
    "weightedAverageShsOut": 488000000,
    "weightedAverageShsOutDil": 488000000,
    "link": "https://www.sec.gov/Archives/edgar/data/1137789/000104746909007888/0001047469-09-007888-index.htm",
    "finalLink": "https://www.sec.gov/Archives/edgar/data/1137789/000104746909007888/a2194209z10-k.htm"
  },
  {
    "date": "2008-06-27",
    "symbol": "STX",
    "reportedCurrency": "USD",
    "cik": "0001137789",
    "fillingDate": "2008-08-13",
    "acceptedDate": "2008-08-13 06:08:18",
    "calendarYear": "2008",
    "period": "FY",
    "revenue": 12708000000,
    "costOfRevenue": 9503000000,
    "grossProfit": 3205000000,
    "grossProfitRatio": 0.2522033365,
    "researchAndDevelopmentExpenses": 1028000000,
    "generalAndAdministrativeExpenses": 0,
    "sellingAndMarketingExpenses": 0,
    "sellingGeneralAndAdministrativeExpenses": 659000000,
    "otherExpenses": 142000000,
    "operatingExpenses": 1829000000,
    "costAndExpenses": 11332000000,
    "interestIncome": 0,
    "interestExpense": 0,
    "depreciationAndAmortization": 844000000,
    "ebitda": 2299000000,
    "ebitdaratio": 0.1809096632,
    "operatingIncome": 1376000000,
    "operatingIncomeRatio": 0.1082782499,
    "totalOtherIncomeExpensesNet": -47000000,
    "incomeBeforeTax": 1329000000,
    "incomeBeforeTaxRatio": 0.1045797923,
    "incomeTaxExpense": 67000000,
    "netIncome": 1262000000,
    "netIncomeRatio": 0.0993075228,
    "eps": 2.46,
    "epsdiluted": 2.36,
    "weightedAverageShsOut": 512000000,
    "weightedAverageShsOutDil": 538000000,
    "link": "https://www.sec.gov/Archives/edgar/data/1137789/000119312508175417/0001193125-08-175417-index.htm",
    "finalLink": "https://www.sec.gov/Archives/edgar/data/1137789/000119312508175417/d10k.htm"
  },
  {
    "date": "2007-06-29",
    "symbol": "STX",
    "reportedCurrency": "USD",
    "cik": "0001137789",
    "fillingDate": "2007-08-27",
    "acceptedDate": "2007-08-24 21:50:45",
    "calendarYear": "2007",
    "period": "FY",
    "revenue": 11360000000,
    "costOfRevenue": 9175000000,
    "grossProfit": 2185000000,
    "grossProfitRatio": 0.1923415493,
    "researchAndDevelopmentExpenses": 904000000,
    "generalAndAdministrativeExpenses": 0,
    "sellingAndMarketingExpenses": 0,
    "sellingGeneralAndAdministrativeExpenses": 589000000,
    "otherExpenses": 78000000,
    "operatingExpenses": 1571000000,
    "costAndExpenses": 10717000000,
    "interestIncome": 0,
    "interestExpense": 0,
    "depreciationAndAmortization": 851000000,
    "ebitda": 1494000000,
    "ebitdaratio": 0.1315140845,
    "operatingIncome": 614000000,
    "operatingIncomeRatio": 0.0540492958,
    "totalOtherIncomeExpensesNet": -53000000,
    "incomeBeforeTax": 561000000,
    "incomeBeforeTaxRatio": 0.0493838028,
    "incomeTaxExpense": -352000000,
    "netIncome": 913000000,
    "netIncomeRatio": 0.0803697183,
    "eps": 1.64,
    "epsdiluted": 1.56,
    "weightedAverageShsOut": 558000000,
    "weightedAverageShsOutDil": 587000000,
    "link": "https://www.sec.gov/Archives/edgar/data/1137789/000095013407018993/0000950134-07-018993-index.htm",
    "finalLink": "https://www.sec.gov/Archives/edgar/data/1137789/000095013407018993/f32884e10vk.htm"
  },
  {
    "date": "2006-06-30",
    "symbol": "STX",
    "reportedCurrency": "USD",
    "cik": "0001137789",
    "fillingDate": "2006-09-11",
    "acceptedDate": "2006-09-08 18:14:42",
    "calendarYear": "2006",
    "period": "FY",
    "revenue": 9206000000,
    "costOfRevenue": 7069000000,
    "grossProfit": 2137000000,
    "grossProfitRatio": 0.2321312188,
    "researchAndDevelopmentExpenses": 805000000,
    "generalAndAdministrativeExpenses": 0,
    "sellingAndMarketingExpenses": 0,
    "sellingGeneralAndAdministrativeExpenses": 447000000,
    "otherExpenses": 7000000,
    "operatingExpenses": 1259000000,
    "costAndExpenses": 8328000000,
    "interestIncome": 0,
    "interestExpense": 0,
    "depreciationAndAmortization": 612000000,
    "ebitda": 1490000000,
    "ebitdaratio": 0.1618509668,
    "operatingIncome": 874000000,
    "operatingIncomeRatio": 0.0949380839,
    "totalOtherIncomeExpensesNet": 50000000,
    "incomeBeforeTax": 924000000,
    "incomeBeforeTaxRatio": 0.1003693244,
    "incomeTaxExpense": 84000000,
    "netIncome": 840000000,
    "netIncomeRatio": 0.0912448403,
    "eps": 1.7,
    "epsdiluted": 1.6,
    "weightedAverageShsOut": 495000000,
    "weightedAverageShsOutDil": 524000000,
    "link": "https://www.sec.gov/Archives/edgar/data/1137789/000119312506188012/0001193125-06-188012-index.htm",
    "finalLink": "https://www.sec.gov/Archives/edgar/data/1137789/000119312506188012/d10k.htm"
  },
  {
    "date": "2005-07-01",
    "symbol": "STX",
    "reportedCurrency": "USD",
    "cik": "0001137789",
    "fillingDate": "2005-08-01",
    "acceptedDate": "2005-08-01 17:30:44",
    "calendarYear": "2005",
    "period": "FY",
    "revenue": 7553000000,
    "costOfRevenue": 5880000000,
    "grossProfit": 1673000000,
    "grossProfitRatio": 0.2215013902,
    "researchAndDevelopmentExpenses": 645000000,
    "generalAndAdministrativeExpenses": 0,
    "sellingAndMarketingExpenses": 0,
    "sellingGeneralAndAdministrativeExpenses": 306000000,
    "otherExpenses": 0,
    "operatingExpenses": 951000000,
    "costAndExpenses": 6831000000,
    "interestIncome": 0,
    "interestExpense": 0,
    "depreciationAndAmortization": 464000000,
    "ebitda": 1186000000,
    "ebitdaratio": 0.1570236992,
    "operatingIncome": 722000000,
    "operatingIncomeRatio": 0.0955911558,
    "totalOtherIncomeExpensesNet": 10000000,
    "incomeBeforeTax": 732000000,
    "incomeBeforeTaxRatio": 0.0969151331,
    "incomeTaxExpense": 25000000,
    "netIncome": 707000000,
    "netIncomeRatio": 0.09360519,
    "eps": 1.51,
    "epsdiluted": 1.41,
    "weightedAverageShsOut": 468000000,
    "weightedAverageShsOutDil": 502000000,
    "link": "https://www.sec.gov/Archives/edgar/data/1137789/000119312505153934/0001193125-05-153934-index.htm",
    "finalLink": "https://www.sec.gov/Archives/edgar/data/1137789/000119312505153934/d10k.htm"
  },
  {
    "date": "2004-07-02",
    "symbol": "STX",
    "reportedCurrency": "USD",
    "cik": "0001137789",
    "fillingDate": "2004-08-10",
    "acceptedDate": "2004-08-09 20:10:16",
    "calendarYear": "2004",
    "period": "FY",
    "revenue": 6224000000,
    "costOfRevenue": 4765000000,
    "grossProfit": 1459000000,
    "grossProfitRatio": 0.2344151671,
    "researchAndDevelopmentExpenses": 666000000,
    "generalAndAdministrativeExpenses": 0,
    "sellingAndMarketingExpenses": 0,
    "sellingGeneralAndAdministrativeExpenses": 290000000,
    "otherExpenses": 59000000,
    "operatingExpenses": 1015000000,
    "costAndExpenses": 5780000000,
    "interestIncome": 0,
    "interestExpense": 0,
    "depreciationAndAmortization": 414000000,
    "ebitda": 917000000,
    "ebitdaratio": 0.1473329049,
    "operatingIncome": 444000000,
    "operatingIncomeRatio": 0.0713367609,
    "totalOtherIncomeExpensesNet": -16000000,
    "incomeBeforeTax": 428000000,
    "incomeBeforeTaxRatio": 0.0687660668,
    "incomeTaxExpense": -101000000,
    "netIncome": 529000000,
    "netIncomeRatio": 0.0849935733,
    "eps": 1.17,
    "epsdiluted": 1.06,
    "weightedAverageShsOut": 452000000,
    "weightedAverageShsOutDil": 498000000,
    "link": "https://www.sec.gov/Archives/edgar/data/1137789/000119312504136208/0001193125-04-136208-index.htm",
    "finalLink": "https://www.sec.gov/Archives/edgar/data/1137789/000119312504136208/d10k.htm"
  },
  {
    "date": "2003-06-27",
    "symbol": "STX",
    "reportedCurrency": "USD",
    "cik": "0001137789",
    "fillingDate": "2003-08-21",
    "acceptedDate": "2003-08-21 12:57:12",
    "calendarYear": "2003",
    "period": "FY",
    "revenue": 6486000000,
    "costOfRevenue": 4759000000,
    "grossProfit": 1727000000,
    "grossProfitRatio": 0.2662658033,
    "researchAndDevelopmentExpenses": 670000000,
    "generalAndAdministrativeExpenses": 0,
    "sellingAndMarketingExpenses": 0,
    "sellingGeneralAndAdministrativeExpenses": 357000000,
    "otherExpenses": 9000000,
    "operatingExpenses": 1036000000,
    "costAndExpenses": 5786000000,
    "interestIncome": 0,
    "interestExpense": 0,
    "depreciationAndAmortization": 443000000,
    "ebitda": 1143000000,
    "ebitdaratio": 0.1762257169,
    "operatingIncome": 691000000,
    "operatingIncomeRatio": 0.106537157,
    "totalOtherIncomeExpensesNet": -31000000,
    "incomeBeforeTax": 660000000,
    "incomeBeforeTaxRatio": 0.1017576318,
    "incomeTaxExpense": 19000000,
    "netIncome": 641000000,
    "netIncomeRatio": 0.0988282455,
    "eps": 1.53,
    "epsdiluted": 1.36,
    "weightedAverageShsOut": 418000000,
    "weightedAverageShsOutDil": 470000000,
    "link": "https://www.sec.gov/Archives/edgar/data/1137789/000119312503040541/0001193125-03-040541-index.htm",
    "finalLink": "https://www.sec.gov/Archives/edgar/data/1137789/000119312503040541/d10k.htm"
  },
  {
    "date": "2002-06-30",
    "symbol": "STX",
    "reportedCurrency": "USD",
    "cik": "0001137789",
    "fillingDate": "2002-06-30",
    "acceptedDate": "2002-06-30 00:00:00",
    "calendarYear": "2002",
    "period": "FY",
    "revenue": 6087000000,
    "costOfRevenue": 4494000000,
    "grossProfit": 1593000000,
    "grossProfitRatio": 0.2617052735,
    "researchAndDevelopmentExpenses": 698000000,
    "generalAndAdministrativeExpenses": 0,
    "sellingAndMarketingExpenses": 0,
    "sellingGeneralAndAdministrativeExpenses": 498000000,
    "otherExpenses": 19000000,
    "operatingExpenses": 1215000000,
    "costAndExpenses": 5709000000,
    "interestIncome": 0,
    "interestExpense": 0,
    "depreciationAndAmortization": 405000000,
    "ebitda": 783000000,
    "ebitdaratio": 0.1286347955,
    "operatingIncome": 374000000,
    "operatingIncomeRatio": 0.0614424183,
    "totalOtherIncomeExpensesNet": -135000000,
    "incomeBeforeTax": 239000000,
    "incomeBeforeTaxRatio": 0.0392640053,
    "incomeTaxExpense": 86000000,
    "netIncome": 153000000,
    "netIncomeRatio": 0.0251355347,
    "eps": 0.38,
    "epsdiluted": 0.36,
    "weightedAverageShsOut": 401000000,
    "weightedAverageShsOutDil": 428000000,
    "link": null,
    "finalLink": null
  },
  {
    "date": "2001-06-30",
    "symbol": "STX",
    "reportedCurrency": "USD",
    "cik": "0001137789",
    "fillingDate": "2001-06-29",
    "acceptedDate": "2001-06-28 20:00:00",
    "calendarYear": "2001",
    "period": "FY",
    "revenue": 5966000000,
    "costOfRevenue": 0,
    "grossProfit": 5966000000,
    "grossProfitRatio": 1,
    "researchAndDevelopmentExpenses": 0,
    "generalAndAdministrativeExpenses": 0,
    "sellingAndMarketingExpenses": 0,
    "sellingGeneralAndAdministrativeExpenses": 0,
    "otherExpenses": 6663000000,
    "operatingExpenses": 6663000000,
    "costAndExpenses": 6663000000,
    "interestIncome": 0,
    "interestExpense": 0,
    "depreciationAndAmortization": 6663000000,
    "ebitda": 5966000000,
    "ebitdaratio": 1,
    "operatingIncome": -697000000,
    "operatingIncomeRatio": -0.1168286959,
    "totalOtherIncomeExpensesNet": 697000000,
    "incomeBeforeTax": 0,
    "incomeBeforeTaxRatio": 0,
    "incomeTaxExpense": -175000000,
    "netIncome": -522000000,
    "netIncomeRatio": -0.0874958096,
    "eps": -1.3,
    "epsdiluted": -1.14,
    "weightedAverageShsOut": 402000000,
    "weightedAverageShsOutDil": 456000000,
    "link": "",
    "finalLink": ""
  },
  {
    "date": "2000-06-30",
    "symbol": "STX",
    "reportedCurrency": "USD",
    "cik": "0001137789",
    "fillingDate": "2000-06-30",
    "acceptedDate": "2000-06-29 20:00:00",
    "calendarYear": "2000",
    "period": "FY",
    "revenue": 6073000000,
    "costOfRevenue": 0,
    "grossProfit": 6073000000,
    "grossProfitRatio": 1,
    "researchAndDevelopmentExpenses": 0,
    "generalAndAdministrativeExpenses": 0,
    "sellingAndMarketingExpenses": 0,
    "sellingGeneralAndAdministrativeExpenses": 0,
    "otherExpenses": 6358000000,
    "operatingExpenses": 6358000000,
    "costAndExpenses": 6358000000,
    "interestIncome": 0,
    "interestExpense": 0,
    "depreciationAndAmortization": 6358000000,
    "ebitda": 6073000000,
    "ebitdaratio": 1,
    "operatingIncome": -285000000,
    "operatingIncomeRatio": -0.0469290301,
    "totalOtherIncomeExpensesNet": 285000000,
    "incomeBeforeTax": 0,
    "incomeBeforeTaxRatio": 0,
    "incomeTaxExpense": -651000000,
    "netIncome": 366000000,
    "netIncomeRatio": 0.0602667545,
    "eps": 0.91,
    "epsdiluted": 0.8,
    "weightedAverageShsOut": 402000000,
    "weightedAverageShsOutDil": 456000000,
    "link": "",
    "finalLink": ""
  }
]