[
  {
    "date": "2025-05-31",
    "symbol": "STZ",
    "reportedCurrency": "USD",
    "cik": "0000016918",
    "fillingDate": "2025-07-02",
    "acceptedDate": "2025-07-02 14:00:13",
    "calendarYear": "2026",
    "period": "Q1",
    "revenue": 2514700000,
    "costOfRevenue": 1238000000,
    "grossProfit": 1276700000,
    "grossProfitRatio": 0.5076947548,
    "researchAndDevelopmentExpenses": 0,
    "generalAndAdministrativeExpenses": 0,
    "sellingAndMarketingExpenses": 0,
    "sellingGeneralAndAdministrativeExpenses": 478400000,
    "otherExpenses": 0,
    "operatingExpenses": 478400000,
    "costAndExpenses": 1716400000,
    "interestIncome": 1700000,
    "interestExpense": 100600000,
    "depreciationAndAmortization": 105500000,
    "ebitda": 817500000,
    "ebitdaratio": 0.3250884797,
    "operatingIncome": 798300000,
    "operatingIncomeRatio": 0.3174533742,
    "totalOtherIncomeExpensesNet": -186900000,
    "incomeBeforeTax": 611400000,
    "incomeBeforeTaxRatio": 0.2431303933,
    "incomeTaxExpense": 87600000,
    "netIncome": 516100000,
    "netIncomeRatio": 0.2052332286,
    "eps": 2.9,
    "epsdiluted": 2.9,
    "weightedAverageShsOut": 177801000,
    "weightedAverageShsOutDil": 177991000,
    "link": "https://www.sec.gov/Archives/edgar/data/16918/000001691825000075/0000016918-25-000075-index.htm",
    "finalLink": "https://www.sec.gov/Archives/edgar/data/16918/000001691825000075/stz-20250531.htm"
  },
  {
    "date": "2025-02-28",
    "symbol": "STZ",
    "reportedCurrency": "USD",
    "cik": "0000016918",
    "fillingDate": "2025-04-23",
    "acceptedDate": "2025-04-23 13:26:00",
    "calendarYear": "2025",
    "period": "Q4",
    "revenue": 2164000000,
    "costOfRevenue": 1058800000,
    "grossProfit": 1105200000,
    "grossProfitRatio": 0.5107208872,
    "researchAndDevelopmentExpenses": 0,
    "generalAndAdministrativeExpenses": 0,
    "sellingAndMarketingExpenses": 0,
    "sellingGeneralAndAdministrativeExpenses": 229400000,
    "otherExpenses": 0,
    "operatingExpenses": 229400000,
    "costAndExpenses": 1288200000,
    "interestIncome": 0,
    "interestExpense": 100200000,
    "depreciationAndAmortization": 106200000,
    "ebitda": -136199999,
    "ebitdaratio": -0.0629390014,
    "operatingIncome": 875800000,
    "operatingIncomeRatio": 0.4047134935,
    "totalOtherIncomeExpensesNet": -1218400000,
    "incomeBeforeTax": -342600000,
    "incomeBeforeTaxRatio": -0.1583179298,
    "incomeTaxExpense": 28000000,
    "netIncome": -375300000,
    "netIncomeRatio": -0.1734288355,
    "eps": -2.09,
    "epsdiluted": -2.09,
    "weightedAverageShsOut": 179913000,
    "weightedAverageShsOutDil": 179913000,
    "link": "https://www.sec.gov/Archives/edgar/data/16918/000001691825000022/0000016918-25-000022-index.htm",
    "finalLink": "https://www.sec.gov/Archives/edgar/data/16918/000001691825000022/stz-20250228.htm"
  },
  {
    "date": "2024-11-30",
    "symbol": "STZ",
    "reportedCurrency": "USD",
    "cik": "0000016918",
    "fillingDate": "2025-01-10",
    "acceptedDate": "2025-01-10 14:01:01",
    "calendarYear": "2025",
    "period": "Q3",
    "revenue": 2463500000,
    "costOfRevenue": 1205900000,
    "grossProfit": 1257600000,
    "grossProfitRatio": 0.5104932007,
    "researchAndDevelopmentExpenses": 0,
    "generalAndAdministrativeExpenses": 0,
    "sellingAndMarketingExpenses": 0,
    "sellingGeneralAndAdministrativeExpenses": 475000000,
    "otherExpenses": 0,
    "operatingExpenses": 475000000,
    "costAndExpenses": 1680900000,
    "interestIncome": 0,
    "interestExpense": 104400000,
    "depreciationAndAmortization": 119300000,
    "ebitda": 897300000,
    "ebitdaratio": 0.3642378729,
    "operatingIncome": 782600000,
    "operatingIncomeRatio": 0.3176781003,
    "totalOtherIncomeExpensesNet": -109000000,
    "incomeBeforeTax": 673600000,
    "incomeBeforeTaxRatio": 0.2734321088,
    "incomeTaxExpense": 44500000,
    "netIncome": 615900000,
    "netIncomeRatio": 0.2500101482,
    "eps": 3.4,
    "epsdiluted": 3.39,
    "weightedAverageShsOut": 181243000,
    "weightedAverageShsOutDil": 181753000,
    "link": "https://www.sec.gov/Archives/edgar/data/16918/000001691825000004/0000016918-25-000004-index.htm",
    "finalLink": "https://www.sec.gov/Archives/edgar/data/16918/000001691825000004/stz-20241130.htm"
  },
  {
    "date": "2024-08-31",
    "symbol": "STZ",
    "reportedCurrency": "USD",
    "cik": "0000016918",
    "fillingDate": "2024-10-03",
    "acceptedDate": "2024-10-03 14:00:35",
    "calendarYear": "2025",
    "period": "Q2",
    "revenue": 2918700000,
    "costOfRevenue": 1421300000,
    "grossProfit": 1497400000,
    "grossProfitRatio": 0.5130366259,
    "researchAndDevelopmentExpenses": 0,
    "generalAndAdministrativeExpenses": 0,
    "sellingAndMarketingExpenses": 0,
    "sellingGeneralAndAdministrativeExpenses": 409900000,
    "otherExpenses": 0,
    "operatingExpenses": 409900000,
    "costAndExpenses": 1831200000,
    "interestIncome": 0,
    "interestExpense": 104000000,
    "depreciationAndAmortization": 109600000,
    "ebitda": -1121000000,
    "ebitdaratio": -0.3840751019,
    "operatingIncome": 1087500000,
    "operatingIncomeRatio": 0.3725973892,
    "totalOtherIncomeExpensesNet": -2422100000,
    "incomeBeforeTax": -1334600000,
    "incomeBeforeTaxRatio": -0.4572583685,
    "incomeTaxExpense": -152200000,
    "netIncome": -1199000000,
    "netIncomeRatio": -0.4107993285,
    "eps": -6.59,
    "epsdiluted": -6.59,
    "weightedAverageShsOut": 181947000,
    "weightedAverageShsOutDil": 181947000,
    "link": "https://www.sec.gov/Archives/edgar/data/16918/000001691824000178/0000016918-24-000178-index.htm",
    "finalLink": "https://www.sec.gov/Archives/edgar/data/16918/000001691824000178/stz-20240831.htm"
  },
  {
    "date": "2024-05-31",
    "symbol": "STZ",
    "reportedCurrency": "USD",
    "cik": "0000016918",
    "fillingDate": "2024-07-03",
    "acceptedDate": "2024-07-03 13:15:42",
    "calendarYear": "2025",
    "period": "Q1",
    "revenue": 2661700000,
    "costOfRevenue": 1320200000,
    "grossProfit": 1341500000,
    "grossProfitRatio": 0.5040012022,
    "researchAndDevelopmentExpenses": 0,
    "generalAndAdministrativeExpenses": 0,
    "sellingAndMarketingExpenses": 0,
    "sellingGeneralAndAdministrativeExpenses": 461400000,
    "otherExpenses": 0,
    "operatingExpenses": 461400000,
    "costAndExpenses": 1781600000,
    "interestIncome": 0,
    "interestExpense": 102600000,
    "depreciationAndAmortization": 111900000,
    "ebitda": 1135300000,
    "ebitdaratio": 0.4265319157,
    "operatingIncome": 880100000,
    "operatingIncomeRatio": 0.3306533418,
    "totalOtherIncomeExpensesNet": 40700000,
    "incomeBeforeTax": 920800000,
    "incomeBeforeTaxRatio": 0.3459443213,
    "incomeTaxExpense": 28000000,
    "netIncome": 877000000,
    "netIncomeRatio": 0.3294886727,
    "eps": 4.8,
    "epsdiluted": 4.8,
    "weightedAverageShsOut": 182766000,
    "weightedAverageShsOutDil": 183461000,
    "link": "https://www.sec.gov/Archives/edgar/data/16918/000001691824000111/0000016918-24-000111-index.htm",
    "finalLink": "https://www.sec.gov/Archives/edgar/data/16918/000001691824000111/stz-20240531.htm"
  },
  {
    "date": "2024-02-29",
    "symbol": "STZ",
    "reportedCurrency": "USD",
    "cik": "0000016918",
    "fillingDate": "2024-04-23",
    "acceptedDate": "2024-04-23 12:45:24",
    "calendarYear": "2024",
    "period": "Q4",
    "revenue": 2139100000,
    "costOfRevenue": 1126200000,
    "grossProfit": 1012900000,
    "grossProfitRatio": 0.4735168996,
    "researchAndDevelopmentExpenses": 0,
    "generalAndAdministrativeExpenses": 0,
    "sellingAndMarketingExpenses": 0,
    "sellingGeneralAndAdministrativeExpenses": 382000000,
    "otherExpenses": 0,
    "operatingExpenses": 382000000,
    "costAndExpenses": 1508200000,
    "interestIncome": 0,
    "interestExpense": 102400000,
    "depreciationAndAmortization": 106400000,
    "ebitda": 701400000,
    "ebitdaratio": 0.3278949091,
    "operatingIncome": 630900000,
    "operatingIncomeRatio": 0.2949371231,
    "totalOtherIncomeExpensesNet": -138300000,
    "incomeBeforeTax": 492600000,
    "incomeBeforeTaxRatio": 0.2302837642,
    "incomeTaxExpense": 88200000,
    "netIncome": 392400000,
    "netIncomeRatio": 0.1834416343,
    "eps": 2.15,
    "epsdiluted": 2.14,
    "weightedAverageShsOut": 182916000,
    "weightedAverageShsOutDil": 183561000,
    "link": "https://www.sec.gov/Archives/edgar/data/16918/000001691824000054/0000016918-24-000054-index.htm",
    "finalLink": "https://www.sec.gov/Archives/edgar/data/16918/000001691824000054/stz-20240229.htm"
  },
  {
    "date": "2023-11-30",
    "symbol": "STZ",
    "reportedCurrency": "USD",
    "cik": "0000016918",
    "fillingDate": "2024-01-05",
    "acceptedDate": "2024-01-05 16:01:31",
    "calendarYear": "2024",
    "period": "Q3",
    "revenue": 2470900000,
    "costOfRevenue": 1177000000,
    "grossProfit": 1293900000,
    "grossProfitRatio": 0.5236553483,
    "researchAndDevelopmentExpenses": 0,
    "generalAndAdministrativeExpenses": 0,
    "sellingAndMarketingExpenses": 0,
    "sellingGeneralAndAdministrativeExpenses": 453200000,
    "otherExpenses": 0,
    "operatingExpenses": 453200000,
    "costAndExpenses": 1630200000,
    "interestIncome": 0,
    "interestExpense": 104100000,
    "depreciationAndAmortization": 108400000,
    "ebitda": 863400000,
    "ebitdaratio": 0.3494273342,
    "operatingIncome": 840700000,
    "operatingIncomeRatio": 0.3402403982,
    "totalOtherIncomeExpensesNet": -189800000,
    "incomeBeforeTax": 650900000,
    "incomeBeforeTaxRatio": 0.2634262819,
    "incomeTaxExpense": 130000000,
    "netIncome": 509100000,
    "netIncomeRatio": 0.2060382856,
    "eps": 2.77,
    "epsdiluted": 2.76,
    "weightedAverageShsOut": 183525000,
    "weightedAverageShsOutDil": 184170000,
    "link": "https://www.sec.gov/Archives/edgar/data/16918/000001691824000005/0000016918-24-000005-index.htm",
    "finalLink": "https://www.sec.gov/Archives/edgar/data/16918/000001691824000005/stz-20231130.htm"
  },
  {
    "date": "2023-08-31",
    "symbol": "STZ",
    "reportedCurrency": "USD",
    "cik": "0000016918",
    "fillingDate": "2023-10-05",
    "acceptedDate": "2023-10-05 16:00:41",
    "calendarYear": "2024",
    "period": "Q2",
    "revenue": 2836800000,
    "costOfRevenue": 1411600000,
    "grossProfit": 1425200000,
    "grossProfitRatio": 0.5023970671,
    "researchAndDevelopmentExpenses": 0,
    "generalAndAdministrativeExpenses": 0,
    "sellingAndMarketingExpenses": 0,
    "sellingGeneralAndAdministrativeExpenses": 452600000,
    "otherExpenses": 0,
    "operatingExpenses": 452600000,
    "costAndExpenses": 1864200000,
    "interestIncome": 0,
    "interestExpense": 110600000,
    "depreciationAndAmortization": 108000000,
    "ebitda": 1066500000,
    "ebitdaratio": 0.3759517766,
    "operatingIncome": 972600000,
    "operatingIncomeRatio": 0.3428510998,
    "totalOtherIncomeExpensesNet": -124700000,
    "incomeBeforeTax": 847900000,
    "incomeBeforeTaxRatio": 0.298893119,
    "incomeTaxExpense": 147200000,
    "netIncome": 690000000,
    "netIncomeRatio": 0.2432318105,
    "eps": 3.76,
    "epsdiluted": 3.74,
    "weightedAverageShsOut": 183498000,
    "weightedAverageShsOutDil": 184277000,
    "link": "https://www.sec.gov/Archives/edgar/data/16918/000001691823000190/0000016918-23-000190-index.htm",
    "finalLink": "https://www.sec.gov/Archives/edgar/data/16918/000001691823000190/stz-20230831.htm"
  },
  {
    "date": "2023-05-31",
    "symbol": "STZ",
    "reportedCurrency": "USD",
    "cik": "0000016918",
    "fillingDate": "2023-06-30",
    "acceptedDate": "2023-06-30 16:00:23",
    "calendarYear": "2024",
    "period": "Q1",
    "revenue": 2514900000,
    "costOfRevenue": 1248200000,
    "grossProfit": 1266700000,
    "grossProfitRatio": 0.5036780787,
    "researchAndDevelopmentExpenses": 0,
    "generalAndAdministrativeExpenses": 0,
    "sellingAndMarketingExpenses": 0,
    "sellingGeneralAndAdministrativeExpenses": 477900000,
    "otherExpenses": 0,
    "operatingExpenses": 477900000,
    "costAndExpenses": 1726100000,
    "interestIncome": 0,
    "interestExpense": 118000000,
    "depreciationAndAmortization": 105700000,
    "ebitda": 454100000,
    "ebitdaratio": 0.1805638395,
    "operatingIncome": 788800000,
    "operatingIncomeRatio": 0.3136506422,
    "totalOtherIncomeExpensesNet": -558400000,
    "incomeBeforeTax": 230400000,
    "incomeBeforeTaxRatio": 0.0916139807,
    "incomeTaxExpense": 91200000,
    "netIncome": 135900000,
    "netIncomeRatio": 0.0540379339,
    "eps": 0.74,
    "epsdiluted": 0.74,
    "weightedAverageShsOut": 183270000,
    "weightedAverageShsOutDil": 183863000,
    "link": "https://www.sec.gov/Archives/edgar/data/16918/000001691823000103/0000016918-23-000103-index.htm",
    "finalLink": "https://www.sec.gov/Archives/edgar/data/16918/000001691823000103/stz-20230531.htm"
  },
  {
    "date": "2023-02-28",
    "symbol": "STZ",
    "reportedCurrency": "USD",
    "cik": "0000016918",
    "fillingDate": "2023-04-20",
    "acceptedDate": "2023-04-20 11:49:03",
    "calendarYear": "2023",
    "period": "Q4",
    "revenue": 1997700000,
    "costOfRevenue": 1005100000,
    "grossProfit": 992600000,
    "grossProfitRatio": 0.4968714021,
    "researchAndDevelopmentExpenses": 0,
    "generalAndAdministrativeExpenses": 0,
    "sellingAndMarketingExpenses": 0,
    "sellingGeneralAndAdministrativeExpenses": 404900000,
    "otherExpenses": 0,
    "operatingExpenses": 404900000,
    "costAndExpenses": 1410000000,
    "interestIncome": 0,
    "interestExpense": 117100000,
    "depreciationAndAmortization": 105800000,
    "ebitda": 479300000,
    "ebitdaratio": 0.2399259148,
    "operatingIncome": 587700000,
    "operatingIncomeRatio": 0.2941883166,
    "totalOtherIncomeExpensesNet": -331300000,
    "incomeBeforeTax": 256400000,
    "incomeBeforeTaxRatio": 0.1283475997,
    "incomeTaxExpense": 33200000,
    "netIncome": 223000000,
    "netIncomeRatio": 0.1116283726,
    "eps": 1.21,
    "epsdiluted": 1.21,
    "weightedAverageShsOut": 183895079,
    "weightedAverageShsOutDil": 184534000,
    "link": "https://www.sec.gov/Archives/edgar/data/16918/000001691823000045/0000016918-23-000045-index.htm",
    "finalLink": "https://www.sec.gov/Archives/edgar/data/16918/000001691823000045/stz-20230228.htm"
  },
  {
    "date": "2022-11-30",
    "symbol": "STZ",
    "reportedCurrency": "USD",
    "cik": "0000016918",
    "fillingDate": "2023-01-05",
    "acceptedDate": "2023-01-05 16:01:03",
    "calendarYear": "2023",
    "period": "Q3",
    "revenue": 2436700000,
    "costOfRevenue": 1198600000,
    "grossProfit": 1238100000,
    "grossProfitRatio": 0.5081052243,
    "researchAndDevelopmentExpenses": 0,
    "generalAndAdministrativeExpenses": 0,
    "sellingAndMarketingExpenses": 0,
    "sellingGeneralAndAdministrativeExpenses": 466700000,
    "otherExpenses": 0,
    "operatingExpenses": 466700000,
    "costAndExpenses": 1665300000,
    "interestIncome": 0,
    "interestExpense": 98500000,
    "depreciationAndAmortization": 95800000,
    "ebitda": 805100000,
    "ebitdaratio": 0.3304058768,
    "operatingIncome": 771400000,
    "operatingIncomeRatio": 0.3165756966,
    "totalOtherIncomeExpensesNet": -160600000,
    "incomeBeforeTax": 610800000,
    "incomeBeforeTaxRatio": 0.2506668855,
    "incomeTaxExpense": 131100000,
    "netIncome": 467700000,
    "netIncomeRatio": 0.1919399187,
    "eps": 2.48,
    "epsdiluted": 2.48,
    "weightedAverageShsOut": 188624816,
    "weightedAverageShsOutDil": 188624816,
    "link": "https://www.sec.gov/Archives/edgar/data/16918/000001691823000006/0000016918-23-000006-index.htm",
    "finalLink": "https://www.sec.gov/Archives/edgar/data/16918/000001691823000006/stz-20221130.htm"
  },
  {
    "date": "2022-08-31",
    "symbol": "STZ",
    "reportedCurrency": "USD",
    "cik": "0000016918",
    "fillingDate": "2022-10-06",
    "acceptedDate": "2022-10-06 16:00:32",
    "calendarYear": "2023",
    "period": "Q2",
    "revenue": 2655700000,
    "costOfRevenue": 1293300000,
    "grossProfit": 1362400000,
    "grossProfitRatio": 0.5130097526,
    "researchAndDevelopmentExpenses": 0,
    "generalAndAdministrativeExpenses": 0,
    "sellingAndMarketingExpenses": 0,
    "sellingGeneralAndAdministrativeExpenses": 502300000,
    "otherExpenses": 0,
    "operatingExpenses": 502300000,
    "costAndExpenses": 1795600000,
    "interestIncome": 0,
    "interestExpense": 94200000,
    "depreciationAndAmortization": 91700000,
    "ebitda": -822400000,
    "ebitdaratio": -0.3096735324,
    "operatingIncome": 860100000,
    "operatingIncomeRatio": 0.323869413,
    "totalOtherIncomeExpensesNet": -1868400000,
    "incomeBeforeTax": -1008300000,
    "incomeBeforeTaxRatio": -0.379673909,
    "incomeTaxExpense": 132400000,
    "netIncome": -1151200000,
    "netIncomeRatio": -0.4334826976,
    "eps": -6.24,
    "epsdiluted": -6.17,
    "weightedAverageShsOut": 182662168,
    "weightedAverageShsOutDil": 184936000,
    "link": "https://www.sec.gov/Archives/edgar/data/16918/000001691822000181/0000016918-22-000181-index.htm",
    "finalLink": "https://www.sec.gov/Archives/edgar/data/16918/000001691822000181/stz-20220831.htm"
  },
  {
    "date": "2022-05-31",
    "symbol": "STZ",
    "reportedCurrency": "USD",
    "cik": "0000016918",
    "fillingDate": "2022-06-30",
    "acceptedDate": "2022-06-30 15:55:13",
    "calendarYear": "2023",
    "period": "Q1",
    "revenue": 2363800000,
    "costOfRevenue": 1070800000,
    "grossProfit": 1293000000,
    "grossProfitRatio": 0.5470005923,
    "researchAndDevelopmentExpenses": 0,
    "generalAndAdministrativeExpenses": 0,
    "sellingAndMarketingExpenses": 0,
    "sellingGeneralAndAdministrativeExpenses": 443200000,
    "otherExpenses": 0,
    "operatingExpenses": 443200000,
    "costAndExpenses": 1514000000,
    "interestIncome": 0,
    "interestExpense": 88000000,
    "depreciationAndAmortization": 93700000,
    "ebitda": 706400000,
    "ebitdaratio": 0.2988408495,
    "operatingIncome": 849800000,
    "operatingIncomeRatio": 0.3595058804,
    "totalOtherIncomeExpensesNet": -325099999,
    "incomeBeforeTax": 524700000,
    "incomeBeforeTaxRatio": 0.2219730942,
    "incomeTaxExpense": 125400000,
    "netIncome": 389500000,
    "netIncomeRatio": 0.1647770539,
    "eps": 2.07,
    "epsdiluted": 2.06,
    "weightedAverageShsOut": 188541000,
    "weightedAverageShsOutDil": 189333000,
    "link": "https://www.sec.gov/Archives/edgar/data/16918/000001691822000143/0000016918-22-000143-index.htm",
    "finalLink": "https://www.sec.gov/Archives/edgar/data/16918/000001691822000143/stz-20220531.htm"
  },
  {
    "date": "2022-02-28",
    "symbol": "STZ",
    "reportedCurrency": "USD",
    "cik": "0000016918",
    "fillingDate": "2022-04-21",
    "acceptedDate": "2022-04-21 10:57:18",
    "calendarYear": "2022",
    "period": "Q4",
    "revenue": 2102800000,
    "costOfRevenue": 1027500000,
    "grossProfit": 1075300000,
    "grossProfitRatio": 0.511365798,
    "researchAndDevelopmentExpenses": 0,
    "generalAndAdministrativeExpenses": 0,
    "sellingAndMarketingExpenses": 0,
    "sellingGeneralAndAdministrativeExpenses": 447500000,
    "otherExpenses": 0,
    "operatingExpenses": 447500000,
    "costAndExpenses": 1475000000,
    "interestIncome": 0,
    "interestExpense": 83500000,
    "depreciationAndAmortization": 90000000,
    "ebitda": 671400000,
    "ebitdaratio": 0.3192885676,
    "operatingIncome": 627800000,
    "operatingIncomeRatio": 0.2985543085,
    "totalOtherIncomeExpensesNet": -129900000,
    "incomeBeforeTax": 497900000,
    "incomeBeforeTaxRatio": 0.2367795321,
    "incomeTaxExpense": 92300000,
    "netIncome": 395400000,
    "netIncomeRatio": 0.188035001,
    "eps": 1.85,
    "epsdiluted": 1.85,
    "weightedAverageShsOut": 213893000,
    "weightedAverageShsOutDil": 213893000,
    "link": "https://www.sec.gov/Archives/edgar/data/16918/000001691822000069/0000016918-22-000069-index.htm",
    "finalLink": "https://www.sec.gov/Archives/edgar/data/16918/000001691822000069/stz-20220228.htm"
  },
  {
    "date": "2021-11-30",
    "symbol": "STZ",
    "reportedCurrency": "USD",
    "cik": "0000016918",
    "fillingDate": "2022-01-06",
    "acceptedDate": "2022-01-06 16:30:28",
    "calendarYear": "2022",
    "period": "Q3",
    "revenue": 2321000000,
    "costOfRevenue": 1091200000,
    "grossProfit": 1229800000,
    "grossProfitRatio": 0.5298578199,
    "researchAndDevelopmentExpenses": 0,
    "generalAndAdministrativeExpenses": 0,
    "sellingAndMarketingExpenses": 0,
    "sellingGeneralAndAdministrativeExpenses": 382500000,
    "otherExpenses": 0,
    "operatingExpenses": 382500000,
    "costAndExpenses": 1473700000,
    "interestIncome": 0,
    "interestExpense": 87700000,
    "depreciationAndAmortization": 87800000,
    "ebitda": 755600000,
    "ebitdaratio": 0.3255493322,
    "operatingIncome": 847300000,
    "operatingIncomeRatio": 0.3650581646,
    "totalOtherIncomeExpensesNet": -267200000,
    "incomeBeforeTax": 580100000,
    "incomeBeforeTaxRatio": 0.2499353727,
    "incomeTaxExpense": 99300000,
    "netIncome": 470800000,
    "netIncomeRatio": 0.2028436019,
    "eps": 2.5057,
    "epsdiluted": 2.212,
    "weightedAverageShsOut": 188221000,
    "weightedAverageShsOutDil": 213161000,
    "link": "https://www.sec.gov/Archives/edgar/data/16918/000001691822000006/0000016918-22-000006-index.htm",
    "finalLink": "https://www.sec.gov/Archives/edgar/data/16918/000001691822000006/stz-20211130.htm"
  },
  {
    "date": "2021-08-31",
    "symbol": "STZ",
    "reportedCurrency": "USD",
    "cik": "0000016918",
    "fillingDate": "2021-10-06",
    "acceptedDate": "2021-10-06 16:31:03",
    "calendarYear": "2022",
    "period": "Q2",
    "revenue": 2371300000,
    "costOfRevenue": 1151500000,
    "grossProfit": 1219800000,
    "grossProfitRatio": 0.5144013832,
    "researchAndDevelopmentExpenses": 0,
    "generalAndAdministrativeExpenses": 0,
    "sellingAndMarketingExpenses": 0,
    "sellingGeneralAndAdministrativeExpenses": 502000000,
    "otherExpenses": 0,
    "operatingExpenses": 502000000,
    "costAndExpenses": 1653500000,
    "interestIncome": 0,
    "interestExpense": 95800000,
    "depreciationAndAmortization": 87400000,
    "ebitda": 326400000,
    "ebitdaratio": 0.137646017,
    "operatingIncome": 717800000,
    "operatingIncomeRatio": 0.3027031586,
    "totalOtherIncomeExpensesNet": -574600000,
    "incomeBeforeTax": 143200000,
    "incomeBeforeTaxRatio": 0.0603888163,
    "incomeTaxExpense": 131300000,
    "netIncome": 1500000,
    "netIncomeRatio": 0.0006325644,
    "eps": 0.0079,
    "epsdiluted": 0.007,
    "weightedAverageShsOut": 190669000,
    "weightedAverageShsOutDil": 192530000,
    "link": "https://www.sec.gov/Archives/edgar/data/16918/000001691821000217/0000016918-21-000217-index.htm",
    "finalLink": "https://www.sec.gov/Archives/edgar/data/16918/000001691821000217/stz-20210831.htm"
  },
  {
    "date": "2021-05-31",
    "symbol": "STZ",
    "reportedCurrency": "USD",
    "cik": "0000016918",
    "fillingDate": "2021-06-30",
    "acceptedDate": "2021-06-30 15:59:58",
    "calendarYear": "2022",
    "period": "Q1",
    "revenue": 2026700000,
    "costOfRevenue": 948200000,
    "grossProfit": 1078500000,
    "grossProfitRatio": 0.5321458529,
    "researchAndDevelopmentExpenses": 0,
    "generalAndAdministrativeExpenses": 0,
    "sellingAndMarketingExpenses": 0,
    "sellingGeneralAndAdministrativeExpenses": 400300000,
    "otherExpenses": 0,
    "operatingExpenses": 400300000,
    "costAndExpenses": 1348500000,
    "interestIncome": 0,
    "interestExpense": 86700000,
    "depreciationAndAmortization": 77200000,
    "ebitda": -746900000,
    "ebitdaratio": -0.3685301229,
    "operatingIncome": 678200000,
    "operatingIncomeRatio": 0.3346326541,
    "totalOtherIncomeExpensesNet": -1589000000,
    "incomeBeforeTax": -910800000,
    "incomeBeforeTaxRatio": -0.4494005033,
    "incomeTaxExpense": -13500000,
    "netIncome": -908100000,
    "netIncomeRatio": -0.4480682884,
    "eps": -4.73,
    "epsdiluted": -4.68,
    "weightedAverageShsOut": 192076275,
    "weightedAverageShsOutDil": 193849000,
    "link": "https://www.sec.gov/Archives/edgar/data/16918/000001691821000157/0000016918-21-000157-index.htm",
    "finalLink": "https://www.sec.gov/Archives/edgar/data/16918/000001691821000157/stz-20210531.htm"
  },
  {
    "date": "2021-02-28",
    "symbol": "STZ",
    "reportedCurrency": "USD",
    "cik": "0000016918",
    "fillingDate": "2021-04-20",
    "acceptedDate": "2021-04-20 11:51:54",
    "calendarYear": "2021",
    "period": "Q4",
    "revenue": 1952700000,
    "costOfRevenue": 987500000,
    "grossProfit": 965200000,
    "grossProfitRatio": 0.4942899575,
    "researchAndDevelopmentExpenses": 0,
    "generalAndAdministrativeExpenses": 0,
    "sellingAndMarketingExpenses": 0,
    "sellingGeneralAndAdministrativeExpenses": 453600000,
    "otherExpenses": 0,
    "operatingExpenses": 453600000,
    "costAndExpenses": 1441100000,
    "interestIncome": 0,
    "interestExpense": 88000000,
    "depreciationAndAmortization": 75900000,
    "ebitda": 649200000,
    "ebitdaratio": 0.3324627439,
    "operatingIncome": 511600000,
    "operatingIncomeRatio": 0.2619962104,
    "totalOtherIncomeExpensesNet": -26300000,
    "incomeBeforeTax": 485300000,
    "incomeBeforeTaxRatio": 0.2485276796,
    "incomeTaxExpense": 94700000,
    "netIncome": 382900000,
    "netIncomeRatio": 0.1960874686,
    "eps": 2,
    "epsdiluted": 1.95,
    "weightedAverageShsOut": 193985000,
    "weightedAverageShsOutDil": 195942000,
    "link": "https://www.sec.gov/Archives/edgar/data/16918/000001691821000060/0000016918-21-000060-index.htm",
    "finalLink": "https://www.sec.gov/Archives/edgar/data/16918/000001691821000060/stz-20210228.htm"
  },
  {
    "date": "2020-11-30",
    "symbol": "STZ",
    "reportedCurrency": "USD",
    "cik": "0000016918",
    "fillingDate": "2021-01-07",
    "acceptedDate": "2021-01-07 16:30:08",
    "calendarYear": "2021",
    "period": "Q3",
    "revenue": 2437900000,
    "costOfRevenue": 1165900000,
    "grossProfit": 1272000000,
    "grossProfitRatio": 0.5217605316,
    "researchAndDevelopmentExpenses": 0,
    "generalAndAdministrativeExpenses": 0,
    "sellingAndMarketingExpenses": 0,
    "sellingGeneralAndAdministrativeExpenses": 446400000,
    "otherExpenses": 0,
    "operatingExpenses": 446400000,
    "costAndExpenses": 1612300000,
    "interestIncome": 0,
    "interestExpense": 95700000,
    "depreciationAndAmortization": 77800000,
    "ebitda": 1642100000,
    "ebitdaratio": 0.6735715165,
    "operatingIncome": 825600000,
    "operatingIncomeRatio": 0.3386521186,
    "totalOtherIncomeExpensesNet": 643000000,
    "incomeBeforeTax": 1468600000,
    "incomeBeforeTaxRatio": 0.6024037081,
    "incomeTaxExpense": 176600000,
    "netIncome": 1280900000,
    "netIncomeRatio": 0.5254112146,
    "eps": 6.68,
    "epsdiluted": 6.55,
    "weightedAverageShsOut": 193845000,
    "weightedAverageShsOutDil": 195444000,
    "link": "https://www.sec.gov/Archives/edgar/data/16918/000001691821000010/0000016918-21-000010-index.htm",
    "finalLink": "https://www.sec.gov/Archives/edgar/data/16918/000001691821000010/stz-20201130.htm"
  },
  {
    "date": "2020-08-31",
    "symbol": "STZ",
    "reportedCurrency": "USD",
    "cik": "0000016918",
    "fillingDate": "2020-10-01",
    "acceptedDate": "2020-10-01 14:33:23",
    "calendarYear": "2021",
    "period": "Q2",
    "revenue": 2259900000,
    "costOfRevenue": 1028300000,
    "grossProfit": 1231600000,
    "grossProfitRatio": 0.5449798664,
    "researchAndDevelopmentExpenses": 0,
    "generalAndAdministrativeExpenses": 0,
    "sellingAndMarketingExpenses": 0,
    "sellingGeneralAndAdministrativeExpenses": 361100000,
    "otherExpenses": 0,
    "operatingExpenses": 361100000,
    "costAndExpenses": 1389400000,
    "interestIncome": 0,
    "interestExpense": 99500000,
    "depreciationAndAmortization": 73000000,
    "ebitda": 829700000,
    "ebitdaratio": 0.3671401389,
    "operatingIncome": 870500000,
    "operatingIncomeRatio": 0.3851940351,
    "totalOtherIncomeExpensesNet": -213300000,
    "incomeBeforeTax": 657200000,
    "incomeBeforeTaxRatio": 0.2908093278,
    "incomeTaxExpense": 135400000,
    "netIncome": 512100000,
    "netIncomeRatio": 0.226602947,
    "eps": 2.68,
    "epsdiluted": 2.62,
    "weightedAverageShsOut": 193362000,
    "weightedAverageShsOutDil": 195142000,
    "link": "https://www.sec.gov/Archives/edgar/data/16918/000001691820000237/0000016918-20-000237-index.htm",
    "finalLink": "https://www.sec.gov/Archives/edgar/data/16918/000001691820000237/stz-20200831.htm"
  },
  {
    "date": "2020-05-31",
    "symbol": "STZ",
    "reportedCurrency": "USD",
    "cik": "0000016918",
    "fillingDate": "2020-07-01",
    "acceptedDate": "2020-07-01 13:58:37",
    "calendarYear": "2021",
    "period": "Q1",
    "revenue": 1963000000,
    "costOfRevenue": 883600000,
    "grossProfit": 1079400000,
    "grossProfitRatio": 0.5498726439,
    "researchAndDevelopmentExpenses": 0,
    "generalAndAdministrativeExpenses": 0,
    "sellingAndMarketingExpenses": 0,
    "sellingGeneralAndAdministrativeExpenses": 325700000,
    "otherExpenses": 0,
    "operatingExpenses": 325700000,
    "costAndExpenses": 1209300000,
    "interestIncome": 0,
    "interestExpense": 99600000,
    "depreciationAndAmortization": 72400000,
    "ebitda": 103799999,
    "ebitdaratio": 0.0528782471,
    "operatingIncome": 753700000,
    "operatingIncomeRatio": 0.383953133,
    "totalOtherIncomeExpensesNet": -821900000,
    "incomeBeforeTax": -68200000,
    "incomeBeforeTaxRatio": -0.0347427407,
    "incomeTaxExpense": 104400000,
    "netIncome": -177900000,
    "netIncomeRatio": -0.090626592,
    "eps": -0.92,
    "epsdiluted": -0.92,
    "weightedAverageShsOut": 192897000,
    "weightedAverageShsOutDil": 192897000,
    "link": "https://www.sec.gov/Archives/edgar/data/16918/000001691820000173/0000016918-20-000173-index.htm",
    "finalLink": "https://www.sec.gov/Archives/edgar/data/16918/000001691820000173/stz-20200531.htm"
  },
  {
    "date": "2020-02-29",
    "symbol": "STZ",
    "reportedCurrency": "USD",
    "cik": "0000016918",
    "fillingDate": "2020-04-21",
    "acceptedDate": "2020-04-21 10:23:53",
    "calendarYear": "2020",
    "period": "Q4",
    "revenue": 1902900000,
    "costOfRevenue": 972800000,
    "grossProfit": 930100000,
    "grossProfitRatio": 0.4887802827,
    "researchAndDevelopmentExpenses": 0,
    "generalAndAdministrativeExpenses": 0,
    "sellingAndMarketingExpenses": 0,
    "sellingGeneralAndAdministrativeExpenses": 360200000,
    "otherExpenses": 0,
    "operatingExpenses": 360200000,
    "costAndExpenses": 1333000000,
    "interestIncome": 0,
    "interestExpense": 99400000,
    "depreciationAndAmortization": 90000000,
    "ebitda": 678300000,
    "ebitdaratio": 0.3564559357,
    "operatingIncome": 569900000,
    "operatingIncomeRatio": 0.2994902517,
    "totalOtherIncomeExpensesNet": -81000000,
    "incomeBeforeTax": 488900000,
    "incomeBeforeTaxRatio": 0.2569236429,
    "incomeTaxExpense": 79900000,
    "netIncome": 398400000,
    "netIncomeRatio": 0.2093646539,
    "eps": 2.1,
    "epsdiluted": 2.04,
    "weightedAverageShsOut": 191850000,
    "weightedAverageShsOutDil": 194918000,
    "link": "https://www.sec.gov/Archives/edgar/data/16918/000001691820000078/0000016918-20-000078-index.htm",
    "finalLink": "https://www.sec.gov/Archives/edgar/data/16918/000001691820000078/stz229202010k.htm"
  },
  {
    "date": "2019-11-30",
    "symbol": "STZ",
    "reportedCurrency": "USD",
    "cik": "0000016918",
    "fillingDate": "2020-01-08",
    "acceptedDate": "2020-01-08 12:21:11",
    "calendarYear": "2020",
    "period": "Q3",
    "revenue": 1999400000,
    "costOfRevenue": 939900000,
    "grossProfit": 1059500000,
    "grossProfitRatio": 0.5299089727,
    "researchAndDevelopmentExpenses": 0,
    "generalAndAdministrativeExpenses": 0,
    "sellingAndMarketingExpenses": 0,
    "sellingGeneralAndAdministrativeExpenses": 401500000,
    "otherExpenses": 0,
    "operatingExpenses": 401500000,
    "costAndExpenses": 1341400000,
    "interestIncome": 4600000,
    "interestExpense": 107700000,
    "depreciationAndAmortization": 81200000,
    "ebitda": -103500000,
    "ebitdaratio": -0.0517655297,
    "operatingIncome": 658000000,
    "operatingIncomeRatio": 0.3290987296,
    "totalOtherIncomeExpensesNet": -950400000,
    "incomeBeforeTax": -292400000,
    "incomeBeforeTaxRatio": -0.1462438732,
    "incomeTaxExpense": -658900000,
    "netIncome": 360400000,
    "netIncomeRatio": 0.1802540762,
    "eps": 1.9,
    "epsdiluted": 1.85,
    "weightedAverageShsOut": 191660000,
    "weightedAverageShsOutDil": 194856000,
    "link": "https://www.sec.gov/Archives/edgar/data/16918/000001691820000007/0000016918-20-000007-index.htm",
    "finalLink": "https://www.sec.gov/Archives/edgar/data/16918/000001691820000007/stz1130201910q.htm"
  },
  {
    "date": "2019-08-31",
    "symbol": "STZ",
    "reportedCurrency": "USD",
    "cik": "0000016918",
    "fillingDate": "2019-10-03",
    "acceptedDate": "2019-10-03 13:29:52",
    "calendarYear": "2020",
    "period": "Q2",
    "revenue": 2344000000,
    "costOfRevenue": 1108100000,
    "grossProfit": 1235900000,
    "grossProfitRatio": 0.5272610922,
    "researchAndDevelopmentExpenses": 0,
    "generalAndAdministrativeExpenses": 0,
    "sellingAndMarketingExpenses": 0,
    "sellingGeneralAndAdministrativeExpenses": 381100000,
    "otherExpenses": 0,
    "operatingExpenses": 381100000,
    "costAndExpenses": 1489200000,
    "interestIncome": 4900000,
    "interestExpense": 116500000,
    "depreciationAndAmortization": 83900000,
    "ebitda": -518800000,
    "ebitdaratio": -0.221331058,
    "operatingIncome": 854800000,
    "operatingIncomeRatio": 0.3646757679,
    "totalOtherIncomeExpensesNet": -1574000000,
    "incomeBeforeTax": -719200000,
    "incomeBeforeTaxRatio": -0.3068259386,
    "incomeTaxExpense": -202200000,
    "netIncome": -525200000,
    "netIncomeRatio": -0.2240614334,
    "eps": -2.74,
    "epsdiluted": -2.74,
    "weightedAverageShsOut": 191626000,
    "weightedAverageShsOutDil": 191626000,
    "link": "https://www.sec.gov/Archives/edgar/data/16918/000001691819000100/0000016918-19-000100-index.htm",
    "finalLink": "https://www.sec.gov/Archives/edgar/data/16918/000001691819000100/stz831201910q.htm"
  },
  {
    "date": "2019-05-31",
    "symbol": "STZ",
    "reportedCurrency": "USD",
    "cik": "0000016918",
    "fillingDate": "2019-06-28",
    "acceptedDate": "2019-06-28 12:04:27",
    "calendarYear": "2020",
    "period": "Q1",
    "revenue": 2097199999,
    "costOfRevenue": 962000000,
    "grossProfit": 1135200000,
    "grossProfitRatio": 0.541293153,
    "researchAndDevelopmentExpenses": 0,
    "generalAndAdministrativeExpenses": 0,
    "sellingAndMarketingExpenses": 0,
    "sellingGeneralAndAdministrativeExpenses": 383300000,
    "otherExpenses": 0,
    "operatingExpenses": 383300000,
    "costAndExpenses": 1345300000,
    "interestIncome": 4300000,
    "interestExpense": 118900000,
    "depreciationAndAmortization": 88100000,
    "ebitda": -215500000,
    "ebitdaratio": -0.1027560557,
    "operatingIncome": 751900000,
    "operatingIncomeRatio": 0.3585256534,
    "totalOtherIncomeExpensesNet": -1174400000,
    "incomeBeforeTax": -422500000,
    "incomeBeforeTaxRatio": -0.2014590884,
    "incomeTaxExpense": -185400000,
    "netIncome": -245400000,
    "netIncomeRatio": -0.1170131605,
    "eps": -1.28,
    "epsdiluted": -1.28,
    "weightedAverageShsOut": 191435000,
    "weightedAverageShsOutDil": 191435000,
    "link": "https://www.sec.gov/Archives/edgar/data/16918/000001691819000056/0000016918-19-000056-index.htm",
    "finalLink": "https://www.sec.gov/Archives/edgar/data/16918/000001691819000056/stz531201910q.htm"
  },
  {
    "date": "2019-02-28",
    "symbol": "STZ",
    "reportedCurrency": "USD",
    "cik": "0000016918",
    "fillingDate": "2019-04-23",
    "acceptedDate": "2019-04-23 14:51:36",
    "calendarYear": "2019",
    "period": "Q4",
    "revenue": 1796900000,
    "costOfRevenue": 898500000,
    "grossProfit": 898400000,
    "grossProfitRatio": 0.4999721743,
    "researchAndDevelopmentExpenses": 0,
    "generalAndAdministrativeExpenses": 0,
    "sellingAndMarketingExpenses": 0,
    "sellingGeneralAndAdministrativeExpenses": 309800000,
    "otherExpenses": 0,
    "operatingExpenses": 309800000,
    "costAndExpenses": 1208300000,
    "interestIncome": 4099999,
    "interestExpense": 122600000,
    "depreciationAndAmortization": 192500000,
    "ebitda": 1845300000,
    "ebitdaratio": 1.0269352774,
    "operatingIncome": 588600000,
    "operatingIncomeRatio": 0.3275641382,
    "totalOtherIncomeExpensesNet": 941600000,
    "incomeBeforeTax": 1530200000,
    "incomeBeforeTaxRatio": 0.8515777172,
    "incomeTaxExpense": 280800000,
    "netIncome": 1239500000,
    "netIncomeRatio": 0.6897990984,
    "eps": 6.57,
    "epsdiluted": 6.37,
    "weightedAverageShsOut": 190707000,
    "weightedAverageShsOutDil": 194499000,
    "link": "https://www.sec.gov/Archives/edgar/data/16918/000001691819000024/0000016918-19-000024-index.htm",
    "finalLink": "https://www.sec.gov/Archives/edgar/data/16918/000001691819000024/stz228201910k.htm"
  },
  {
    "date": "2018-11-30",
    "symbol": "STZ",
    "reportedCurrency": "USD",
    "cik": "0000016918",
    "fillingDate": "2019-01-09",
    "acceptedDate": "2019-01-09 14:15:29",
    "calendarYear": "2019",
    "period": "Q3",
    "revenue": 1972600000,
    "costOfRevenue": 982500000,
    "grossProfit": 990100000,
    "grossProfitRatio": 0.5019263916,
    "researchAndDevelopmentExpenses": 0,
    "generalAndAdministrativeExpenses": 0,
    "sellingAndMarketingExpenses": 0,
    "sellingGeneralAndAdministrativeExpenses": 349600000,
    "otherExpenses": 0,
    "operatingExpenses": 349600000,
    "costAndExpenses": 1332100000,
    "interestIncome": 4400000,
    "interestExpense": 109500000,
    "depreciationAndAmortization": 82800000,
    "ebitda": 539700000,
    "ebitdaratio": 0.2735982967,
    "operatingIncome": 640500000,
    "operatingIncomeRatio": 0.3246983676,
    "totalOtherIncomeExpensesNet": -293100000,
    "incomeBeforeTax": 347400000,
    "incomeBeforeTaxRatio": 0.1761127446,
    "incomeTaxExpense": 35300000,
    "netIncome": 303100000,
    "netIncomeRatio": 0.1536550745,
    "eps": 1.62,
    "epsdiluted": 1.56,
    "weightedAverageShsOut": 189682000,
    "weightedAverageShsOutDil": 194820000,
    "link": "https://www.sec.gov/Archives/edgar/data/16918/000001691819000007/0000016918-19-000007-index.htm",
    "finalLink": "https://www.sec.gov/Archives/edgar/data/16918/000001691819000007/stz1130201810q.htm"
  },
  {
    "date": "2018-08-31",
    "symbol": "STZ",
    "reportedCurrency": "USD",
    "cik": "0000016918",
    "fillingDate": "2018-10-04",
    "acceptedDate": "2018-10-04 16:36:13",
    "calendarYear": "2019",
    "period": "Q2",
    "revenue": 2299100000,
    "costOfRevenue": 1119700000,
    "grossProfit": 1179400000,
    "grossProfitRatio": 0.5129833413,
    "researchAndDevelopmentExpenses": 0,
    "generalAndAdministrativeExpenses": 0,
    "sellingAndMarketingExpenses": 0,
    "sellingGeneralAndAdministrativeExpenses": 373100000,
    "otherExpenses": 0,
    "operatingExpenses": 373100000,
    "costAndExpenses": 1492800000,
    "interestIncome": 3100000,
    "interestExpense": 93800000,
    "depreciationAndAmortization": 86100000,
    "ebitda": 1545300000,
    "ebitdaratio": 0.6721325736,
    "operatingIncome": 806300000,
    "operatingIncomeRatio": 0.3507024488,
    "totalOtherIncomeExpensesNet": 559100000,
    "incomeBeforeTax": 1365400000,
    "incomeBeforeTaxRatio": 0.5938845635,
    "incomeTaxExpense": 214100000,
    "netIncome": 1149500000,
    "netIncomeRatio": 0.4999782524,
    "eps": 6.11,
    "epsdiluted": 5.87,
    "weightedAverageShsOut": 190495000,
    "weightedAverageShsOutDil": 195907000,
    "link": "https://www.sec.gov/Archives/edgar/data/16918/000001691818000074/0000016918-18-000074-index.htm",
    "finalLink": "https://www.sec.gov/Archives/edgar/data/16918/000001691818000074/stz831201810q.htm"
  },
  {
    "date": "2018-05-31",
    "symbol": "STZ",
    "reportedCurrency": "USD",
    "cik": "0000016918",
    "fillingDate": "2018-06-29",
    "acceptedDate": "2018-06-29 12:14:06",
    "calendarYear": "2019",
    "period": "Q1",
    "revenue": 2047000000,
    "costOfRevenue": 1013200000,
    "grossProfit": 1033800000,
    "grossProfitRatio": 0.5050317538,
    "researchAndDevelopmentExpenses": 0,
    "generalAndAdministrativeExpenses": 0,
    "sellingAndMarketingExpenses": 0,
    "sellingGeneralAndAdministrativeExpenses": 417000000,
    "otherExpenses": 0,
    "operatingExpenses": 417000000,
    "costAndExpenses": 1430200000,
    "interestIncome": 400000,
    "interestExpense": 88200000,
    "depreciationAndAmortization": 85700000,
    "ebitda": 1075900000,
    "ebitdaratio": 0.5255984367,
    "operatingIncome": 616800000,
    "operatingIncomeRatio": 0.3013190034,
    "totalOtherIncomeExpensesNet": 285200000,
    "incomeBeforeTax": 902000000,
    "incomeBeforeTaxRatio": 0.4406448461,
    "incomeTaxExpense": 155700000,
    "netIncome": 743800000,
    "netIncomeRatio": 0.3633610161,
    "eps": 3.93,
    "epsdiluted": 3.77,
    "weightedAverageShsOut": 191389000,
    "weightedAverageShsOutDil": 197060000,
    "link": "https://www.sec.gov/Archives/edgar/data/16918/000001691818000046/0000016918-18-000046-index.htm",
    "finalLink": "https://www.sec.gov/Archives/edgar/data/16918/000001691818000046/stz531201810q.htm"
  },
  {
    "date": "2018-02-28",
    "symbol": "STZ",
    "reportedCurrency": "USD",
    "cik": "0000016918",
    "fillingDate": "2018-04-23",
    "acceptedDate": "2018-04-23 15:43:32",
    "calendarYear": "2018",
    "period": "Q4",
    "revenue": 1763100000,
    "costOfRevenue": 916900000,
    "grossProfit": 846200000,
    "grossProfitRatio": 0.4799500879,
    "researchAndDevelopmentExpenses": 0,
    "generalAndAdministrativeExpenses": 0,
    "sellingAndMarketingExpenses": 0,
    "sellingGeneralAndAdministrativeExpenses": 326200000,
    "otherExpenses": 0,
    "operatingExpenses": 326200000,
    "costAndExpenses": 1243100000,
    "interestIncome": 1900000,
    "interestExpense": 89700000,
    "depreciationAndAmortization": 167700000,
    "ebitda": 841900000,
    "ebitdaratio": 0.4775112019,
    "operatingIncome": 520000000,
    "operatingIncomeRatio": 0.2949350576,
    "totalOtherIncomeExpensesNet": 64500000,
    "incomeBeforeTax": 588400000,
    "incomeBeforeTaxRatio": 0.3337303613,
    "incomeTaxExpense": -340400000,
    "netIncome": 910500000,
    "netIncomeRatio": 0.5164199421,
    "eps": 4.84,
    "epsdiluted": 4.64,
    "weightedAverageShsOut": 193572000,
    "weightedAverageShsOutDil": 199494000,
    "link": "https://www.sec.gov/Archives/edgar/data/16918/000001691818000033/0000016918-18-000033-index.htm",
    "finalLink": "https://www.sec.gov/Archives/edgar/data/16918/000001691818000033/stz228201810k.htm"
  },
  {
    "date": "2017-11-30",
    "symbol": "STZ",
    "reportedCurrency": "USD",
    "cik": "0000016918",
    "fillingDate": "2018-01-05",
    "acceptedDate": "2018-01-05 11:59:48",
    "calendarYear": "2018",
    "period": "Q3",
    "revenue": 1802300000,
    "costOfRevenue": 890100000,
    "grossProfit": 912200000,
    "grossProfitRatio": 0.5061310548,
    "researchAndDevelopmentExpenses": 0,
    "generalAndAdministrativeExpenses": 0,
    "sellingAndMarketingExpenses": 0,
    "sellingGeneralAndAdministrativeExpenses": 359200000,
    "otherExpenses": 0,
    "operatingExpenses": 359200000,
    "costAndExpenses": 1249300000,
    "interestIncome": 200000,
    "interestExpense": 83000000,
    "depreciationAndAmortization": 75000000,
    "ebitda": 805000000,
    "ebitdaratio": 0.4466515009,
    "operatingIncome": 553000000,
    "operatingIncomeRatio": 0.3068301615,
    "totalOtherIncomeExpensesNet": 94000000,
    "incomeBeforeTax": 644200000,
    "incomeBeforeTaxRatio": 0.35743217,
    "incomeTaxExpense": 149500000,
    "netIncome": 492800000,
    "netIncomeRatio": 0.273428397,
    "eps": 2.55,
    "epsdiluted": 2.45,
    "weightedAverageShsOut": 195255000,
    "weightedAverageShsOutDil": 201177000,
    "link": "https://www.sec.gov/Archives/edgar/data/16918/000001691818000008/0000016918-18-000008-index.htm",
    "finalLink": "https://www.sec.gov/Archives/edgar/data/16918/000001691818000008/stz1130201710q.htm"
  },
  {
    "date": "2017-08-31",
    "symbol": "STZ",
    "reportedCurrency": "USD",
    "cik": "0000016918",
    "fillingDate": "2017-10-05",
    "acceptedDate": "2017-10-05 11:55:32",
    "calendarYear": "2018",
    "period": "Q2",
    "revenue": 2088100000,
    "costOfRevenue": 1023300000,
    "grossProfit": 1064800000,
    "grossProfitRatio": 0.5099372635,
    "researchAndDevelopmentExpenses": 0,
    "generalAndAdministrativeExpenses": 0,
    "sellingAndMarketingExpenses": 0,
    "sellingGeneralAndAdministrativeExpenses": 353800000,
    "otherExpenses": 0,
    "operatingExpenses": 353800000,
    "costAndExpenses": 1377100000,
    "interestIncome": 100000,
    "interestExpense": 81400000,
    "depreciationAndAmortization": 72300000,
    "ebitda": 787800000,
    "ebitdaratio": 0.3772807816,
    "operatingIncome": 711000000,
    "operatingIncomeRatio": 0.3405009339,
    "totalOtherIncomeExpensesNet": -76900000,
    "incomeBeforeTax": 630700000,
    "incomeBeforeTaxRatio": 0.3020449212,
    "incomeTaxExpense": 128700000,
    "netIncome": 501600000,
    "netIncomeRatio": 0.2402183803,
    "eps": 2.59,
    "epsdiluted": 2.49,
    "weightedAverageShsOut": 195425000,
    "weightedAverageShsOutDil": 201346000,
    "link": "https://www.sec.gov/Archives/edgar/data/16918/000001691817000054/0000016918-17-000054-index.htm",
    "finalLink": "https://www.sec.gov/Archives/edgar/data/16918/000001691817000054/stz831201710q.htm"
  },
  {
    "date": "2017-05-31",
    "symbol": "STZ",
    "reportedCurrency": "USD",
    "cik": "0000016918",
    "fillingDate": "2017-06-29",
    "acceptedDate": "2017-06-29 16:14:36",
    "calendarYear": "2018",
    "period": "Q1",
    "revenue": 1928200000,
    "costOfRevenue": 934600000,
    "grossProfit": 993600000,
    "grossProfitRatio": 0.5152992428,
    "researchAndDevelopmentExpenses": 0,
    "generalAndAdministrativeExpenses": 0,
    "sellingAndMarketingExpenses": 0,
    "sellingGeneralAndAdministrativeExpenses": 421100000,
    "otherExpenses": 0,
    "operatingExpenses": 421100000,
    "costAndExpenses": 1355700000,
    "interestIncome": 100000,
    "interestExpense": 82400000,
    "depreciationAndAmortization": 158300000,
    "ebitda": 713100000,
    "ebitdaratio": 0.3698267815,
    "operatingIncome": 572500000,
    "operatingIncomeRatio": 0.2969090343,
    "totalOtherIncomeExpensesNet": -100100000,
    "incomeBeforeTax": 479400000,
    "incomeBeforeTaxRatio": 0.2486256612,
    "incomeTaxExpense": 74100000,
    "netIncome": 398500000,
    "netIncomeRatio": 0.2066694326,
    "eps": 2.07,
    "epsdiluted": 1.98,
    "weightedAverageShsOut": 194899000,
    "weightedAverageShsOutDil": 201030000,
    "link": "https://www.sec.gov/Archives/edgar/data/16918/000001691817000038/0000016918-17-000038-index.htm",
    "finalLink": "https://www.sec.gov/Archives/edgar/data/16918/000001691817000038/stz531201710q.htm"
  },
  {
    "date": "2017-02-28",
    "symbol": "STZ",
    "reportedCurrency": "USD",
    "cik": "0000016918",
    "fillingDate": "2017-04-27",
    "acceptedDate": "2017-04-27 10:48:48",
    "calendarYear": "2017",
    "period": "Q4",
    "revenue": 1627400000,
    "costOfRevenue": 831700000,
    "grossProfit": 795700000,
    "grossProfitRatio": 0.4889394126,
    "researchAndDevelopmentExpenses": 0,
    "generalAndAdministrativeExpenses": 0,
    "sellingAndMarketingExpenses": 0,
    "sellingGeneralAndAdministrativeExpenses": 348300000,
    "otherExpenses": 0,
    "operatingExpenses": 348300000,
    "costAndExpenses": 1180000000,
    "interestIncome": 500000,
    "interestExpense": 77500000,
    "depreciationAndAmortization": 110200000,
    "ebitda": 811600000,
    "ebitdaratio": 0.4987095981,
    "operatingIncome": 447400000,
    "operatingIncomeRatio": 0.2749170456,
    "totalOtherIncomeExpensesNet": 176500000,
    "incomeBeforeTax": 623900000,
    "incomeBeforeTaxRatio": 0.3833722502,
    "incomeTaxExpense": 162000000,
    "netIncome": 452000000,
    "netIncomeRatio": 0.2777436402,
    "eps": 2.34,
    "epsdiluted": 2.26,
    "weightedAverageShsOut": 195508000,
    "weightedAverageShsOutDil": 199868000,
    "link": "https://www.sec.gov/Archives/edgar/data/16918/000001691817000029/0000016918-17-000029-index.htm",
    "finalLink": "https://www.sec.gov/Archives/edgar/data/16918/000001691817000029/stz_228201710k.htm"
  },
  {
    "date": "2016-11-30",
    "symbol": "STZ",
    "reportedCurrency": "USD",
    "cik": "0000016918",
    "fillingDate": "2017-01-05",
    "acceptedDate": "2017-01-05 10:30:49",
    "calendarYear": "2017",
    "period": "Q3",
    "revenue": 1810200000,
    "costOfRevenue": 918400000,
    "grossProfit": 891800000,
    "grossProfitRatio": 0.4926527456,
    "researchAndDevelopmentExpenses": 0,
    "generalAndAdministrativeExpenses": 0,
    "sellingAndMarketingExpenses": 0,
    "sellingGeneralAndAdministrativeExpenses": 346700000,
    "otherExpenses": 0,
    "operatingExpenses": 346700000,
    "costAndExpenses": 1265100000,
    "interestIncome": 300000,
    "interestExpense": 77700000,
    "depreciationAndAmortization": 63500000,
    "ebitda": 625100000,
    "ebitdaratio": 0.345320959,
    "operatingIncome": 545100000,
    "operatingIncomeRatio": 0.3011269473,
    "totalOtherIncomeExpensesNet": -61200000,
    "incomeBeforeTax": 483900000,
    "incomeBeforeTaxRatio": 0.2673185283,
    "incomeTaxExpense": 78900000,
    "netIncome": 405900000,
    "netIncomeRatio": 0.2242293669,
    "eps": 2.04,
    "epsdiluted": 1.98,
    "weightedAverageShsOut": 200866000,
    "weightedAverageShsOutDil": 205455000,
    "link": "https://www.sec.gov/Archives/edgar/data/16918/000001691817000006/0000016918-17-000006-index.htm",
    "finalLink": "https://www.sec.gov/Archives/edgar/data/16918/000001691817000006/stz1130201610q.htm"
  },
  {
    "date": "2016-08-31",
    "symbol": "STZ",
    "reportedCurrency": "USD",
    "cik": "0000016918",
    "fillingDate": "2016-10-05",
    "acceptedDate": "2016-10-05 10:27:28",
    "calendarYear": "2017",
    "period": "Q2",
    "revenue": 2021100000,
    "costOfRevenue": 1044500000,
    "grossProfit": 976600000,
    "grossProfitRatio": 0.4832022166,
    "researchAndDevelopmentExpenses": 0,
    "generalAndAdministrativeExpenses": 0,
    "sellingAndMarketingExpenses": 0,
    "sellingGeneralAndAdministrativeExpenses": 347000000,
    "otherExpenses": 0,
    "operatingExpenses": 347000000,
    "costAndExpenses": 1391500000,
    "interestIncome": 600000,
    "interestExpense": 92900000,
    "depreciationAndAmortization": 60200000,
    "ebitda": 669900000,
    "ebitdaratio": 0.3314531691,
    "operatingIncome": 629600000,
    "operatingIncomeRatio": 0.3115135322,
    "totalOtherIncomeExpensesNet": -112800000,
    "incomeBeforeTax": 516800000,
    "incomeBeforeTaxRatio": 0.2557023403,
    "incomeTaxExpense": 163600000,
    "netIncome": 358900000,
    "netIncomeRatio": 0.1775765672,
    "eps": 1.81,
    "epsdiluted": 1.75,
    "weightedAverageShsOut": 200813000,
    "weightedAverageShsOutDil": 205650000,
    "link": "https://www.sec.gov/Archives/edgar/data/16918/000001691816000101/0000016918-16-000101-index.htm",
    "finalLink": "https://www.sec.gov/Archives/edgar/data/16918/000001691816000101/stz831201610q.htm"
  },
  {
    "date": "2016-05-31",
    "symbol": "STZ",
    "reportedCurrency": "USD",
    "cik": "0000016918",
    "fillingDate": "2016-06-30",
    "acceptedDate": "2016-06-30 12:05:26",
    "calendarYear": "2017",
    "period": "Q1",
    "revenue": 1871800000,
    "costOfRevenue": 990500000,
    "grossProfit": 881300000,
    "grossProfitRatio": 0.4708302169,
    "researchAndDevelopmentExpenses": 0,
    "generalAndAdministrativeExpenses": 0,
    "sellingAndMarketingExpenses": 0,
    "sellingGeneralAndAdministrativeExpenses": 328600000,
    "otherExpenses": 0,
    "operatingExpenses": 328600000,
    "costAndExpenses": 1319100000,
    "interestIncome": 100000,
    "interestExpense": 84600000,
    "depreciationAndAmortization": 60000000,
    "ebitda": 609200000,
    "ebitdaratio": 0.325462122,
    "operatingIncome": 552700000,
    "operatingIncomeRatio": 0.2952772732,
    "totalOtherIncomeExpensesNet": -83900000,
    "incomeBeforeTax": 468800000,
    "incomeBeforeTaxRatio": 0.2504541083,
    "incomeTaxExpense": 149700000,
    "netIncome": 318300000,
    "netIncomeRatio": 0.170050219,
    "eps": 1.61,
    "epsdiluted": 1.55,
    "weightedAverageShsOut": 199895000,
    "weightedAverageShsOutDil": 205367000,
    "link": "https://www.sec.gov/Archives/edgar/data/16918/000001691816000089/0000016918-16-000089-index.htm",
    "finalLink": "https://www.sec.gov/Archives/edgar/data/16918/000001691816000089/stz531201610q.htm"
  },
  {
    "date": "2016-02-29",
    "symbol": "STZ",
    "reportedCurrency": "USD",
    "cik": "0000016918",
    "fillingDate": "2016-04-25",
    "acceptedDate": "2016-04-25 13:27:38",
    "calendarYear": "2016",
    "period": "Q4",
    "revenue": 1543200000,
    "costOfRevenue": 847100000,
    "grossProfit": 696100000,
    "grossProfitRatio": 0.4510756869,
    "researchAndDevelopmentExpenses": 0,
    "generalAndAdministrativeExpenses": -183300000,
    "sellingAndMarketingExpenses": 468300000,
    "sellingGeneralAndAdministrativeExpenses": 285000000,
    "otherExpenses": 0,
    "operatingExpenses": 285000000,
    "costAndExpenses": 1132100000,
    "interestIncome": 0,
    "interestExpense": 83500000,
    "depreciationAndAmortization": 58300000,
    "ebitda": 492000000,
    "ebitdaratio": 0.3188180404,
    "operatingIncome": 411100000,
    "operatingIncomeRatio": 0.2663945049,
    "totalOtherIncomeExpensesNet": -60900000,
    "incomeBeforeTax": 350200000,
    "incomeBeforeTaxRatio": 0.2269310524,
    "incomeTaxExpense": 104900000,
    "netIncome": 243400000,
    "netIncomeRatio": 0.1577242094,
    "eps": 1.23,
    "epsdiluted": 1.19,
    "weightedAverageShsOut": 199377000,
    "weightedAverageShsOutDil": 205191000,
    "link": "https://www.sec.gov/Archives/edgar/data/16918/000001691816000075/0000016918-16-000075-index.htm",
    "finalLink": "https://www.sec.gov/Archives/edgar/data/16918/000001691816000075/stz229201610k.htm"
  },
  {
    "date": "2015-11-30",
    "symbol": "STZ",
    "reportedCurrency": "USD",
    "cik": "0000016918",
    "fillingDate": "2016-01-07",
    "acceptedDate": "2016-01-07 15:27:08",
    "calendarYear": "2016",
    "period": "Q3",
    "revenue": 1640500000,
    "costOfRevenue": 907000000,
    "grossProfit": 733500000,
    "grossProfitRatio": 0.4471197806,
    "researchAndDevelopmentExpenses": 0,
    "generalAndAdministrativeExpenses": 0,
    "sellingAndMarketingExpenses": 0,
    "sellingGeneralAndAdministrativeExpenses": 286200000,
    "otherExpenses": 0,
    "operatingExpenses": 286200000,
    "costAndExpenses": 1193200000,
    "interestIncome": 0,
    "interestExpense": 75600000,
    "depreciationAndAmortization": 51300000,
    "ebitda": 525900000,
    "ebitdaratio": 0.320572996,
    "operatingIncome": 447300000,
    "operatingIncomeRatio": 0.2726607742,
    "totalOtherIncomeExpensesNet": -48300000,
    "incomeBeforeTax": 399000000,
    "incomeBeforeTaxRatio": 0.2432185309,
    "incomeTaxExpense": 128000000,
    "netIncome": 270500000,
    "netIncomeRatio": 0.1648887534,
    "eps": 1.39,
    "epsdiluted": 1.33,
    "weightedAverageShsOut": 197291000,
    "weightedAverageShsOutDil": 204096000,
    "link": "https://www.sec.gov/Archives/edgar/data/16918/000001691816000058/0000016918-16-000058-index.htm",
    "finalLink": "https://www.sec.gov/Archives/edgar/data/16918/000001691816000058/stz1130201510q.htm"
  },
  {
    "date": "2015-08-31",
    "symbol": "STZ",
    "reportedCurrency": "USD",
    "cik": "0000016918",
    "fillingDate": "2015-10-07",
    "acceptedDate": "2015-10-07 13:01:40",
    "calendarYear": "2016",
    "period": "Q2",
    "revenue": 1733400000,
    "costOfRevenue": 957800000,
    "grossProfit": 775600000,
    "grossProfitRatio": 0.4474443291,
    "researchAndDevelopmentExpenses": 0,
    "generalAndAdministrativeExpenses": 0,
    "sellingAndMarketingExpenses": 0,
    "sellingGeneralAndAdministrativeExpenses": 296200000,
    "otherExpenses": 0,
    "operatingExpenses": 296200000,
    "costAndExpenses": 1254000000,
    "interestIncome": 0,
    "interestExpense": 77300000,
    "depreciationAndAmortization": 56700000,
    "ebitda": 535200000,
    "ebitdaratio": 0.3087573555,
    "operatingIncome": 479400000,
    "operatingIncomeRatio": 0.2765662859,
    "totalOtherIncomeExpensesNet": -78200000,
    "incomeBeforeTax": 401200000,
    "incomeBeforeTaxRatio": 0.2314526364,
    "incomeTaxExpense": 97100000,
    "netIncome": 302400000,
    "netIncomeRatio": 0.1744548287,
    "eps": 1.56,
    "epsdiluted": 1.49,
    "weightedAverageShsOut": 195603000,
    "weightedAverageShsOutDil": 203110000,
    "link": "https://www.sec.gov/Archives/edgar/data/16918/000001691815000044/0000016918-15-000044-index.htm",
    "finalLink": "https://www.sec.gov/Archives/edgar/data/16918/000001691815000044/stz831201510q.htm"
  },
  {
    "date": "2015-05-31",
    "symbol": "STZ",
    "reportedCurrency": "USD",
    "cik": "0000016918",
    "fillingDate": "2015-07-09",
    "acceptedDate": "2015-07-09 10:58:41",
    "calendarYear": "2016",
    "period": "Q1",
    "revenue": 1631300000,
    "costOfRevenue": 894200000,
    "grossProfit": 737100000,
    "grossProfitRatio": 0.4518482192,
    "researchAndDevelopmentExpenses": 0,
    "generalAndAdministrativeExpenses": 0,
    "sellingAndMarketingExpenses": 0,
    "sellingGeneralAndAdministrativeExpenses": 309800000,
    "otherExpenses": 0,
    "operatingExpenses": 309800000,
    "costAndExpenses": 1204000000,
    "interestIncome": 200000,
    "interestExpense": 77500000,
    "depreciationAndAmortization": 54700000,
    "ebitda": 483000000,
    "ebitdaratio": 0.2960828787,
    "operatingIncome": 427300000,
    "operatingIncomeRatio": 0.2619383314,
    "totalOtherIncomeExpensesNet": -76500000,
    "incomeBeforeTax": 350800000,
    "incomeBeforeTaxRatio": 0.2150432171,
    "incomeTaxExpense": 110600000,
    "netIncome": 238600000,
    "netIncomeRatio": 0.1462637161,
    "eps": 1.24,
    "epsdiluted": 1.18,
    "weightedAverageShsOut": 194746000,
    "weightedAverageShsOutDil": 202855000,
    "link": "https://www.sec.gov/Archives/edgar/data/16918/000001691815000033/0000016918-15-000033-index.htm",
    "finalLink": "https://www.sec.gov/Archives/edgar/data/16918/000001691815000033/stz531201510q.htm"
  },
  {
    "date": "2015-02-28",
    "symbol": "STZ",
    "reportedCurrency": "USD",
    "cik": "0000016918",
    "fillingDate": "2015-04-28",
    "acceptedDate": "2015-04-28 14:17:43",
    "calendarYear": "2015",
    "period": "Q4",
    "revenue": 1356200000,
    "costOfRevenue": 758600000,
    "grossProfit": 597600000,
    "grossProfitRatio": 0.440642973,
    "researchAndDevelopmentExpenses": 0,
    "generalAndAdministrativeExpenses": -162200000,
    "sellingAndMarketingExpenses": 406100000,
    "sellingGeneralAndAdministrativeExpenses": 243900000,
    "otherExpenses": 0,
    "operatingExpenses": 243900000,
    "costAndExpenses": 1002500000,
    "interestIncome": 0,
    "interestExpense": 80300000,
    "depreciationAndAmortization": 47400000,
    "ebitda": 401500000,
    "ebitdaratio": 0.2960477806,
    "operatingIncome": 353700000,
    "operatingIncomeRatio": 0.2608022416,
    "totalOtherIncomeExpensesNet": -79900000,
    "incomeBeforeTax": 273800000,
    "incomeBeforeTaxRatio": 0.2018876272,
    "incomeTaxExpense": 62300000,
    "netIncome": 214600000,
    "netIncomeRatio": 0.1582362483,
    "eps": 1.12,
    "epsdiluted": 1.06,
    "weightedAverageShsOut": 193799000,
    "weightedAverageShsOutDil": 202206000,
    "link": "https://www.sec.gov/Archives/edgar/data/16918/000001691815000016/0000016918-15-000016-index.htm",
    "finalLink": "https://www.sec.gov/Archives/edgar/data/16918/000001691815000016/stz228201510k.htm"
  },
  {
    "date": "2014-11-30",
    "symbol": "STZ",
    "reportedCurrency": "USD",
    "cik": "0000016918",
    "fillingDate": "2015-01-08",
    "acceptedDate": "2015-01-08 13:20:44",
    "calendarYear": "2015",
    "period": "Q3",
    "revenue": 1541700000,
    "costOfRevenue": 902800000,
    "grossProfit": 638900000,
    "grossProfitRatio": 0.4144126613,
    "researchAndDevelopmentExpenses": 0,
    "generalAndAdministrativeExpenses": 0,
    "sellingAndMarketingExpenses": 0,
    "sellingGeneralAndAdministrativeExpenses": 263300000,
    "otherExpenses": 0,
    "operatingExpenses": 263300000,
    "costAndExpenses": 1166100000,
    "interestIncome": 0,
    "interestExpense": 86000000,
    "depreciationAndAmortization": 51600000,
    "ebitda": 448400000,
    "ebitdaratio": 0.2908477655,
    "operatingIncome": 375600000,
    "operatingIncomeRatio": 0.2436271648,
    "totalOtherIncomeExpensesNet": -64800000,
    "incomeBeforeTax": 310800000,
    "incomeBeforeTaxRatio": 0.2015956412,
    "incomeTaxExpense": 88600000,
    "netIncome": 222200000,
    "netIncomeRatio": 0.1441266135,
    "eps": 1.16,
    "epsdiluted": 1.1,
    "weightedAverageShsOut": 192972000,
    "weightedAverageShsOutDil": 201276000,
    "link": "https://www.sec.gov/Archives/edgar/data/16918/000001691815000006/0000016918-15-000006-index.htm",
    "finalLink": "https://www.sec.gov/Archives/edgar/data/16918/000001691815000006/stz1130201410q.htm"
  },
  {
    "date": "2014-08-31",
    "symbol": "STZ",
    "reportedCurrency": "USD",
    "cik": "0000016918",
    "fillingDate": "2014-10-09",
    "acceptedDate": "2014-10-09 10:13:21",
    "calendarYear": "2015",
    "period": "Q2",
    "revenue": 1604100000,
    "costOfRevenue": 932100000,
    "grossProfit": 672000000,
    "grossProfitRatio": 0.4189265008,
    "researchAndDevelopmentExpenses": 0,
    "generalAndAdministrativeExpenses": 0,
    "sellingAndMarketingExpenses": 0,
    "sellingGeneralAndAdministrativeExpenses": 293300000,
    "otherExpenses": 0,
    "operatingExpenses": 293300000,
    "costAndExpenses": 1225400000,
    "interestIncome": 0,
    "interestExpense": 85000000,
    "depreciationAndAmortization": 53500000,
    "ebitda": 427200000,
    "ebitdaratio": 0.2663175612,
    "operatingIncome": 378700000,
    "operatingIncomeRatio": 0.2360825385,
    "totalOtherIncomeExpensesNet": -90000000,
    "incomeBeforeTax": 288700000,
    "incomeBeforeTaxRatio": 0.1799763107,
    "incomeTaxExpense": 92900000,
    "netIncome": 195800000,
    "netIncomeRatio": 0.1220622156,
    "eps": 1.03,
    "epsdiluted": 0.98,
    "weightedAverageShsOut": 192559000,
    "weightedAverageShsOutDil": 200800000,
    "link": "https://www.sec.gov/Archives/edgar/data/16918/000001691814000029/0000016918-14-000029-index.htm",
    "finalLink": "https://www.sec.gov/Archives/edgar/data/16918/000001691814000029/stz831201410q.htm"
  },
  {
    "date": "2014-05-31",
    "symbol": "STZ",
    "reportedCurrency": "USD",
    "cik": "0000016918",
    "fillingDate": "2014-07-10",
    "acceptedDate": "2014-07-10 10:43:47",
    "calendarYear": "2015",
    "period": "Q1",
    "revenue": 1526000000,
    "costOfRevenue": 855900000,
    "grossProfit": 670100000,
    "grossProfitRatio": 0.4391218873,
    "researchAndDevelopmentExpenses": 0,
    "generalAndAdministrativeExpenses": 0,
    "sellingAndMarketingExpenses": 0,
    "sellingGeneralAndAdministrativeExpenses": 277900000,
    "otherExpenses": 0,
    "operatingExpenses": 277900000,
    "costAndExpenses": 1133800000,
    "interestIncome": 500000,
    "interestExpense": 86400000,
    "depreciationAndAmortization": 49500000,
    "ebitda": 442200000,
    "ebitdaratio": 0.2897771953,
    "operatingIncome": 392200000,
    "operatingIncomeRatio": 0.2570117955,
    "totalOtherIncomeExpensesNet": -85900000,
    "incomeBeforeTax": 306300000,
    "incomeBeforeTaxRatio": 0.2007208388,
    "incomeTaxExpense": 99600000,
    "netIncome": 206700000,
    "netIncomeRatio": 0.1354521625,
    "eps": 1.09,
    "epsdiluted": 1.03,
    "weightedAverageShsOut": 191573000,
    "weightedAverageShsOutDil": 200358000,
    "link": "https://www.sec.gov/Archives/edgar/data/16918/000001691814000019/0000016918-14-000019-index.htm",
    "finalLink": "https://www.sec.gov/Archives/edgar/data/16918/000001691814000019/stz531201410q.htm"
  },
  {
    "date": "2014-02-28",
    "symbol": "STZ",
    "reportedCurrency": "USD",
    "cik": "0000016918",
    "fillingDate": "2014-04-29",
    "acceptedDate": "2014-04-29 11:20:49",
    "calendarYear": "2014",
    "period": "Q4",
    "revenue": 1291200000,
    "costOfRevenue": 742300000,
    "grossProfit": 548900000,
    "grossProfitRatio": 0.4251084263,
    "researchAndDevelopmentExpenses": 0,
    "generalAndAdministrativeExpenses": -59000000,
    "sellingAndMarketingExpenses": 278500000,
    "sellingGeneralAndAdministrativeExpenses": 219500000,
    "otherExpenses": 0,
    "operatingExpenses": 219500000,
    "costAndExpenses": 961800000,
    "interestIncome": 0,
    "interestExpense": 88500000,
    "depreciationAndAmortization": 42000000,
    "ebitda": 370900000,
    "ebitdaratio": 0.2872521685,
    "operatingIncome": 329400000,
    "operatingIncomeRatio": 0.2551115242,
    "totalOtherIncomeExpensesNet": -89000000,
    "incomeBeforeTax": 240400000,
    "incomeBeforeTaxRatio": 0.1861833953,
    "incomeTaxExpense": 83200000,
    "netIncome": 157200000,
    "netIncomeRatio": 0.1217472119,
    "eps": 0.84,
    "epsdiluted": 0.79,
    "weightedAverageShsOut": 189975000,
    "weightedAverageShsOutDil": 199161000,
    "link": "https://www.sec.gov/Archives/edgar/data/16918/000001691814000011/0000016918-14-000011-index.htm",
    "finalLink": "https://www.sec.gov/Archives/edgar/data/16918/000001691814000011/stz228201410k.htm"
  },
  {
    "date": "2013-11-30",
    "symbol": "STZ",
    "reportedCurrency": "USD",
    "cik": "0000016918",
    "fillingDate": "2014-01-09",
    "acceptedDate": "2014-01-09 14:26:23",
    "calendarYear": "2014",
    "period": "Q3",
    "revenue": 1443300000,
    "costOfRevenue": 833600000,
    "grossProfit": 609700000,
    "grossProfitRatio": 0.4224346983,
    "researchAndDevelopmentExpenses": 0,
    "generalAndAdministrativeExpenses": 0,
    "sellingAndMarketingExpenses": 0,
    "sellingGeneralAndAdministrativeExpenses": 245900000,
    "otherExpenses": 0,
    "operatingExpenses": 245900000,
    "costAndExpenses": 1079500000,
    "interestIncome": 0,
    "interestExpense": 89600000,
    "depreciationAndAmortization": 42100000,
    "ebitda": 423900000,
    "ebitdaratio": 0.2937019331,
    "operatingIncome": 363800000,
    "operatingIncomeRatio": 0.2520612485,
    "totalOtherIncomeExpensesNet": -71600000,
    "incomeBeforeTax": 292200000,
    "incomeBeforeTaxRatio": 0.2024527125,
    "incomeTaxExpense": 81200000,
    "netIncome": 211000000,
    "netIncomeRatio": 0.1461927527,
    "eps": 1.13,
    "epsdiluted": 1.07,
    "weightedAverageShsOut": 189169000,
    "weightedAverageShsOutDil": 198082000,
    "link": "https://www.sec.gov/Archives/edgar/data/16918/000001691814000006/0000016918-14-000006-index.htm",
    "finalLink": "https://www.sec.gov/Archives/edgar/data/16918/000001691814000006/stz1130201310q.htm"
  },
  {
    "date": "2013-08-31",
    "symbol": "STZ",
    "reportedCurrency": "USD",
    "cik": "0000016918",
    "fillingDate": "2013-10-10",
    "acceptedDate": "2013-10-10 13:35:27",
    "calendarYear": "2014",
    "period": "Q2",
    "revenue": 1459800000,
    "costOfRevenue": 882800000,
    "grossProfit": 577000000,
    "grossProfitRatio": 0.3952596246,
    "researchAndDevelopmentExpenses": 0,
    "generalAndAdministrativeExpenses": 0,
    "sellingAndMarketingExpenses": 0,
    "sellingGeneralAndAdministrativeExpenses": 244100000,
    "otherExpenses": 0,
    "operatingExpenses": 244100000,
    "costAndExpenses": 1126900000,
    "interestIncome": 0,
    "interestExpense": 90300000,
    "depreciationAndAmortization": 42200000,
    "ebitda": 1719900000,
    "ebitdaratio": 1.1781750925,
    "operatingIncome": 1674000000,
    "operatingIncomeRatio": 1.1467324291,
    "totalOtherIncomeExpensesNet": -86600000,
    "incomeBeforeTax": 1587400000,
    "incomeBeforeTaxRatio": 1.0874092341,
    "incomeTaxExpense": 65400000,
    "netIncome": 1522000000,
    "netIncomeRatio": 1.0426085765,
    "eps": 8.18,
    "epsdiluted": 7.74,
    "weightedAverageShsOut": 188297000,
    "weightedAverageShsOutDil": 196767000,
    "link": "https://www.sec.gov/Archives/edgar/data/16918/000001691813000021/0000016918-13-000021-index.htm",
    "finalLink": "https://www.sec.gov/Archives/edgar/data/16918/000001691813000021/stz831201310q.htm"
  },
  {
    "date": "2013-05-31",
    "symbol": "STZ",
    "reportedCurrency": "USD",
    "cik": "0000016918",
    "fillingDate": "2013-07-10",
    "acceptedDate": "2013-07-10 17:21:07",
    "calendarYear": "2014",
    "period": "Q1",
    "revenue": 673400000,
    "costOfRevenue": 417300000,
    "grossProfit": 256100000,
    "grossProfitRatio": 0.3803088803,
    "researchAndDevelopmentExpenses": 0,
    "generalAndAdministrativeExpenses": 0,
    "sellingAndMarketingExpenses": 0,
    "sellingGeneralAndAdministrativeExpenses": 186500000,
    "otherExpenses": 0,
    "operatingExpenses": 186500000,
    "costAndExpenses": 603800000,
    "interestIncome": 1900000,
    "interestExpense": 54800000,
    "depreciationAndAmortization": 29000000,
    "ebitda": 98600000,
    "ebitdaratio": 0.1464211464,
    "operatingIncome": 70500000,
    "operatingIncomeRatio": 0.1046926047,
    "totalOtherIncomeExpensesNet": 11800000,
    "incomeBeforeTax": 82300000,
    "incomeBeforeTaxRatio": 0.1222156222,
    "incomeTaxExpense": 29400000,
    "netIncome": 52900000,
    "netIncomeRatio": 0.0785565786,
    "eps": 0.29,
    "epsdiluted": 0.27,
    "weightedAverageShsOut": 185228000,
    "weightedAverageShsOutDil": 194884000,
    "link": "https://www.sec.gov/Archives/edgar/data/16918/000001691813000010/0000016918-13-000010-index.htm",
    "finalLink": "https://www.sec.gov/Archives/edgar/data/16918/000001691813000010/stz531201310q.htm"
  },
  {
    "date": "2013-02-28",
    "symbol": "STZ",
    "reportedCurrency": "USD",
    "cik": "0000016918",
    "fillingDate": "2013-04-29",
    "acceptedDate": "2013-04-29 10:37:44",
    "calendarYear": "2013",
    "period": "Q4",
    "revenue": 695900000,
    "costOfRevenue": 434100000,
    "grossProfit": 261800000,
    "grossProfitRatio": 0.3762034775,
    "researchAndDevelopmentExpenses": 0,
    "generalAndAdministrativeExpenses": 12800000,
    "sellingAndMarketingExpenses": 121900000,
    "sellingGeneralAndAdministrativeExpenses": 134700000,
    "otherExpenses": 0,
    "operatingExpenses": 134700000,
    "costAndExpenses": 568800000,
    "interestIncome": 0,
    "interestExpense": 60400000,
    "depreciationAndAmortization": 26900000,
    "ebitda": 127100000,
    "ebitdaratio": 0.1826411841,
    "operatingIncome": 127400000,
    "operatingIncomeRatio": 0.1830722805,
    "totalOtherIncomeExpensesNet": -20200000,
    "incomeBeforeTax": 106800000,
    "incomeBeforeTaxRatio": 0.1534703262,
    "incomeTaxExpense": 25100000,
    "netIncome": 81700000,
    "netIncomeRatio": 0.1174019256,
    "eps": 0.45,
    "epsdiluted": 0.43,
    "weightedAverageShsOut": 182832000,
    "weightedAverageShsOutDil": 191889000,
    "link": "https://www.sec.gov/Archives/edgar/data/16918/000001691813000008/0000016918-13-000008-index.htm",
    "finalLink": "https://www.sec.gov/Archives/edgar/data/16918/000001691813000008/stz228201310k.htm"
  },
  {
    "date": "2012-11-30",
    "symbol": "STZ",
    "reportedCurrency": "USD",
    "cik": "0000016918",
    "fillingDate": "2013-01-09",
    "acceptedDate": "2013-01-09 16:20:54",
    "calendarYear": "2013",
    "period": "Q3",
    "revenue": 766900000,
    "costOfRevenue": 456100000,
    "grossProfit": 310800000,
    "grossProfitRatio": 0.4052679619,
    "researchAndDevelopmentExpenses": 0,
    "generalAndAdministrativeExpenses": 0,
    "sellingAndMarketingExpenses": 0,
    "sellingGeneralAndAdministrativeExpenses": 151700000,
    "otherExpenses": 0,
    "operatingExpenses": 151700000,
    "costAndExpenses": 607800000,
    "interestIncome": 0,
    "interestExpense": 61400000,
    "depreciationAndAmortization": 31300000,
    "ebitda": 240800000,
    "ebitdaratio": 0.3139913939,
    "operatingIncome": 158800000,
    "operatingIncomeRatio": 0.2070674143,
    "totalOtherIncomeExpensesNet": -8900000,
    "incomeBeforeTax": 149900000,
    "incomeBeforeTaxRatio": 0.1954622506,
    "incomeTaxExpense": 40400000,
    "netIncome": 109500000,
    "netIncomeRatio": 0.1427826314,
    "eps": 0.61,
    "epsdiluted": 0.58,
    "weightedAverageShsOut": 181794000,
    "weightedAverageShsOutDil": 196886000,
    "link": "https://www.sec.gov/Archives/edgar/data/16918/000001691813000004/0000016918-13-000004-index.htm",
    "finalLink": "https://www.sec.gov/Archives/edgar/data/16918/000001691813000004/stz1130201210q.htm"
  },
  {
    "date": "2012-08-31",
    "symbol": "STZ",
    "reportedCurrency": "USD",
    "cik": "0000016918",
    "fillingDate": "2012-10-10",
    "acceptedDate": "2012-10-10 13:49:28",
    "calendarYear": "2013",
    "period": "Q2",
    "revenue": 698500000,
    "costOfRevenue": 413400000,
    "grossProfit": 285100000,
    "grossProfitRatio": 0.4081603436,
    "researchAndDevelopmentExpenses": 0,
    "generalAndAdministrativeExpenses": 0,
    "sellingAndMarketingExpenses": 0,
    "sellingGeneralAndAdministrativeExpenses": 154300000,
    "otherExpenses": 0,
    "operatingExpenses": 154300000,
    "costAndExpenses": 567700000,
    "interestIncome": 0,
    "interestExpense": 54600000,
    "depreciationAndAmortization": 27700000,
    "ebitda": 229000000,
    "ebitdaratio": 0.327845383,
    "operatingIncome": 130600000,
    "operatingIncomeRatio": 0.186972083,
    "totalOtherIncomeExpensesNet": 15900000,
    "incomeBeforeTax": 146500000,
    "incomeBeforeTaxRatio": 0.2097351467,
    "incomeTaxExpense": 21900000,
    "netIncome": 124600000,
    "netIncomeRatio": 0.1783822477,
    "eps": 0.71,
    "epsdiluted": 0.67,
    "weightedAverageShsOut": 154794000,
    "weightedAverageShsOutDil": 184640000,
    "link": "https://www.sec.gov/Archives/edgar/data/16918/000001691812000012/0000016918-12-000012-index.htm",
    "finalLink": "https://www.sec.gov/Archives/edgar/data/16918/000001691812000012/stz831201210q.htm"
  },
  {
    "date": "2012-05-31",
    "symbol": "STZ",
    "reportedCurrency": "USD",
    "cik": "0000016918",
    "fillingDate": "2012-07-10",
    "acceptedDate": "2012-07-10 16:35:10",
    "calendarYear": "2013",
    "period": "Q1",
    "revenue": 634800000,
    "costOfRevenue": 384200000,
    "grossProfit": 250600000,
    "grossProfitRatio": 0.3947700063,
    "researchAndDevelopmentExpenses": 0,
    "generalAndAdministrativeExpenses": 0,
    "sellingAndMarketingExpenses": 0,
    "sellingGeneralAndAdministrativeExpenses": 144000000,
    "otherExpenses": 0,
    "operatingExpenses": 144000000,
    "costAndExpenses": 528200000,
    "interestIncome": 0,
    "interestExpense": 50700000,
    "depreciationAndAmortization": 29500000,
    "ebitda": 192000000,
    "ebitdaratio": 0.3024574669,
    "operatingIncome": 106100000,
    "operatingIncomeRatio": 0.1671392565,
    "totalOtherIncomeExpensesNet": 7100000,
    "incomeBeforeTax": 113200000,
    "incomeBeforeTaxRatio": 0.1783238815,
    "incomeTaxExpense": 41200000,
    "netIncome": 72000000,
    "netIncomeRatio": 0.1134215501,
    "eps": 0.39,
    "epsdiluted": 0.38,
    "weightedAverageShsOut": 162259000,
    "weightedAverageShsOutDil": 190261000,
    "link": "https://www.sec.gov/Archives/edgar/data/16918/000001691812000004/0000016918-12-000004-index.htm",
    "finalLink": "https://www.sec.gov/Archives/edgar/data/16918/000001691812000004/stz531201210q.htm"
  },
  {
    "date": "2012-02-29",
    "symbol": "STZ",
    "reportedCurrency": "USD",
    "cik": "0000016918",
    "fillingDate": "2012-04-30",
    "acceptedDate": "2012-04-30 14:27:40",
    "calendarYear": "2012",
    "period": "Q4",
    "revenue": 628100000,
    "costOfRevenue": 382900000,
    "grossProfit": 245200000,
    "grossProfitRatio": 0.3903836969,
    "researchAndDevelopmentExpenses": 0,
    "generalAndAdministrativeExpenses": 0,
    "sellingAndMarketingExpenses": 0,
    "sellingGeneralAndAdministrativeExpenses": 123300000,
    "otherExpenses": 0,
    "operatingExpenses": 123300000,
    "costAndExpenses": 506200000,
    "interestIncome": 0,
    "interestExpense": 47900000,
    "depreciationAndAmortization": 29700000,
    "ebitda": 158100000,
    "ebitdaratio": 0.2517115109,
    "operatingIncome": 79400000,
    "operatingIncomeRatio": 0.1264129916,
    "totalOtherIncomeExpensesNet": 1100000,
    "incomeBeforeTax": 80500000,
    "incomeBeforeTaxRatio": 0.128164305,
    "incomeTaxExpense": -22500000,
    "netIncome": 103000000,
    "netIncomeRatio": 0.1639866263,
    "eps": 0.63,
    "epsdiluted": 0.63,
    "weightedAverageShsOut": 162259000,
    "weightedAverageShsOutDil": 162259000,
    "link": "https://www.sec.gov/Archives/edgar/data/16918/000119312512195350/0001193125-12-195350-index.htm",
    "finalLink": "https://www.sec.gov/Archives/edgar/data/16918/000119312512195350/d285276d10k.htm"
  },
  {
    "date": "2011-11-30",
    "symbol": "STZ",
    "reportedCurrency": "USD",
    "cik": "0000016918",
    "fillingDate": "2012-01-09",
    "acceptedDate": "2012-01-09 15:40:07",
    "calendarYear": "2012",
    "period": "Q3",
    "revenue": 700700000,
    "costOfRevenue": 417800000,
    "grossProfit": 282900000,
    "grossProfitRatio": 0.403739118,
    "researchAndDevelopmentExpenses": 0,
    "generalAndAdministrativeExpenses": 0,
    "sellingAndMarketingExpenses": 0,
    "sellingGeneralAndAdministrativeExpenses": 121800000,
    "otherExpenses": 0,
    "operatingExpenses": 121800000,
    "costAndExpenses": 539600000,
    "interestIncome": 0,
    "interestExpense": 46300000,
    "depreciationAndAmortization": 28300000,
    "ebitda": 241900000,
    "ebitdaratio": 0.3452262024,
    "operatingIncome": 160300000,
    "operatingIncomeRatio": 0.2287712288,
    "totalOtherIncomeExpensesNet": 7000000,
    "incomeBeforeTax": 167300000,
    "incomeBeforeTaxRatio": 0.2387612388,
    "incomeTaxExpense": 62500000,
    "netIncome": 104800000,
    "netIncomeRatio": 0.149564721,
    "eps": 0.53,
    "epsdiluted": 0.52,
    "weightedAverageShsOut": 176293000,
    "weightedAverageShsOutDil": 202933000,
    "link": "https://www.sec.gov/Archives/edgar/data/16918/000119312512006519/0001193125-12-006519-index.htm",
    "finalLink": "https://www.sec.gov/Archives/edgar/data/16918/000119312512006519/d260184d10q.htm"
  },
  {
    "date": "2011-08-31",
    "symbol": "STZ",
    "reportedCurrency": "USD",
    "cik": "0000016918",
    "fillingDate": "2011-10-11",
    "acceptedDate": "2011-10-11 13:51:32",
    "calendarYear": "2012",
    "period": "Q2",
    "revenue": 690200000,
    "costOfRevenue": 407200000,
    "grossProfit": 283000000,
    "grossProfitRatio": 0.4100260794,
    "researchAndDevelopmentExpenses": 0,
    "generalAndAdministrativeExpenses": 0,
    "sellingAndMarketingExpenses": 0,
    "sellingGeneralAndAdministrativeExpenses": 138200000,
    "otherExpenses": 0,
    "operatingExpenses": 138200000,
    "costAndExpenses": 545400000,
    "interestIncome": 0,
    "interestExpense": 42500000,
    "depreciationAndAmortization": 25400000,
    "ebitda": 234500000,
    "ebitdaratio": 0.3397565923,
    "operatingIncome": 145100000,
    "operatingIncomeRatio": 0.2102289192,
    "totalOtherIncomeExpensesNet": 21500000,
    "incomeBeforeTax": 166600000,
    "incomeBeforeTaxRatio": 0.2413793103,
    "incomeTaxExpense": 3900000,
    "netIncome": 162700000,
    "netIncomeRatio": 0.2357287743,
    "eps": 0.78,
    "epsdiluted": 0.76,
    "weightedAverageShsOut": 186629000,
    "weightedAverageShsOutDil": 213645000,
    "link": "https://www.sec.gov/Archives/edgar/data/16918/000095012311089455/0000950123-11-089455-index.htm",
    "finalLink": "https://www.sec.gov/Archives/edgar/data/16918/000095012311089455/l43145e10vq.htm"
  },
  {
    "date": "2011-05-31",
    "symbol": "STZ",
    "reportedCurrency": "USD",
    "cik": "0000016918",
    "fillingDate": "2011-07-11",
    "acceptedDate": "2011-07-11 14:51:47",
    "calendarYear": "2012",
    "period": "Q1",
    "revenue": 635300000,
    "costOfRevenue": 384300000,
    "grossProfit": 251000000,
    "grossProfitRatio": 0.3950889344,
    "researchAndDevelopmentExpenses": 0,
    "generalAndAdministrativeExpenses": 0,
    "sellingAndMarketingExpenses": 0,
    "sellingGeneralAndAdministrativeExpenses": 138200000,
    "otherExpenses": 0,
    "operatingExpenses": 138200000,
    "costAndExpenses": 522500000,
    "interestIncome": 0,
    "interestExpense": 44300000,
    "depreciationAndAmortization": 26900000,
    "ebitda": 190800000,
    "ebitdaratio": 0.3003305525,
    "operatingIncome": 101700000,
    "operatingIncomeRatio": 0.1600818511,
    "totalOtherIncomeExpensesNet": 17900000,
    "incomeBeforeTax": 119600000,
    "incomeBeforeTaxRatio": 0.1882575161,
    "incomeTaxExpense": 45100000,
    "netIncome": 74500000,
    "netIncomeRatio": 0.1172674327,
    "eps": 0.36,
    "epsdiluted": 0.35,
    "weightedAverageShsOut": 187046000,
    "weightedAverageShsOutDil": 214914000,
    "link": "https://www.sec.gov/Archives/edgar/data/16918/000095012311064906/0000950123-11-064906-index.htm",
    "finalLink": "https://www.sec.gov/Archives/edgar/data/16918/000095012311064906/l43003e10vq.htm"
  },
  {
    "date": "2011-02-28",
    "symbol": "STZ",
    "reportedCurrency": "USD",
    "cik": "0000016918",
    "fillingDate": "2011-04-29",
    "acceptedDate": "2011-04-29 15:07:59",
    "calendarYear": "2011",
    "period": "Q4",
    "revenue": 715300000,
    "costOfRevenue": 461300000,
    "grossProfit": 254000000,
    "grossProfitRatio": 0.355095764,
    "researchAndDevelopmentExpenses": 0,
    "generalAndAdministrativeExpenses": 0,
    "sellingAndMarketingExpenses": 0,
    "sellingGeneralAndAdministrativeExpenses": 128700000,
    "otherExpenses": 0,
    "operatingExpenses": 128700000,
    "costAndExpenses": 590000000,
    "interestIncome": 0,
    "interestExpense": 0,
    "depreciationAndAmortization": 30900000,
    "ebitda": -11800000,
    "ebitdaratio": -0.0164965749,
    "operatingIncome": 102900000,
    "operatingIncomeRatio": 0.1438557249,
    "totalOtherIncomeExpensesNet": 220700000,
    "incomeBeforeTax": 107000000,
    "incomeBeforeTaxRatio": 0.1495875856,
    "incomeTaxExpense": -172800000,
    "netIncome": 279800000,
    "netIncomeRatio": 0.3911645463,
    "eps": 1.5,
    "epsdiluted": 1.5,
    "weightedAverageShsOut": 187046000,
    "weightedAverageShsOutDil": 187046000,
    "link": "https://www.sec.gov/Archives/edgar/data/16918/000095012311041878/0000950123-11-041878-index.htm",
    "finalLink": "https://www.sec.gov/Archives/edgar/data/16918/000095012311041878/l41071e10vk.htm"
  },
  {
    "date": "2010-11-30",
    "symbol": "STZ",
    "reportedCurrency": "USD",
    "cik": "0000016918",
    "fillingDate": "2011-01-10",
    "acceptedDate": "2011-01-10 16:51:19",
    "calendarYear": "2011",
    "period": "Q3",
    "revenue": 966400000,
    "costOfRevenue": 614500000,
    "grossProfit": 351900000,
    "grossProfitRatio": 0.3641349338,
    "researchAndDevelopmentExpenses": 0,
    "generalAndAdministrativeExpenses": 0,
    "sellingAndMarketingExpenses": 0,
    "sellingGeneralAndAdministrativeExpenses": 176100000,
    "otherExpenses": 0,
    "operatingExpenses": 176100000,
    "costAndExpenses": 790600000,
    "interestIncome": 0,
    "interestExpense": 49100000,
    "depreciationAndAmortization": 34600000,
    "ebitda": 276100000,
    "ebitdaratio": 0.2856995033,
    "operatingIncome": 170100000,
    "operatingIncomeRatio": 0.1760140728,
    "totalOtherIncomeExpensesNet": 22300000,
    "incomeBeforeTax": 192400000,
    "incomeBeforeTaxRatio": 0.199089404,
    "incomeTaxExpense": 53100000,
    "netIncome": 139300000,
    "netIncomeRatio": 0.1441432119,
    "eps": 0.66,
    "epsdiluted": 0.59,
    "weightedAverageShsOut": 209952000,
    "weightedAverageShsOutDil": 236790000,
    "link": "https://www.sec.gov/Archives/edgar/data/16918/000095012311001834/0000950123-11-001834-index.htm",
    "finalLink": "https://www.sec.gov/Archives/edgar/data/16918/000095012311001834/l41360e10vq.htm"
  },
  {
    "date": "2010-08-31",
    "symbol": "STZ",
    "reportedCurrency": "USD",
    "cik": "0000016918",
    "fillingDate": "2010-10-12",
    "acceptedDate": "2010-10-12 12:30:53",
    "calendarYear": "2011",
    "period": "Q2",
    "revenue": 862800000,
    "costOfRevenue": 548600000,
    "grossProfit": 314200000,
    "grossProfitRatio": 0.3641631896,
    "researchAndDevelopmentExpenses": 0,
    "generalAndAdministrativeExpenses": 0,
    "sellingAndMarketingExpenses": 0,
    "sellingGeneralAndAdministrativeExpenses": 167300000,
    "otherExpenses": 0,
    "operatingExpenses": 167300000,
    "costAndExpenses": 715900000,
    "interestIncome": 0,
    "interestExpense": 50300000,
    "depreciationAndAmortization": 33700000,
    "ebitda": 233300000,
    "ebitdaratio": 0.2703987019,
    "operatingIncome": 133200000,
    "operatingIncomeRatio": 0.1543810848,
    "totalOtherIncomeExpensesNet": 16100000,
    "incomeBeforeTax": 149300000,
    "incomeBeforeTaxRatio": 0.173041261,
    "incomeTaxExpense": 58000000,
    "netIncome": 91300000,
    "netIncomeRatio": 0.1058182661,
    "eps": 0.44,
    "epsdiluted": 0.39,
    "weightedAverageShsOut": 209167000,
    "weightedAverageShsOutDil": 234861000,
    "link": "https://www.sec.gov/Archives/edgar/data/16918/000095012310092653/0000950123-10-092653-index.htm",
    "finalLink": "https://www.sec.gov/Archives/edgar/data/16918/000095012310092653/l40668e10vq.htm"
  },
  {
    "date": "2010-05-31",
    "symbol": "STZ",
    "reportedCurrency": "USD",
    "cik": "0000016918",
    "fillingDate": "2010-07-12",
    "acceptedDate": "2010-07-12 16:08:21",
    "calendarYear": "2011",
    "period": "Q1",
    "revenue": 787500000,
    "costOfRevenue": 517500000,
    "grossProfit": 270000000,
    "grossProfitRatio": 0.3428571429,
    "researchAndDevelopmentExpenses": 0,
    "generalAndAdministrativeExpenses": 0,
    "sellingAndMarketingExpenses": 0,
    "sellingGeneralAndAdministrativeExpenses": 168800000,
    "otherExpenses": 0,
    "operatingExpenses": 168800000,
    "costAndExpenses": 686300000,
    "interestIncome": 0,
    "interestExpense": 48500000,
    "depreciationAndAmortization": 34600000,
    "ebitda": 185400000,
    "ebitdaratio": 0.2354285714,
    "operatingIncome": 96300000,
    "operatingIncomeRatio": 0.1222857143,
    "totalOtherIncomeExpensesNet": 6000000,
    "incomeBeforeTax": 102300000,
    "incomeBeforeTaxRatio": 0.1299047619,
    "incomeTaxExpense": 53200000,
    "netIncome": 49100000,
    "netIncomeRatio": 0.0623492063,
    "eps": 0.23,
    "epsdiluted": 0.2,
    "weightedAverageShsOut": 216439000,
    "weightedAverageShsOutDil": 242582000,
    "link": "https://www.sec.gov/Archives/edgar/data/16918/000095012310064866/0000950123-10-064866-index.htm",
    "finalLink": "https://www.sec.gov/Archives/edgar/data/16918/000095012310064866/l40141e10vq.htm"
  },
  {
    "date": "2010-02-28",
    "symbol": "STZ",
    "reportedCurrency": "USD",
    "cik": "0000016918",
    "fillingDate": "2010-04-29",
    "acceptedDate": "2010-04-29 16:24:11",
    "calendarYear": "2010",
    "period": "Q4",
    "revenue": 708700000,
    "costOfRevenue": 486300000,
    "grossProfit": 222400000,
    "grossProfitRatio": 0.3138140257,
    "researchAndDevelopmentExpenses": 0,
    "generalAndAdministrativeExpenses": 0,
    "sellingAndMarketingExpenses": 0,
    "sellingGeneralAndAdministrativeExpenses": 143600000,
    "otherExpenses": 0,
    "operatingExpenses": 143600000,
    "costAndExpenses": 629900000,
    "interestIncome": 0,
    "interestExpense": 67700000,
    "depreciationAndAmortization": 35500000,
    "ebitda": 33000000,
    "ebitdaratio": 0.0465641315,
    "operatingIncome": -44800000,
    "operatingIncomeRatio": -0.0632143361,
    "totalOtherIncomeExpensesNet": -25400000,
    "incomeBeforeTax": -70200000,
    "incomeBeforeTaxRatio": -0.099054607,
    "incomeTaxExpense": -19200000,
    "netIncome": -51000000,
    "netIncomeRatio": -0.0719627487,
    "eps": -0.24,
    "epsdiluted": -0.24,
    "weightedAverageShsOut": 216439000,
    "weightedAverageShsOutDil": 216439000,
    "link": "https://www.sec.gov/Archives/edgar/data/16918/000095012310040629/0000950123-10-040629-index.htm",
    "finalLink": "https://www.sec.gov/Archives/edgar/data/16918/000095012310040629/l39498e10vk.htm"
  },
  {
    "date": "2009-11-30",
    "symbol": "STZ",
    "reportedCurrency": "USD",
    "cik": "0000016918",
    "fillingDate": "2010-01-11",
    "acceptedDate": "2010-01-11 15:36:41",
    "calendarYear": "2010",
    "period": "Q3",
    "revenue": 987700000,
    "costOfRevenue": 643600000,
    "grossProfit": 344100000,
    "grossProfitRatio": 0.3483851372,
    "researchAndDevelopmentExpenses": 0,
    "generalAndAdministrativeExpenses": 0,
    "sellingAndMarketingExpenses": 0,
    "sellingGeneralAndAdministrativeExpenses": 204300000,
    "otherExpenses": 0,
    "operatingExpenses": 204300000,
    "costAndExpenses": 847900000,
    "interestIncome": 0,
    "interestExpense": 64000000,
    "depreciationAndAmortization": 37300000,
    "ebitda": 208000000,
    "ebitdaratio": 0.2105902602,
    "operatingIncome": 134600000,
    "operatingIncomeRatio": 0.1362761972,
    "totalOtherIncomeExpensesNet": -30900000,
    "incomeBeforeTax": 105200000,
    "incomeBeforeTaxRatio": 0.1065100739,
    "incomeTaxExpense": 61100000,
    "netIncome": 44100000,
    "netIncomeRatio": 0.044649185,
    "eps": 0.2,
    "epsdiluted": 0.2,
    "weightedAverageShsOut": 196505000,
    "weightedAverageShsOutDil": 222205000,
    "link": "https://www.sec.gov/Archives/edgar/data/16918/000095012310001649/0000950123-10-001649-index.htm",
    "finalLink": "https://www.sec.gov/Archives/edgar/data/16918/000095012310001649/l38473e10vq.htm"
  },
  {
    "date": "2009-08-31",
    "symbol": "STZ",
    "reportedCurrency": "USD",
    "cik": "0000016918",
    "fillingDate": "2009-10-13",
    "acceptedDate": "2009-10-13 17:01:05",
    "calendarYear": "2010",
    "period": "Q2",
    "revenue": 876800000,
    "costOfRevenue": 567200000,
    "grossProfit": 309600000,
    "grossProfitRatio": 0.3531021898,
    "researchAndDevelopmentExpenses": 0,
    "generalAndAdministrativeExpenses": 0,
    "sellingAndMarketingExpenses": 0,
    "sellingGeneralAndAdministrativeExpenses": 167800000,
    "otherExpenses": 0,
    "operatingExpenses": 167800000,
    "costAndExpenses": 735000000,
    "interestIncome": 0,
    "interestExpense": 66600000,
    "depreciationAndAmortization": 45900000,
    "ebitda": 259200000,
    "ebitdaratio": 0.295620438,
    "operatingIncome": 138600000,
    "operatingIncomeRatio": 0.1580748175,
    "totalOtherIncomeExpensesNet": 5100000,
    "incomeBeforeTax": 145200000,
    "incomeBeforeTaxRatio": 0.1656021898,
    "incomeTaxExpense": 45500000,
    "netIncome": 99700000,
    "netIncomeRatio": 0.1137089416,
    "eps": 0.46,
    "epsdiluted": 0.45,
    "weightedAverageShsOut": 195910000,
    "weightedAverageShsOutDil": 220714000,
    "link": "https://www.sec.gov/Archives/edgar/data/16918/000095012309050030/0000950123-09-050030-index.htm",
    "finalLink": "https://www.sec.gov/Archives/edgar/data/16918/000095012309050030/l37765e10vq.htm"
  },
  {
    "date": "2009-05-31",
    "symbol": "STZ",
    "reportedCurrency": "USD",
    "cik": "0000016918",
    "fillingDate": "2009-07-10",
    "acceptedDate": "2009-07-10 11:47:47",
    "calendarYear": "2010",
    "period": "Q1",
    "revenue": 791600000,
    "costOfRevenue": 522900000,
    "grossProfit": 268700000,
    "grossProfitRatio": 0.3394391107,
    "researchAndDevelopmentExpenses": 0,
    "generalAndAdministrativeExpenses": 0,
    "sellingAndMarketingExpenses": 0,
    "sellingGeneralAndAdministrativeExpenses": 166600000,
    "otherExpenses": 0,
    "operatingExpenses": 166600000,
    "costAndExpenses": 689500000,
    "interestIncome": 0,
    "interestExpense": 66800000,
    "depreciationAndAmortization": 37200000,
    "ebitda": 184700000,
    "ebitdaratio": 0.2333249116,
    "operatingIncome": 83100000,
    "operatingIncomeRatio": 0.1049772612,
    "totalOtherIncomeExpensesNet": -4000000,
    "incomeBeforeTax": 79100000,
    "incomeBeforeTaxRatio": 0.0999242041,
    "incomeTaxExpense": 72600000,
    "netIncome": 6500000,
    "netIncomeRatio": 0.0082112178,
    "eps": 0.03,
    "epsdiluted": 0.03,
    "weightedAverageShsOut": 218977000,
    "weightedAverageShsOutDil": 219820000,
    "link": "https://www.sec.gov/Archives/edgar/data/16918/000095012309021447/0000950123-09-021447-index.htm",
    "finalLink": "https://www.sec.gov/Archives/edgar/data/16918/000095012309021447/l36980ae10vq.htm"
  },
  {
    "date": "2009-02-28",
    "symbol": "STZ",
    "reportedCurrency": "USD",
    "cik": "0000016918",
    "fillingDate": "2009-04-29",
    "acceptedDate": "2009-04-29 15:36:27",
    "calendarYear": "2009",
    "period": "Q4",
    "revenue": 735100000,
    "costOfRevenue": 543900000,
    "grossProfit": 191200000,
    "grossProfitRatio": 0.2601006666,
    "researchAndDevelopmentExpenses": 0,
    "generalAndAdministrativeExpenses": 0,
    "sellingAndMarketingExpenses": 0,
    "sellingGeneralAndAdministrativeExpenses": 171200000,
    "otherExpenses": 0,
    "operatingExpenses": 171200000,
    "costAndExpenses": 715100000,
    "interestIncome": 0,
    "interestExpense": 409500000,
    "depreciationAndAmortization": 37800000,
    "ebitda": -91000000,
    "ebitdaratio": -0.1237926813,
    "operatingIncome": -286900000,
    "operatingIncomeRatio": -0.3902870358,
    "totalOtherIncomeExpensesNet": -102600000,
    "incomeBeforeTax": -389500000,
    "incomeBeforeTaxRatio": -0.529859883,
    "incomeTaxExpense": 17300000,
    "netIncome": -406800000,
    "netIncomeRatio": -0.553394096,
    "eps": -1.86,
    "epsdiluted": -1.86,
    "weightedAverageShsOut": 218400000,
    "weightedAverageShsOutDil": 218977000,
    "link": "https://www.sec.gov/Archives/edgar/data/16918/000095015209004335/0000950152-09-004335-index.htm",
    "finalLink": "https://www.sec.gov/Archives/edgar/data/16918/000095015209004335/l36231ae10vk.htm"
  },
  {
    "date": "2008-11-30",
    "symbol": "STZ",
    "reportedCurrency": "USD",
    "cik": "0000016918",
    "fillingDate": "2009-01-09",
    "acceptedDate": "2009-01-09 12:29:30",
    "calendarYear": "2009",
    "period": "Q3",
    "revenue": 1031200000,
    "costOfRevenue": 627200000,
    "grossProfit": 404000000,
    "grossProfitRatio": 0.391776571,
    "researchAndDevelopmentExpenses": 0,
    "generalAndAdministrativeExpenses": 0,
    "sellingAndMarketingExpenses": 0,
    "sellingGeneralAndAdministrativeExpenses": 200500000,
    "otherExpenses": 0,
    "operatingExpenses": 200500000,
    "costAndExpenses": 827700000,
    "interestIncome": 0,
    "interestExpense": 78400000,
    "depreciationAndAmortization": 34000000,
    "ebitda": 308000000,
    "ebitdaratio": 0.2986811482,
    "operatingIncome": 197700000,
    "operatingIncomeRatio": 0.1917183863,
    "totalOtherIncomeExpensesNet": -2100000,
    "incomeBeforeTax": 195600000,
    "incomeBeforeTaxRatio": 0.189681924,
    "incomeTaxExpense": 112100000,
    "netIncome": 83500000,
    "netIncomeRatio": 0.080973623,
    "eps": 0.39,
    "epsdiluted": 0.38,
    "weightedAverageShsOut": 218195000,
    "weightedAverageShsOutDil": 220006000,
    "link": "https://www.sec.gov/Archives/edgar/data/16918/000095015209000173/0000950152-09-000173-index.htm",
    "finalLink": "https://www.sec.gov/Archives/edgar/data/16918/000095015209000173/l35050ae10vq.htm"
  },
  {
    "date": "2008-08-31",
    "symbol": "STZ",
    "reportedCurrency": "USD",
    "cik": "0000016918",
    "fillingDate": "2008-10-10",
    "acceptedDate": "2008-10-10 13:45:04",
    "calendarYear": "2009",
    "period": "Q2",
    "revenue": 956500000,
    "costOfRevenue": 650700000,
    "grossProfit": 305800000,
    "grossProfitRatio": 0.3197072661,
    "researchAndDevelopmentExpenses": 0,
    "generalAndAdministrativeExpenses": 0,
    "sellingAndMarketingExpenses": 0,
    "sellingGeneralAndAdministrativeExpenses": 225200000,
    "otherExpenses": 0,
    "operatingExpenses": 225200000,
    "costAndExpenses": 875900000,
    "interestIncome": 0,
    "interestExpense": 80700000,
    "depreciationAndAmortization": 41000000,
    "ebitda": 132600000,
    "ebitdaratio": 0.1386304234,
    "operatingIncome": 21500000,
    "operatingIncomeRatio": 0.0224777836,
    "totalOtherIncomeExpensesNet": -10600000,
    "incomeBeforeTax": 10900000,
    "incomeBeforeTaxRatio": 0.0113957135,
    "incomeTaxExpense": 33600000,
    "netIncome": -22700000,
    "netIncomeRatio": -0.0237323576,
    "eps": -0.1,
    "epsdiluted": -0.1,
    "weightedAverageShsOut": 217487000,
    "weightedAverageShsOutDil": 217487000,
    "link": "https://www.sec.gov/Archives/edgar/data/16918/000095015208007834/0000950152-08-007834-index.htm",
    "finalLink": "https://www.sec.gov/Archives/edgar/data/16918/000095015208007834/l34029ae10vq.htm"
  },
  {
    "date": "2008-05-31",
    "symbol": "STZ",
    "reportedCurrency": "USD",
    "cik": "0000016918",
    "fillingDate": "2008-07-10",
    "acceptedDate": "2008-07-10 13:39:29",
    "calendarYear": "2009",
    "period": "Q1",
    "revenue": 931800000,
    "costOfRevenue": 602800000,
    "grossProfit": 329000000,
    "grossProfitRatio": 0.3530800601,
    "researchAndDevelopmentExpenses": 0,
    "generalAndAdministrativeExpenses": 0,
    "sellingAndMarketingExpenses": 0,
    "sellingGeneralAndAdministrativeExpenses": 233500000,
    "otherExpenses": 0,
    "operatingExpenses": 233500000,
    "costAndExpenses": 836300000,
    "interestIncome": 0,
    "interestExpense": 86600000,
    "depreciationAndAmortization": 44200000,
    "ebitda": 207000000,
    "ebitdaratio": 0.2221506761,
    "operatingIncome": 90700000,
    "operatingIncomeRatio": 0.0973384847,
    "totalOtherIncomeExpensesNet": -14500000,
    "incomeBeforeTax": 76200000,
    "incomeBeforeTaxRatio": 0.0817772054,
    "incomeTaxExpense": 31600000,
    "netIncome": 44600000,
    "netIncomeRatio": 0.0478643486,
    "eps": 0.21,
    "epsdiluted": 0.2,
    "weightedAverageShsOut": 216561000,
    "weightedAverageShsOutDil": 219186000,
    "link": "https://www.sec.gov/Archives/edgar/data/16918/000095015208005314/0000950152-08-005314-index.htm",
    "finalLink": "https://www.sec.gov/Archives/edgar/data/16918/000095015208005314/l32352ae10vq.htm"
  },
  {
    "date": "2008-02-29",
    "symbol": "STZ",
    "reportedCurrency": "USD",
    "cik": "0000016918",
    "fillingDate": "2008-04-29",
    "acceptedDate": "2008-04-29 14:26:50",
    "calendarYear": "2008",
    "period": "Q4",
    "revenue": 884400000,
    "costOfRevenue": 572700000,
    "grossProfit": 311700000,
    "grossProfitRatio": 0.3524423338,
    "researchAndDevelopmentExpenses": 0,
    "generalAndAdministrativeExpenses": 0,
    "sellingAndMarketingExpenses": 0,
    "sellingGeneralAndAdministrativeExpenses": 227100000,
    "otherExpenses": 0,
    "operatingExpenses": 227100000,
    "costAndExpenses": 799800000,
    "interestIncome": 0,
    "interestExpense": 890200000,
    "depreciationAndAmortization": 48400000,
    "ebitda": 133000000,
    "ebitdaratio": 0.1503844414,
    "operatingIncome": -740400000,
    "operatingIncomeRatio": -0.8371777476,
    "totalOtherIncomeExpensesNet": -65200000,
    "incomeBeforeTax": -805600000,
    "incomeBeforeTaxRatio": -0.9109000452,
    "incomeTaxExpense": 29200000,
    "netIncome": -834800000,
    "netIncomeRatio": -0.9439167797,
    "eps": -3.87,
    "epsdiluted": -3.85,
    "weightedAverageShsOut": 215764000,
    "weightedAverageShsOutDil": 216561000,
    "link": "https://www.sec.gov/Archives/edgar/data/16918/000095015208003169/0000950152-08-003169-index.htm",
    "finalLink": "https://www.sec.gov/Archives/edgar/data/16918/000095015208003169/l30627ae10vk.htm"
  },
  {
    "date": "2007-11-30",
    "symbol": "STZ",
    "reportedCurrency": "USD",
    "cik": "0000016918",
    "fillingDate": "2008-01-09",
    "acceptedDate": "2008-01-09 13:25:56",
    "calendarYear": "2008",
    "period": "Q3",
    "revenue": 1094800000,
    "costOfRevenue": 702900000,
    "grossProfit": 391900000,
    "grossProfitRatio": 0.3579649251,
    "researchAndDevelopmentExpenses": 0,
    "generalAndAdministrativeExpenses": 0,
    "sellingAndMarketingExpenses": 0,
    "sellingGeneralAndAdministrativeExpenses": 192100000,
    "otherExpenses": 0,
    "operatingExpenses": 192100000,
    "costAndExpenses": 895000000,
    "interestIncome": 0,
    "interestExpense": 8200000,
    "depreciationAndAmortization": 40500000,
    "ebitda": 313000000,
    "ebitdaratio": 0.2858969675,
    "operatingIncome": 198300000,
    "operatingIncomeRatio": 0.1811289733,
    "totalOtherIncomeExpensesNet": -8200000,
    "incomeBeforeTax": 190100000,
    "incomeBeforeTaxRatio": 0.1736390208,
    "incomeTaxExpense": 70500000,
    "netIncome": 119600000,
    "netIncomeRatio": 0.1092436975,
    "eps": 0.56,
    "epsdiluted": 0.55,
    "weightedAverageShsOut": 215387000,
    "weightedAverageShsOutDil": 219432000,
    "link": "https://www.sec.gov/Archives/edgar/data/16918/000001691808000015/0000016918-08-000015-index.htm",
    "finalLink": "https://www.sec.gov/Archives/edgar/data/16918/000001691808000015/q10form.htm"
  },
  {
    "date": "2007-08-31",
    "symbol": "STZ",
    "reportedCurrency": "USD",
    "cik": "0000016918",
    "fillingDate": "2007-10-10",
    "acceptedDate": "2007-10-10 10:20:07",
    "calendarYear": "2008",
    "period": "Q2",
    "revenue": 892600000,
    "costOfRevenue": 582900000,
    "grossProfit": 309700000,
    "grossProfitRatio": 0.3469639256,
    "researchAndDevelopmentExpenses": 0,
    "generalAndAdministrativeExpenses": 0,
    "sellingAndMarketingExpenses": 0,
    "sellingGeneralAndAdministrativeExpenses": 190500000,
    "otherExpenses": 0,
    "operatingExpenses": 190500000,
    "costAndExpenses": 773400000,
    "interestIncome": 0,
    "interestExpense": 6600000,
    "depreciationAndAmortization": 38300000,
    "ebitda": 235600000,
    "ebitdaratio": 0.263948017,
    "operatingIncome": 117200000,
    "operatingIncomeRatio": 0.1313018149,
    "totalOtherIncomeExpensesNet": -6600000,
    "incomeBeforeTax": 110600000,
    "incomeBeforeTaxRatio": 0.1239076854,
    "incomeTaxExpense": 38500000,
    "netIncome": 72100000,
    "netIncomeRatio": 0.0807752633,
    "eps": 0.34,
    "epsdiluted": 0.33,
    "weightedAverageShsOut": 215127000,
    "weightedAverageShsOutDil": 219300000,
    "link": "https://www.sec.gov/Archives/edgar/data/16918/000001691807000086/0000016918-07-000086-index.htm",
    "finalLink": "https://www.sec.gov/Archives/edgar/data/16918/000001691807000086/form10q101007.htm"
  },
  {
    "date": "2007-05-31",
    "symbol": "STZ",
    "reportedCurrency": "USD",
    "cik": "0000016918",
    "fillingDate": "2007-07-10",
    "acceptedDate": "2007-07-10 18:02:58",
    "calendarYear": "2008",
    "period": "Q1",
    "revenue": 901200000,
    "costOfRevenue": 633000000,
    "grossProfit": 268200000,
    "grossProfitRatio": 0.2976031957,
    "researchAndDevelopmentExpenses": 0,
    "generalAndAdministrativeExpenses": 0,
    "sellingAndMarketingExpenses": 0,
    "sellingGeneralAndAdministrativeExpenses": 197600000,
    "otherExpenses": 0,
    "operatingExpenses": 197600000,
    "costAndExpenses": 830600000,
    "interestIncome": 0,
    "interestExpense": 3900000,
    "depreciationAndAmortization": 38700000,
    "ebitda": 182700000,
    "ebitdaratio": 0.2027296937,
    "operatingIncome": 68200000,
    "operatingIncomeRatio": 0.0756768753,
    "totalOtherIncomeExpensesNet": -3900000,
    "incomeBeforeTax": 64300000,
    "incomeBeforeTaxRatio": 0.071349312,
    "incomeTaxExpense": 34500000,
    "netIncome": 29800000,
    "netIncomeRatio": 0.0330670217,
    "eps": 0.13,
    "epsdiluted": 0.13,
    "weightedAverageShsOut": 229460000,
    "weightedAverageShsOutDil": 233439000,
    "link": "https://www.sec.gov/Archives/edgar/data/16918/000001691807000061/0000016918-07-000061-index.htm",
    "finalLink": "https://www.sec.gov/Archives/edgar/data/16918/000001691807000061/q1-071007.htm"
  },
  {
    "date": "2007-02-28",
    "symbol": "STZ",
    "reportedCurrency": "USD",
    "cik": "0000016918",
    "fillingDate": "2007-04-30",
    "acceptedDate": "2007-04-30 16:33:41",
    "calendarYear": "2007",
    "period": "Q4",
    "revenue": 1142200000,
    "costOfRevenue": 796900000,
    "grossProfit": 345300000,
    "grossProfitRatio": 0.302311329,
    "researchAndDevelopmentExpenses": 0,
    "generalAndAdministrativeExpenses": 0,
    "sellingAndMarketingExpenses": 0,
    "sellingGeneralAndAdministrativeExpenses": 194000000,
    "otherExpenses": 0,
    "operatingExpenses": 194000000,
    "costAndExpenses": 990900000,
    "interestIncome": 0,
    "interestExpense": 47600000,
    "depreciationAndAmortization": 41100000,
    "ebitda": 192400000,
    "ebitdaratio": 0.1684468569,
    "operatingIncome": 138900000,
    "operatingIncomeRatio": 0.1216074243,
    "totalOtherIncomeExpensesNet": -35200000,
    "incomeBeforeTax": 103700000,
    "incomeBeforeTaxRatio": 0.0907897041,
    "incomeTaxExpense": 33500000,
    "netIncome": 70200000,
    "netIncomeRatio": 0.0614603397,
    "eps": 0.34,
    "epsdiluted": 0.34,
    "weightedAverageShsOut": 205636000,
    "weightedAverageShsOutDil": 205636000,
    "link": "https://www.sec.gov/Archives/edgar/data/16918/000001691807000041/0000016918-07-000041-index.htm",
    "finalLink": "https://www.sec.gov/Archives/edgar/data/16918/000001691807000041/form10k-022807.htm"
  },
  {
    "date": "2006-11-30",
    "symbol": "STZ",
    "reportedCurrency": "USD",
    "cik": "0000016918",
    "fillingDate": "2007-01-09",
    "acceptedDate": "2007-01-09 16:34:09",
    "calendarYear": "2007",
    "period": "Q3",
    "revenue": 1500800000,
    "costOfRevenue": 1055600000,
    "grossProfit": 445200000,
    "grossProfitRatio": 0.296641791,
    "researchAndDevelopmentExpenses": 0,
    "generalAndAdministrativeExpenses": 0,
    "sellingAndMarketingExpenses": 0,
    "sellingGeneralAndAdministrativeExpenses": 197800000,
    "otherExpenses": 0,
    "operatingExpenses": 197800000,
    "costAndExpenses": 1253400000,
    "interestIncome": 0,
    "interestExpense": 74300000,
    "depreciationAndAmortization": 36000000,
    "ebitda": 283400000,
    "ebitdaratio": 0.1888326226,
    "operatingIncome": 235800000,
    "operatingIncomeRatio": 0.1571162047,
    "totalOtherIncomeExpensesNet": -62700000,
    "incomeBeforeTax": 173100000,
    "incomeBeforeTaxRatio": 0.1153384861,
    "incomeTaxExpense": 65300000,
    "netIncome": 107800000,
    "netIncomeRatio": 0.0718283582,
    "eps": 0.47,
    "epsdiluted": 0.45,
    "weightedAverageShsOut": 209524000,
    "weightedAverageShsOutDil": 239396000,
    "link": "https://www.sec.gov/Archives/edgar/data/16918/000001691807000002/0000016918-07-000002-index.htm",
    "finalLink": "https://www.sec.gov/Archives/edgar/data/16918/000001691807000002/form10q-113006.htm"
  },
  {
    "date": "2006-08-31",
    "symbol": "STZ",
    "reportedCurrency": "USD",
    "cik": "0000016918",
    "fillingDate": "2006-10-10",
    "acceptedDate": "2006-10-10 16:49:03",
    "calendarYear": "2007",
    "period": "Q2",
    "revenue": 1417500000,
    "costOfRevenue": 1002700000,
    "grossProfit": 414800000,
    "grossProfitRatio": 0.292627866,
    "researchAndDevelopmentExpenses": 0,
    "generalAndAdministrativeExpenses": 0,
    "sellingAndMarketingExpenses": 0,
    "sellingGeneralAndAdministrativeExpenses": 204400000,
    "otherExpenses": 0,
    "operatingExpenses": 204400000,
    "costAndExpenses": 1207100000,
    "interestIncome": 0,
    "interestExpense": 98800000,
    "depreciationAndAmortization": 33500000,
    "ebitda": 243900000,
    "ebitdaratio": 0.1720634921,
    "operatingIncome": 181300000,
    "operatingIncomeRatio": 0.1279012346,
    "totalOtherIncomeExpensesNet": -69700000,
    "incomeBeforeTax": 111600000,
    "incomeBeforeTaxRatio": 0.0787301587,
    "incomeTaxExpense": 43200000,
    "netIncome": 68400000,
    "netIncomeRatio": 0.0482539683,
    "eps": 0.3,
    "epsdiluted": 0.28,
    "weightedAverageShsOut": 200316000,
    "weightedAverageShsOutDil": 240318000,
    "link": "https://www.sec.gov/Archives/edgar/data/16918/000001691806000056/0000016918-06-000056-index.htm",
    "finalLink": "https://www.sec.gov/Archives/edgar/data/16918/000001691806000056/form10q-083106.htm"
  },
  {
    "date": "2006-05-31",
    "symbol": "STZ",
    "reportedCurrency": "USD",
    "cik": "0000016918",
    "fillingDate": "2006-07-10",
    "acceptedDate": "2006-07-10 17:15:23",
    "calendarYear": "2007",
    "period": "Q1",
    "revenue": 1155900000,
    "costOfRevenue": 837300000,
    "grossProfit": 318600000,
    "grossProfitRatio": 0.2756293797,
    "researchAndDevelopmentExpenses": 0,
    "generalAndAdministrativeExpenses": 0,
    "sellingAndMarketingExpenses": 0,
    "sellingGeneralAndAdministrativeExpenses": 172600000,
    "otherExpenses": 0,
    "operatingExpenses": 172600000,
    "costAndExpenses": 1009900000,
    "interestIncome": 0,
    "interestExpense": 0,
    "depreciationAndAmortization": 28700000,
    "ebitda": 174700000,
    "ebitdaratio": 0.1511376417,
    "operatingIncome": 143000000,
    "operatingIncomeRatio": 0.123713124,
    "totalOtherIncomeExpensesNet": 3900000,
    "incomeBeforeTax": 146900000,
    "incomeBeforeTaxRatio": 0.1270871183,
    "incomeTaxExpense": 61400000,
    "netIncome": 85500000,
    "netIncomeRatio": 0.0739683364,
    "eps": 0.38,
    "epsdiluted": 0.36,
    "weightedAverageShsOut": 199571000,
    "weightedAverageShsOutDil": 240100000,
    "link": "https://www.sec.gov/Archives/edgar/data/16918/000001691806000036/0000016918-06-000036-index.htm",
    "finalLink": "https://www.sec.gov/Archives/edgar/data/16918/000001691806000036/q1-071006.htm"
  },
  {
    "date": "2006-02-28",
    "symbol": "STZ",
    "reportedCurrency": "USD",
    "cik": "0000016918",
    "fillingDate": "2006-05-02",
    "acceptedDate": "2006-05-01 18:55:00",
    "calendarYear": "2006",
    "period": "Q4",
    "revenue": 1047867000,
    "costOfRevenue": 761503000,
    "grossProfit": 286364000,
    "grossProfitRatio": 0.2732827735,
    "researchAndDevelopmentExpenses": 0,
    "generalAndAdministrativeExpenses": 0,
    "sellingAndMarketingExpenses": 0,
    "sellingGeneralAndAdministrativeExpenses": 133845000,
    "otherExpenses": 0,
    "operatingExpenses": 133845000,
    "costAndExpenses": 895348000,
    "interestIncome": 0,
    "interestExpense": 74089000,
    "depreciationAndAmortization": 35808000,
    "ebitda": 188327000,
    "ebitdaratio": 0.1797241444,
    "operatingIncome": 130742000,
    "operatingIncomeRatio": 0.1247696511,
    "totalOtherIncomeExpensesNet": -52312000,
    "incomeBeforeTax": 78430000,
    "incomeBeforeTaxRatio": 0.074847285,
    "incomeTaxExpense": 20248000,
    "netIncome": 58182000,
    "netIncomeRatio": 0.0555242221,
    "eps": 0.29,
    "epsdiluted": 0.29,
    "weightedAverageShsOut": 199571000,
    "weightedAverageShsOutDil": 199571000,
    "link": "https://www.sec.gov/Archives/edgar/data/16918/000001691806000033/0000016918-06-000033-index.htm",
    "finalLink": "https://www.sec.gov/Archives/edgar/data/16918/000001691806000033/form10k-022806.htm"
  },
  {
    "date": "2005-11-30",
    "symbol": "STZ",
    "reportedCurrency": "USD",
    "cik": "0000016918",
    "fillingDate": "2006-01-09",
    "acceptedDate": "2006-01-09 17:15:02",
    "calendarYear": "2006",
    "period": "Q3",
    "revenue": 1267087000,
    "costOfRevenue": 882866000,
    "grossProfit": 384221000,
    "grossProfitRatio": 0.3032317434,
    "researchAndDevelopmentExpenses": 0,
    "generalAndAdministrativeExpenses": 0,
    "sellingAndMarketingExpenses": 0,
    "sellingGeneralAndAdministrativeExpenses": 156978000,
    "otherExpenses": 0,
    "operatingExpenses": 156978000,
    "costAndExpenses": 1039844000,
    "interestIncome": 0,
    "interestExpense": 41569000,
    "depreciationAndAmortization": 34190000,
    "ebitda": 261500000,
    "ebitdaratio": 0.2063788832,
    "operatingIncome": 221353000,
    "operatingIncomeRatio": 0.1746943975,
    "totalOtherIncomeExpensesNet": -41553000,
    "incomeBeforeTax": 179784000,
    "incomeBeforeTaxRatio": 0.1418876525,
    "incomeTaxExpense": 70823000,
    "netIncome": 108961000,
    "netIncomeRatio": 0.0859933059,
    "eps": 0.49,
    "epsdiluted": 0.46,
    "weightedAverageShsOut": 197220000,
    "weightedAverageShsOutDil": 238583000,
    "link": "https://www.sec.gov/Archives/edgar/data/16918/000001691806000004/0000016918-06-000004-index.htm",
    "finalLink": "https://www.sec.gov/Archives/edgar/data/16918/000001691806000004/form10q-010906.htm"
  },
  {
    "date": "2005-08-31",
    "symbol": "STZ",
    "reportedCurrency": "USD",
    "cik": "0000016918",
    "fillingDate": "2005-10-11",
    "acceptedDate": "2005-10-11 16:12:59",
    "calendarYear": "2006",
    "period": "Q2",
    "revenue": 1191959000,
    "costOfRevenue": 843959000,
    "grossProfit": 348000000,
    "grossProfitRatio": 0.2919563508,
    "researchAndDevelopmentExpenses": 0,
    "generalAndAdministrativeExpenses": 0,
    "sellingAndMarketingExpenses": 0,
    "sellingGeneralAndAdministrativeExpenses": 163717000,
    "otherExpenses": 0,
    "operatingExpenses": 163717000,
    "costAndExpenses": 1007676000,
    "interestIncome": 0,
    "interestExpense": 57225000,
    "depreciationAndAmortization": 28878000,
    "ebitda": 213101000,
    "ebitdaratio": 0.1787821561,
    "operatingIncome": 174197000,
    "operatingIncomeRatio": 0.1461434496,
    "totalOtherIncomeExpensesNet": -47197000,
    "incomeBeforeTax": 127058000,
    "incomeBeforeTaxRatio": 0.1065959484,
    "incomeTaxExpense": 44638000,
    "netIncome": 82420000,
    "netIncomeRatio": 0.0691466737,
    "eps": 0.37,
    "epsdiluted": 0.34,
    "weightedAverageShsOut": 196520000,
    "weightedAverageShsOutDil": 239071000,
    "link": "https://www.sec.gov/Archives/edgar/data/16918/000001691805000061/0000016918-05-000061-index.htm",
    "finalLink": "https://www.sec.gov/Archives/edgar/data/16918/000001691805000061/form10q.htm"
  },
  {
    "date": "2005-05-31",
    "symbol": "STZ",
    "reportedCurrency": "USD",
    "cik": "0000016918",
    "fillingDate": "2005-07-11",
    "acceptedDate": "2005-07-11 16:20:04",
    "calendarYear": "2006",
    "period": "Q1",
    "revenue": 1096535000,
    "costOfRevenue": 790529000,
    "grossProfit": 306006000,
    "grossProfitRatio": 0.2790663317,
    "researchAndDevelopmentExpenses": 0,
    "generalAndAdministrativeExpenses": 0,
    "sellingAndMarketingExpenses": 0,
    "sellingGeneralAndAdministrativeExpenses": 157864000,
    "otherExpenses": 0,
    "operatingExpenses": 157864000,
    "costAndExpenses": 948393000,
    "interestIncome": 0,
    "interestExpense": 56156000,
    "depreciationAndAmortization": 29299000,
    "ebitda": 177441000,
    "ebitdaratio": 0.1618197322,
    "operatingIncome": 139823000,
    "operatingIncomeRatio": 0.1275134857,
    "totalOtherIncomeExpensesNet": -47837000,
    "incomeBeforeTax": 91986000,
    "incomeBeforeTaxRatio": 0.0838878832,
    "incomeTaxExpense": 16287000,
    "netIncome": 75699000,
    "netIncomeRatio": 0.0690347321,
    "eps": 0.34,
    "epsdiluted": 0.32,
    "weightedAverageShsOut": 195564000,
    "weightedAverageShsOutDil": 238178000,
    "link": "https://www.sec.gov/Archives/edgar/data/16918/000001691805000047/0000016918-05-000047-index.htm",
    "finalLink": "https://www.sec.gov/Archives/edgar/data/16918/000001691805000047/form10q.htm"
  },
  {
    "date": "2005-02-28",
    "symbol": "STZ",
    "reportedCurrency": "USD",
    "cik": "0000016918",
    "fillingDate": "2005-05-16",
    "acceptedDate": "2005-05-16 17:17:17",
    "calendarYear": "2005",
    "period": "Q4",
    "revenue": 1037681000,
    "costOfRevenue": 750901000,
    "grossProfit": 286780000,
    "grossProfitRatio": 0.2763662436,
    "researchAndDevelopmentExpenses": 0,
    "generalAndAdministrativeExpenses": 0,
    "sellingAndMarketingExpenses": 0,
    "sellingGeneralAndAdministrativeExpenses": 154578000,
    "otherExpenses": 0,
    "operatingExpenses": 154578000,
    "costAndExpenses": 905479000,
    "interestIncome": 0,
    "interestExpense": 57784000,
    "depreciationAndAmortization": 30062000,
    "ebitda": 162264000,
    "ebitdaratio": 0.1563717559,
    "operatingIncome": 119629000,
    "operatingIncomeRatio": 0.1152849479,
    "totalOtherIncomeExpensesNet": -45211000,
    "incomeBeforeTax": 74418000,
    "incomeBeforeTaxRatio": 0.0717156814,
    "incomeTaxExpense": 26790000,
    "netIncome": 47628000,
    "netIncomeRatio": 0.0458984987,
    "eps": 0.24,
    "epsdiluted": 0.24,
    "weightedAverageShsOut": 195567000,
    "weightedAverageShsOutDil": 195567000,
    "link": "https://www.sec.gov/Archives/edgar/data/16918/000001691805000031/0000016918-05-000031-index.htm",
    "finalLink": "https://www.sec.gov/Archives/edgar/data/16918/000001691805000031/form10k-022805.htm"
  },
  {
    "date": "2004-11-30",
    "symbol": "STZ",
    "reportedCurrency": "USD",
    "cik": "0000016918",
    "fillingDate": "2005-01-10",
    "acceptedDate": "2005-01-10 17:09:31",
    "calendarYear": "2005",
    "period": "Q3",
    "revenue": 1085711000,
    "costOfRevenue": 772047000,
    "grossProfit": 313664000,
    "grossProfitRatio": 0.2889019269,
    "researchAndDevelopmentExpenses": 0,
    "generalAndAdministrativeExpenses": 0,
    "sellingAndMarketingExpenses": 0,
    "sellingGeneralAndAdministrativeExpenses": 130333000,
    "otherExpenses": 0,
    "operatingExpenses": 130333000,
    "costAndExpenses": 902380000,
    "interestIncome": 0,
    "interestExpense": 30292000,
    "depreciationAndAmortization": 24563000,
    "ebitda": 207894000,
    "ebitdaratio": 0.1914818953,
    "operatingIncome": 181687000,
    "operatingIncomeRatio": 0.1673437959,
    "totalOtherIncomeExpensesNet": -30292000,
    "incomeBeforeTax": 151395000,
    "incomeBeforeTaxRatio": 0.1394431852,
    "incomeTaxExpense": 54502000,
    "netIncome": 96893000,
    "netIncomeRatio": 0.0892438227,
    "eps": 0.44,
    "epsdiluted": 0.42,
    "weightedAverageShsOut": 192024000,
    "weightedAverageShsOutDil": 233452000,
    "link": "https://www.sec.gov/Archives/edgar/data/16918/000001691805000003/0000016918-05-000003-index.htm",
    "finalLink": "https://www.sec.gov/Archives/edgar/data/16918/000001691805000003/body10-q.htm"
  },
  {
    "date": "2004-08-31",
    "symbol": "STZ",
    "reportedCurrency": "USD",
    "cik": "0000016918",
    "fillingDate": "2004-10-12",
    "acceptedDate": "2004-10-12 14:53:31",
    "calendarYear": "2005",
    "period": "Q2",
    "revenue": 1036941000,
    "costOfRevenue": 747258000,
    "grossProfit": 289683000,
    "grossProfitRatio": 0.2793630496,
    "researchAndDevelopmentExpenses": 0,
    "generalAndAdministrativeExpenses": 0,
    "sellingAndMarketingExpenses": 0,
    "sellingGeneralAndAdministrativeExpenses": 132355000,
    "otherExpenses": 0,
    "operatingExpenses": 132355000,
    "costAndExpenses": 879613000,
    "interestIncome": 0,
    "interestExpense": 30200000,
    "depreciationAndAmortization": 24834000,
    "ebitda": 182162000,
    "ebitdaratio": 0.1756724828,
    "operatingIncome": 156159000,
    "operatingIncomeRatio": 0.1505958391,
    "totalOtherIncomeExpensesNet": -30200000,
    "incomeBeforeTax": 125959000,
    "incomeBeforeTaxRatio": 0.1214717134,
    "incomeTaxExpense": 45345000,
    "netIncome": 80614000,
    "netIncomeRatio": 0.077742128,
    "eps": 0.37,
    "epsdiluted": 0.35,
    "weightedAverageShsOut": 190902000,
    "weightedAverageShsOutDil": 232294000,
    "link": "https://www.sec.gov/Archives/edgar/data/16918/000001691804000053/0000016918-04-000053-index.htm",
    "finalLink": "https://www.sec.gov/Archives/edgar/data/16918/000001691804000053/q2-083104.htm"
  },
  {
    "date": "2004-05-31",
    "symbol": "STZ",
    "reportedCurrency": "USD",
    "cik": "0000016918",
    "fillingDate": "2004-07-12",
    "acceptedDate": "2004-07-12 16:01:11",
    "calendarYear": "2005",
    "period": "Q1",
    "revenue": 927305000,
    "costOfRevenue": 676843000,
    "grossProfit": 250462000,
    "grossProfitRatio": 0.270096678,
    "researchAndDevelopmentExpenses": 0,
    "generalAndAdministrativeExpenses": 0,
    "sellingAndMarketingExpenses": 0,
    "sellingGeneralAndAdministrativeExpenses": 138428000,
    "otherExpenses": 0,
    "operatingExpenses": 138428000,
    "costAndExpenses": 815271000,
    "interestIncome": 0,
    "interestExpense": 31832000,
    "depreciationAndAmortization": 24268000,
    "ebitda": 136302000,
    "ebitdaratio": 0.1469872372,
    "operatingIncome": 110421000,
    "operatingIncomeRatio": 0.1190773262,
    "totalOtherIncomeExpensesNet": -30219000,
    "incomeBeforeTax": 80202000,
    "incomeBeforeTaxRatio": 0.0864893428,
    "incomeTaxExpense": 28873000,
    "netIncome": 51329000,
    "netIncomeRatio": 0.0553528774,
    "eps": 0.23,
    "epsdiluted": 0.23,
    "weightedAverageShsOut": 213556000,
    "weightedAverageShsOutDil": 230124000,
    "link": "https://www.sec.gov/Archives/edgar/data/16918/000001691804000038/0000016918-04-000038-index.htm",
    "finalLink": "https://www.sec.gov/Archives/edgar/data/16918/000001691804000038/doc1.txt"
  },
  {
    "date": "2004-02-29",
    "symbol": "STZ",
    "reportedCurrency": "USD",
    "cik": "0000016918",
    "fillingDate": "2004-05-14",
    "acceptedDate": "2004-05-14 17:30:27",
    "calendarYear": "2004",
    "period": "Q4",
    "revenue": 881315000,
    "costOfRevenue": 637760000,
    "grossProfit": 243555000,
    "grossProfitRatio": 0.2763540845,
    "researchAndDevelopmentExpenses": 0,
    "generalAndAdministrativeExpenses": 0,
    "sellingAndMarketingExpenses": 0,
    "sellingGeneralAndAdministrativeExpenses": 108849000,
    "otherExpenses": 0,
    "operatingExpenses": 108849000,
    "costAndExpenses": 746609000,
    "interestIncome": 0,
    "interestExpense": 36543000,
    "depreciationAndAmortization": 24609000,
    "ebitda": 159315000,
    "ebitdaratio": 0.1807696454,
    "operatingIncome": 131039000,
    "operatingIncomeRatio": 0.1486857707,
    "totalOtherIncomeExpensesNet": -32876000,
    "incomeBeforeTax": 98163000,
    "incomeBeforeTaxRatio": 0.1113824229,
    "incomeTaxExpense": 35342000,
    "netIncome": 62821000,
    "netIncomeRatio": 0.0712809835,
    "eps": 0.29,
    "epsdiluted": 0.29,
    "weightedAverageShsOut": 213556000,
    "weightedAverageShsOutDil": 213556000,
    "link": "https://www.sec.gov/Archives/edgar/data/16918/000001691804000029/0000016918-04-000029-index.htm",
    "finalLink": "https://www.sec.gov/Archives/edgar/data/16918/000001691804000029/doc1.txt"
  },
  {
    "date": "2003-11-30",
    "symbol": "STZ",
    "reportedCurrency": "USD",
    "cik": "0000016918",
    "fillingDate": "2004-01-14",
    "acceptedDate": "2004-01-14 17:28:00",
    "calendarYear": "2004",
    "period": "Q3",
    "revenue": 987248000,
    "costOfRevenue": 704632000,
    "grossProfit": 282616000,
    "grossProfitRatio": 0.28626647,
    "researchAndDevelopmentExpenses": 0,
    "generalAndAdministrativeExpenses": 0,
    "sellingAndMarketingExpenses": 0,
    "sellingGeneralAndAdministrativeExpenses": 113333000,
    "otherExpenses": 0,
    "operatingExpenses": 113333000,
    "costAndExpenses": 817965000,
    "interestIncome": 0,
    "interestExpense": 31763000,
    "depreciationAndAmortization": 24467000,
    "ebitda": 193750000,
    "ebitdaratio": 0.1962526133,
    "operatingIncome": 161195000,
    "operatingIncomeRatio": 0.1632771097,
    "totalOtherIncomeExpensesNet": -31763000,
    "incomeBeforeTax": 129432000,
    "incomeBeforeTaxRatio": 0.1311038361,
    "incomeTaxExpense": 46592000,
    "netIncome": 82840000,
    "netIncomeRatio": 0.0839100206,
    "eps": 0.39,
    "epsdiluted": 0.37,
    "weightedAverageShsOut": 186510000,
    "weightedAverageShsOutDil": 228392000,
    "link": "https://www.sec.gov/Archives/edgar/data/16918/000001691804000006/0000016918-04-000006-index.htm",
    "finalLink": "https://www.sec.gov/Archives/edgar/data/16918/000001691804000006/doc1.txt"
  },
  {
    "date": "2003-08-31",
    "symbol": "STZ",
    "reportedCurrency": "USD",
    "cik": "0000016918",
    "fillingDate": "2003-08-31",
    "acceptedDate": "2003-08-30 20:00:00",
    "calendarYear": "2004",
    "period": "Q2",
    "revenue": 908760000,
    "costOfRevenue": 670532000,
    "grossProfit": 238228000,
    "grossProfitRatio": 0.2621462212,
    "researchAndDevelopmentExpenses": 0,
    "generalAndAdministrativeExpenses": 0,
    "sellingAndMarketingExpenses": 0,
    "sellingGeneralAndAdministrativeExpenses": 124989000,
    "otherExpenses": 0,
    "operatingExpenses": 124989000,
    "costAndExpenses": 795521000,
    "interestIncome": 0,
    "interestExpense": 57670000,
    "depreciationAndAmortization": 29157000,
    "ebitda": 142396000,
    "ebitdaratio": 0.1566926361,
    "operatingIncome": 96156000,
    "operatingIncomeRatio": 0.1058101149,
    "totalOtherIncomeExpensesNet": -40587000,
    "incomeBeforeTax": 55569000,
    "incomeBeforeTaxRatio": 0.0611481579,
    "incomeTaxExpense": 20005000,
    "netIncome": 35564000,
    "netIncomeRatio": 0.039134645,
    "eps": 0.18,
    "epsdiluted": 0.17,
    "weightedAverageShsOut": 173004000,
    "weightedAverageShsOutDil": 208262000,
    "link": "",
    "finalLink": ""
  },
  {
    "date": "2003-05-31",
    "symbol": "STZ",
    "reportedCurrency": "USD",
    "cik": "0000016918",
    "fillingDate": "2003-07-15",
    "acceptedDate": "2003-07-15 17:28:55",
    "calendarYear": "2004",
    "period": "Q1",
    "revenue": 771629000,
    "costOfRevenue": 563717000,
    "grossProfit": 207912000,
    "grossProfitRatio": 0.2694455496,
    "researchAndDevelopmentExpenses": 0,
    "generalAndAdministrativeExpenses": 0,
    "sellingAndMarketingExpenses": 0,
    "sellingGeneralAndAdministrativeExpenses": 106629000,
    "otherExpenses": 0,
    "operatingExpenses": 106629000,
    "costAndExpenses": 670346000,
    "interestIncome": 0,
    "interestExpense": 40050000,
    "depreciationAndAmortization": 23814000,
    "ebitda": 125097000,
    "ebitdaratio": 0.1621206564,
    "operatingIncome": 98967000,
    "operatingIncomeRatio": 0.1282572324,
    "totalOtherIncomeExpensesNet": -37734000,
    "incomeBeforeTax": 61233000,
    "incomeBeforeTaxRatio": 0.0793554934,
    "incomeTaxExpense": 22044000,
    "netIncome": 39189000,
    "netIncomeRatio": 0.0507873602,
    "eps": 0.21,
    "epsdiluted": 0.21,
    "weightedAverageShsOut": 185760000,
    "weightedAverageShsOutDil": 191322000,
    "link": "https://www.sec.gov/Archives/edgar/data/16918/000001691803000017/0000016918-03-000017-index.htm",
    "finalLink": "https://www.sec.gov/Archives/edgar/data/16918/000001691803000017/doc1.txt"
  },
  {
    "date": "2003-02-28",
    "symbol": "STZ",
    "reportedCurrency": "USD",
    "cik": "0000016918",
    "fillingDate": "2003-05-13",
    "acceptedDate": "2003-05-13 17:20:47",
    "calendarYear": "2003",
    "period": "Q4",
    "revenue": 653034000,
    "costOfRevenue": 475801000,
    "grossProfit": 177233000,
    "grossProfitRatio": 0.2713993452,
    "researchAndDevelopmentExpenses": 0,
    "generalAndAdministrativeExpenses": 0,
    "sellingAndMarketingExpenses": 0,
    "sellingGeneralAndAdministrativeExpenses": 87146000,
    "otherExpenses": 0,
    "operatingExpenses": 87146000,
    "costAndExpenses": 562947000,
    "interestIncome": 0,
    "interestExpense": 0,
    "depreciationAndAmortization": 14520000,
    "ebitda": 104607000,
    "ebitdaratio": 0.1601861465,
    "operatingIncome": 85323000,
    "operatingIncomeRatio": 0.1306562905,
    "totalOtherIncomeExpensesNet": 379000,
    "incomeBeforeTax": 85702000,
    "incomeBeforeTaxRatio": 0.1312366584,
    "incomeTaxExpense": 33681000,
    "netIncome": 52021000,
    "netIncomeRatio": 0.0796604771,
    "eps": 0.28,
    "epsdiluted": 0.28,
    "weightedAverageShsOut": 181146000,
    "weightedAverageShsOutDil": 185760000,
    "link": "https://www.sec.gov/Archives/edgar/data/16918/000001691803000013/0000016918-03-000013-index.htm",
    "finalLink": "https://www.sec.gov/Archives/edgar/data/16918/000001691803000013/doc1.txt"
  },
  {
    "date": "2002-11-30",
    "symbol": "STZ",
    "reportedCurrency": "USD",
    "cik": "0000016918",
    "fillingDate": "2003-01-13",
    "acceptedDate": "2003-01-10 20:12:29",
    "calendarYear": "2003",
    "period": "Q3",
    "revenue": 738379000,
    "costOfRevenue": 524885000,
    "grossProfit": 213494000,
    "grossProfitRatio": 0.2891387756,
    "researchAndDevelopmentExpenses": 0,
    "generalAndAdministrativeExpenses": 0,
    "sellingAndMarketingExpenses": 0,
    "sellingGeneralAndAdministrativeExpenses": 85470000,
    "otherExpenses": 0,
    "operatingExpenses": 85470000,
    "costAndExpenses": 610355000,
    "interestIncome": 0,
    "interestExpense": 22020000,
    "depreciationAndAmortization": 14628000,
    "ebitda": 142652000,
    "ebitdaratio": 0.193196177,
    "operatingIncome": 128024000,
    "operatingIncomeRatio": 0.1733852127,
    "totalOtherIncomeExpensesNet": -22020000,
    "incomeBeforeTax": 106004000,
    "incomeBeforeTaxRatio": 0.1435631295,
    "incomeTaxExpense": 41660000,
    "netIncome": 64344000,
    "netIncomeRatio": 0.08714224,
    "eps": 0.36,
    "epsdiluted": 0.35,
    "weightedAverageShsOut": 180646000,
    "weightedAverageShsOutDil": 186166000,
    "link": "https://www.sec.gov/Archives/edgar/data/16918/000001691803000002/0000016918-03-000002-index.htm",
    "finalLink": "https://www.sec.gov/Archives/edgar/data/16918/000001691803000002/doc1.txt"
  },
  {
    "date": "2002-08-31",
    "symbol": "STZ",
    "reportedCurrency": "USD",
    "cik": "0000016918",
    "fillingDate": "2002-10-15",
    "acceptedDate": "2002-10-15 16:37:59",
    "calendarYear": "2003",
    "period": "Q2",
    "revenue": 689806000,
    "costOfRevenue": 496544000,
    "grossProfit": 193262000,
    "grossProfitRatio": 0.2801686271,
    "researchAndDevelopmentExpenses": 0,
    "generalAndAdministrativeExpenses": 87616000,
    "sellingAndMarketingExpenses": 0,
    "sellingGeneralAndAdministrativeExpenses": 87616000,
    "otherExpenses": 0,
    "operatingExpenses": 87616000,
    "costAndExpenses": 584160000,
    "interestIncome": 0,
    "interestExpense": 23979000,
    "depreciationAndAmortization": 15138000,
    "ebitda": 120784000,
    "ebitdaratio": 0.175098506,
    "operatingIncome": 105646000,
    "operatingIncomeRatio": 0.1531532054,
    "totalOtherIncomeExpensesNet": -23979000,
    "incomeBeforeTax": 81667000,
    "incomeBeforeTaxRatio": 0.1183912578,
    "incomeTaxExpense": 32095000,
    "netIncome": 49572000,
    "netIncomeRatio": 0.0718636834,
    "eps": 0.28,
    "epsdiluted": 0.27,
    "weightedAverageShsOut": 179382000,
    "weightedAverageShsOutDil": 186058000,
    "link": "https://www.sec.gov/Archives/edgar/data/16918/000001691802000017/0000016918-02-000017-index.htm",
    "finalLink": "https://www.sec.gov/Archives/edgar/data/16918/000001691802000017/doc1.txt"
  },
  {
    "date": "2002-05-31",
    "symbol": "STZ",
    "reportedCurrency": "USD",
    "cik": "0000016918",
    "fillingDate": "2002-07-15",
    "acceptedDate": "2002-07-15 17:09:22",
    "calendarYear": "2003",
    "period": "Q1",
    "revenue": 648941000,
    "costOfRevenue": 473667000,
    "grossProfit": 175274000,
    "grossProfitRatio": 0.2700923505,
    "researchAndDevelopmentExpenses": 0,
    "generalAndAdministrativeExpenses": 89309000,
    "sellingAndMarketingExpenses": 0,
    "sellingGeneralAndAdministrativeExpenses": 89309000,
    "otherExpenses": 0,
    "operatingExpenses": 89309000,
    "costAndExpenses": 562976000,
    "interestIncome": 0,
    "interestExpense": 24402000,
    "depreciationAndAmortization": 15863000,
    "ebitda": 101828000,
    "ebitdaratio": 0.1569141108,
    "operatingIncome": 85965000,
    "operatingIncomeRatio": 0.1324696698,
    "totalOtherIncomeExpensesNet": -24402000,
    "incomeBeforeTax": 61563000,
    "incomeBeforeTaxRatio": 0.0948668677,
    "incomeTaxExpense": 24194000,
    "netIncome": 37369000,
    "netIncomeRatio": 0.0575845878,
    "eps": 0.21,
    "epsdiluted": 0.2,
    "weightedAverageShsOut": 177690000,
    "weightedAverageShsOutDil": 184706000,
    "link": "https://www.sec.gov/Archives/edgar/data/16918/000001691802000014/0000016918-02-000014-index.htm",
    "finalLink": "https://www.sec.gov/Archives/edgar/data/16918/000001691802000014/q1-2003.txt"
  },
  {
    "date": "2002-02-28",
    "symbol": "STZ",
    "reportedCurrency": "USD",
    "cik": "0000016918",
    "fillingDate": "2002-05-21",
    "acceptedDate": "2002-05-20 21:08:09",
    "calendarYear": "2002",
    "period": "Q4",
    "revenue": 673544000,
    "costOfRevenue": 452537000,
    "grossProfit": 221007000,
    "grossProfitRatio": 0.3281255568,
    "researchAndDevelopmentExpenses": 0,
    "generalAndAdministrativeExpenses": 146273000,
    "sellingAndMarketingExpenses": 0,
    "sellingGeneralAndAdministrativeExpenses": 146273000,
    "otherExpenses": 0,
    "operatingExpenses": 146273000,
    "costAndExpenses": 598810000,
    "interestIncome": 0,
    "interestExpense": 28696000,
    "depreciationAndAmortization": 21000000,
    "ebitda": 95734000,
    "ebitdaratio": 0.142134738,
    "operatingIncome": 74734000,
    "operatingIncomeRatio": 0.110956374,
    "totalOtherIncomeExpensesNet": -27142000,
    "incomeBeforeTax": 47592000,
    "incomeBeforeTaxRatio": 0.0706590809,
    "incomeTaxExpense": 19037000,
    "netIncome": 27001000,
    "netIncomeRatio": 0.0400879527,
    "eps": 0.15,
    "epsdiluted": 0.15,
    "weightedAverageShsOut": 175696000,
    "weightedAverageShsOutDil": 177690000,
    "link": "https://www.sec.gov/Archives/edgar/data/16918/000001691802000009/0000016918-02-000009-index.htm",
    "finalLink": "https://www.sec.gov/Archives/edgar/data/16918/000001691802000009/doc1.txt"
  },
  {
    "date": "2001-11-30",
    "symbol": "STZ",
    "reportedCurrency": "USD",
    "cik": "0000016918",
    "fillingDate": "2002-01-14",
    "acceptedDate": "2002-01-14 00:00:00",
    "calendarYear": "2002",
    "period": "Q3",
    "revenue": 764074000,
    "costOfRevenue": 505666000,
    "grossProfit": 258408000,
    "grossProfitRatio": 0.3381976091,
    "researchAndDevelopmentExpenses": 0,
    "generalAndAdministrativeExpenses": 149585000,
    "sellingAndMarketingExpenses": 0,
    "sellingGeneralAndAdministrativeExpenses": 149585000,
    "otherExpenses": 0,
    "operatingExpenses": 149585000,
    "costAndExpenses": 655251000,
    "interestIncome": 0,
    "interestExpense": 26084000,
    "depreciationAndAmortization": 20868000,
    "ebitda": 129691000,
    "ebitdaratio": 0.1697361774,
    "operatingIncome": 108823000,
    "operatingIncomeRatio": 0.1424246866,
    "totalOtherIncomeExpensesNet": -26084000,
    "incomeBeforeTax": 82739000,
    "incomeBeforeTaxRatio": 0.1082866319,
    "incomeTaxExpense": 33096000,
    "netIncome": 49643000,
    "netIncomeRatio": 0.0649714556,
    "eps": 0.28,
    "epsdiluted": 0.28,
    "weightedAverageShsOut": 173716000,
    "weightedAverageShsOutDil": 178954000,
    "link": "https://www.sec.gov/Archives/edgar/data/16918/000001691802000003/0000016918-02-000003-index.htm",
    "finalLink": "https://www.sec.gov/Archives/edgar/data/16918/000001691802000003/q3definitive.txt"
  },
  {
    "date": "2001-08-31",
    "symbol": "STZ",
    "reportedCurrency": "USD",
    "cik": "0000016918",
    "fillingDate": "2001-10-15",
    "acceptedDate": "2001-10-15 00:00:00",
    "calendarYear": "2002",
    "period": "Q2",
    "revenue": 741530000,
    "costOfRevenue": 503854000,
    "grossProfit": 237676000,
    "grossProfitRatio": 0.3205210848,
    "researchAndDevelopmentExpenses": 0,
    "generalAndAdministrativeExpenses": 148675000,
    "sellingAndMarketingExpenses": 0,
    "sellingGeneralAndAdministrativeExpenses": 148675000,
    "otherExpenses": 0,
    "operatingExpenses": 148675000,
    "costAndExpenses": 652529000,
    "interestIncome": 0,
    "interestExpense": 29111000,
    "depreciationAndAmortization": 21476000,
    "ebitda": 110477000,
    "ebitdaratio": 0.1489852063,
    "operatingIncome": 89001000,
    "operatingIncomeRatio": 0.120023465,
    "totalOtherIncomeExpensesNet": -29111000,
    "incomeBeforeTax": 59890000,
    "incomeBeforeTaxRatio": 0.0807654444,
    "incomeTaxExpense": 23956000,
    "netIncome": 35934000,
    "netIncomeRatio": 0.0484592667,
    "eps": 0.21,
    "epsdiluted": 0.21,
    "weightedAverageShsOut": 169656000,
    "weightedAverageShsOutDil": 175728000,
    "link": "https://www.sec.gov/Archives/edgar/data/16918/000001691801500025/0000016918-01-500025-index.htm",
    "finalLink": "https://www.sec.gov/Archives/edgar/data/16918/000001691801500025/q2document.txt"
  },
  {
    "date": "2001-05-31",
    "symbol": "STZ",
    "reportedCurrency": "USD",
    "cik": "0000016918",
    "fillingDate": "2001-07-16",
    "acceptedDate": "2001-07-16 00:00:00",
    "calendarYear": "2002",
    "period": "Q1",
    "revenue": 642110000,
    "costOfRevenue": 426155000,
    "grossProfit": 215955000,
    "grossProfitRatio": 0.3363208796,
    "researchAndDevelopmentExpenses": 0,
    "generalAndAdministrativeExpenses": 132027000,
    "sellingAndMarketingExpenses": 0,
    "sellingGeneralAndAdministrativeExpenses": 132027000,
    "otherExpenses": 0,
    "operatingExpenses": 132027000,
    "costAndExpenses": 558182000,
    "interestIncome": 0,
    "interestExpense": 44190000,
    "depreciationAndAmortization": 22060000,
    "ebitda": 105988000,
    "ebitdaratio": 0.165062061,
    "operatingIncome": 69923000,
    "operatingIncomeRatio": 0.1088956721,
    "totalOtherIncomeExpensesNet": -30185000,
    "incomeBeforeTax": 39738000,
    "incomeBeforeTaxRatio": 0.0618865926,
    "incomeTaxExpense": 15895000,
    "netIncome": 23843000,
    "netIncomeRatio": 0.0371322671,
    "eps": 0.14,
    "epsdiluted": 0.14,
    "weightedAverageShsOut": 165016000,
    "weightedAverageShsOutDil": 170104000,
    "link": "https://www.sec.gov/Archives/edgar/data/1051701/000001691801500010/0000016918-01-500010-index.html",
    "finalLink": "https://www.sec.gov/Archives/edgar/data/16918/000001691801500010/q1-2002.txt"
  },
  {
    "date": "2001-02-28",
    "symbol": "STZ",
    "reportedCurrency": "USD",
    "cik": "0000016918",
    "fillingDate": "2001-05-29",
    "acceptedDate": "2001-05-29 00:00:00",
    "calendarYear": "2001",
    "period": "Q4",
    "revenue": 544038000,
    "costOfRevenue": 390016000,
    "grossProfit": 154022000,
    "grossProfitRatio": 0.2831089005,
    "researchAndDevelopmentExpenses": 0,
    "generalAndAdministrativeExpenses": 107428000,
    "sellingAndMarketingExpenses": 0,
    "sellingGeneralAndAdministrativeExpenses": 107428000,
    "otherExpenses": 702128000,
    "operatingExpenses": 809556000,
    "costAndExpenses": 1199572000,
    "interestIncome": 0,
    "interestExpense": 0,
    "depreciationAndAmortization": 15405000,
    "ebitda": -640129000,
    "ebitdaratio": -1.1766255298,
    "operatingIncome": 57462000,
    "operatingIncomeRatio": 0.1056212985,
    "totalOtherIncomeExpensesNet": -26834000,
    "incomeBeforeTax": 30628000,
    "incomeBeforeTaxRatio": 0.056297538,
    "incomeTaxExpense": 12251000,
    "netIncome": 18377000,
    "netIncomeRatio": 0.0337788904,
    "eps": 0.11,
    "epsdiluted": 0.11,
    "weightedAverageShsOut": 165016000,
    "weightedAverageShsOutDil": 165016000,
    "link": "https://www.sec.gov/Archives/edgar/data/16918/000001691801500005/0000016918-01-500005-index.htm",
    "finalLink": "https://www.sec.gov/Archives/edgar/data/16918/000001691801500005/k10working.txt"
  },
  {
    "date": "2000-11-30",
    "symbol": "STZ",
    "reportedCurrency": "USD",
    "cik": "0000016918",
    "fillingDate": "2001-01-16",
    "acceptedDate": "2001-01-16 00:00:00",
    "calendarYear": "2001",
    "period": "Q3",
    "revenue": 629577000,
    "costOfRevenue": 402349000,
    "grossProfit": 227228000,
    "grossProfitRatio": 0.3609216982,
    "researchAndDevelopmentExpenses": 0,
    "generalAndAdministrativeExpenses": 122815000,
    "sellingAndMarketingExpenses": 0,
    "sellingGeneralAndAdministrativeExpenses": 122815000,
    "otherExpenses": 19175000,
    "operatingExpenses": 141990000,
    "costAndExpenses": 544339000,
    "interestIncome": 0,
    "interestExpense": 26983000,
    "depreciationAndAmortization": 19175000,
    "ebitda": 104413000,
    "ebitdaratio": 0.1658462746,
    "operatingIncome": 85238000,
    "operatingIncomeRatio": 0.135389317,
    "totalOtherIncomeExpensesNet": -26983000,
    "incomeBeforeTax": 58255000,
    "incomeBeforeTaxRatio": 0.0925303815,
    "incomeTaxExpense": 23302000,
    "netIncome": 34953000,
    "netIncomeRatio": 0.0555182289,
    "eps": 0.24,
    "epsdiluted": 0.23,
    "weightedAverageShsOut": 147152000,
    "weightedAverageShsOutDil": 149872000,
    "link": "https://www.sec.gov/Archives/edgar/data/1051701/000001691801000002/0000016918-01-000002-index.html",
    "finalLink": "https://www.sec.gov/Archives/edgar/data/16918/000001691801000002/0000016918-01-000002-0001.txt"
  },
  {
    "date": "2000-08-31",
    "symbol": "STZ",
    "reportedCurrency": "USD",
    "cik": "0000016918",
    "fillingDate": "2000-10-13",
    "acceptedDate": "2000-10-13 00:00:00",
    "calendarYear": "2001",
    "period": "Q2",
    "revenue": 637490000,
    "costOfRevenue": 419007000,
    "grossProfit": 218483000,
    "grossProfitRatio": 0.3427238074,
    "researchAndDevelopmentExpenses": 0,
    "generalAndAdministrativeExpenses": 129935000,
    "sellingAndMarketingExpenses": 0,
    "sellingGeneralAndAdministrativeExpenses": 129935000,
    "otherExpenses": 17844000,
    "operatingExpenses": 147779000,
    "costAndExpenses": 566786000,
    "interestIncome": 0,
    "interestExpense": 27187000,
    "depreciationAndAmortization": 17844000,
    "ebitda": 88548000,
    "ebitdaratio": 0.1389010024,
    "operatingIncome": 70704000,
    "operatingIncomeRatio": 0.1109099751,
    "totalOtherIncomeExpensesNet": -27187000,
    "incomeBeforeTax": 43517000,
    "incomeBeforeTaxRatio": 0.0682630316,
    "incomeTaxExpense": 17407000,
    "netIncome": 26110000,
    "netIncomeRatio": 0.0409575052,
    "eps": 0.18,
    "epsdiluted": 0.18,
    "weightedAverageShsOut": 146400000,
    "weightedAverageShsOutDil": 149312000,
    "link": "https://www.sec.gov/Archives/edgar/data/1051701/000001691800000016/0000016918-00-000016-index.html",
    "finalLink": "https://www.sec.gov/Archives/edgar/data/16918/000001691800000016/0000016918-00-000016-0001.txt"
  },
  {
    "date": "2000-05-31",
    "symbol": "STZ",
    "reportedCurrency": "USD",
    "cik": "0000016918",
    "fillingDate": "2000-07-14",
    "acceptedDate": "2000-07-14 00:00:00",
    "calendarYear": "2001",
    "period": "Q1",
    "revenue": 585580000,
    "costOfRevenue": 383245000,
    "grossProfit": 202335000,
    "grossProfitRatio": 0.3455292189,
    "researchAndDevelopmentExpenses": 0,
    "generalAndAdministrativeExpenses": 126409000,
    "sellingAndMarketingExpenses": 0,
    "sellingGeneralAndAdministrativeExpenses": 126409000,
    "otherExpenses": 18462000,
    "operatingExpenses": 144871000,
    "costAndExpenses": 528116000,
    "interestIncome": 0,
    "interestExpense": 27627000,
    "depreciationAndAmortization": 18462000,
    "ebitda": 75926000,
    "ebitdaratio": 0.1296594829,
    "operatingIncome": 57464000,
    "operatingIncomeRatio": 0.0981317668,
    "totalOtherIncomeExpensesNet": -27627000,
    "incomeBeforeTax": 29837000,
    "incomeBeforeTaxRatio": 0.0509529014,
    "incomeTaxExpense": 11935000,
    "netIncome": 17902000,
    "netIncomeRatio": 0.0305713993,
    "eps": 0.12,
    "epsdiluted": 0.12,
    "weightedAverageShsOut": 145840000,
    "weightedAverageShsOutDil": 148784000,
    "link": "https://www.sec.gov/Archives/edgar/data/1051701/000001691800000012/0000016918-00-000012-index.html",
    "finalLink": "https://www.sec.gov/Archives/edgar/data/16918/000001691800000012/0000016918-00-000012-0001.txt"
  },
  {
    "date": "2000-02-29",
    "symbol": "STZ",
    "reportedCurrency": "USD",
    "cik": "0000016918",
    "fillingDate": "2000-05-30",
    "acceptedDate": "2000-05-30 00:00:00",
    "calendarYear": "2000",
    "period": "Q4",
    "revenue": 527169000,
    "costOfRevenue": 345659000,
    "grossProfit": 181510000,
    "grossProfitRatio": 0.3443108377,
    "researchAndDevelopmentExpenses": 0,
    "generalAndAdministrativeExpenses": 113809000,
    "sellingAndMarketingExpenses": 0,
    "sellingGeneralAndAdministrativeExpenses": 113809000,
    "otherExpenses": 13950000,
    "operatingExpenses": 127759000,
    "costAndExpenses": 473418000,
    "interestIncome": 0,
    "interestExpense": 27792000,
    "depreciationAndAmortization": 13950000,
    "ebitda": 67701000,
    "ebitdaratio": 0.1284237123,
    "operatingIncome": 53751000,
    "operatingIncomeRatio": 0.10196161,
    "totalOtherIncomeExpensesNet": -27792000,
    "incomeBeforeTax": 25959000,
    "incomeBeforeTaxRatio": 0.0492422734,
    "incomeTaxExpense": 10384000,
    "netIncome": 15575000,
    "netIncomeRatio": 0.0295446052,
    "eps": 0.11,
    "epsdiluted": 0.11,
    "weightedAverageShsOut": 145514024,
    "weightedAverageShsOutDil": 145840000,
    "link": "https://www.sec.gov/Archives/edgar/data/16918/000001691800000009/0000016918-00-000009-index.htm",
    "finalLink": "https://www.sec.gov/Archives/edgar/data/16918/000001691800000009/0000016918-00-000009-0001.txt"
  },
  {
    "date": "1999-11-30",
    "symbol": "STZ",
    "reportedCurrency": "USD",
    "cik": "0000016918",
    "fillingDate": "2000-01-14",
    "acceptedDate": "2000-01-14 00:00:00",
    "calendarYear": "2000",
    "period": "Q3",
    "revenue": 661500000,
    "costOfRevenue": 434900000,
    "grossProfit": 226600000,
    "grossProfitRatio": 0.3425547997,
    "researchAndDevelopmentExpenses": 0,
    "generalAndAdministrativeExpenses": 132300000,
    "sellingAndMarketingExpenses": 0,
    "sellingGeneralAndAdministrativeExpenses": 132300000,
    "otherExpenses": 16900000,
    "operatingExpenses": 149200000,
    "costAndExpenses": 584100000,
    "interestIncome": 0,
    "interestExpense": 27600000,
    "depreciationAndAmortization": 16900000,
    "ebitda": 94300000,
    "ebitdaratio": 0.1425547997,
    "operatingIncome": 77400000,
    "operatingIncomeRatio": 0.1170068027,
    "totalOtherIncomeExpensesNet": -27578000,
    "incomeBeforeTax": 49800000,
    "incomeBeforeTaxRatio": 0.0752834467,
    "incomeTaxExpense": 19900000,
    "netIncome": 29900000,
    "netIncomeRatio": 0.0452003023,
    "eps": 0.21,
    "epsdiluted": 0.2,
    "weightedAverageShsOut": 144664000,
    "weightedAverageShsOutDil": 149208000,
    "link": "https://www.sec.gov/Archives/edgar/data/16918/000001691800000003/0000016918-00-000003-index.html",
    "finalLink": "https://www.sec.gov/Archives/edgar/data/16918/000001691800000003/"
  },
  {
    "date": "1999-08-31",
    "symbol": "STZ",
    "reportedCurrency": "USD",
    "cik": "0000016918",
    "fillingDate": "1999-10-15",
    "acceptedDate": "1999-10-15 00:00:00",
    "calendarYear": "2000",
    "period": "Q2",
    "revenue": 621600000,
    "costOfRevenue": 412100000,
    "grossProfit": 209500000,
    "grossProfitRatio": 0.337033462,
    "researchAndDevelopmentExpenses": 0,
    "generalAndAdministrativeExpenses": 125300000,
    "sellingAndMarketingExpenses": 0,
    "sellingGeneralAndAdministrativeExpenses": 125300000,
    "otherExpenses": 20400000,
    "operatingExpenses": 145700000,
    "costAndExpenses": 557800000,
    "interestIncome": 0,
    "interestExpense": 28600000,
    "depreciationAndAmortization": 20400000,
    "ebitda": 84200000,
    "ebitdaratio": 0.1354568855,
    "operatingIncome": 63800000,
    "operatingIncomeRatio": 0.1026383526,
    "totalOtherIncomeExpensesNet": -28600000,
    "incomeBeforeTax": 35200000,
    "incomeBeforeTaxRatio": 0.0566280566,
    "incomeTaxExpense": 14100000,
    "netIncome": 21100000,
    "netIncomeRatio": 0.0339446589,
    "eps": 0.15,
    "epsdiluted": 0.14,
    "weightedAverageShsOut": 144273504,
    "weightedAverageShsOutDil": 148070175,
    "link": "https://www.sec.gov/Archives/edgar/data/16918/000001691899000016/0000016918-99-000016-index.html",
    "finalLink": "https://www.sec.gov/Archives/edgar/data/16918/000001691899000016/"
  },
  {
    "date": "1999-05-31",
    "symbol": "STZ",
    "reportedCurrency": "USD",
    "cik": "0000016918",
    "fillingDate": "1999-07-15",
    "acceptedDate": "1999-07-15 00:00:00",
    "calendarYear": "2000",
    "period": "Q1",
    "revenue": 530200000,
    "costOfRevenue": 360100000,
    "grossProfit": 170100000,
    "grossProfitRatio": 0.3208223312,
    "researchAndDevelopmentExpenses": 0,
    "generalAndAdministrativeExpenses": 110500000,
    "sellingAndMarketingExpenses": 0,
    "sellingGeneralAndAdministrativeExpenses": 110500000,
    "otherExpenses": 13900000,
    "operatingExpenses": 124400000,
    "costAndExpenses": 484500000,
    "interestIncome": 0,
    "interestExpense": 27700000,
    "depreciationAndAmortization": 13900000,
    "ebitda": 59569000,
    "ebitdaratio": 0.1123519427,
    "operatingIncome": 45700000,
    "operatingIncomeRatio": 0.0861938891,
    "totalOtherIncomeExpensesNet": -27669000,
    "incomeBeforeTax": 18000000,
    "incomeBeforeTaxRatio": 0.033949453,
    "incomeTaxExpense": 7200000,
    "netIncome": 10800000,
    "netIncomeRatio": 0.0203696718,
    "eps": 0.075,
    "epsdiluted": 0.0738,
    "weightedAverageShsOut": 143816000,
    "weightedAverageShsOutDil": 147576000,
    "link": "https://www.sec.gov/Archives/edgar/data/16918/000001691899000013/0000016918-99-000013-index.html",
    "finalLink": "https://www.sec.gov/Archives/edgar/data/16918/000001691899000013/"
  },
  {
    "date": "1999-02-28",
    "symbol": "STZ",
    "reportedCurrency": "USD",
    "cik": "0000016918",
    "fillingDate": "1999-06-01",
    "acceptedDate": "1999-06-01 00:00:00",
    "calendarYear": "1999",
    "period": "Q4",
    "revenue": 459400000,
    "costOfRevenue": 307700000,
    "grossProfit": 151700000,
    "grossProfitRatio": 0.3302133217,
    "researchAndDevelopmentExpenses": 0,
    "generalAndAdministrativeExpenses": 96900000,
    "sellingAndMarketingExpenses": 0,
    "sellingGeneralAndAdministrativeExpenses": 96900000,
    "otherExpenses": 13000000,
    "operatingExpenses": 109900000,
    "costAndExpenses": 417600000,
    "interestIncome": 0,
    "interestExpense": 20500000,
    "depreciationAndAmortization": 13000000,
    "ebitda": 54800000,
    "ebitdaratio": 0.1192860253,
    "operatingIncome": 41800000,
    "operatingIncomeRatio": 0.0909882455,
    "totalOtherIncomeExpensesNet": -20500000,
    "incomeBeforeTax": 21300000,
    "incomeBeforeTaxRatio": 0.0463648237,
    "incomeTaxExpense": 8400000,
    "netIncome": 1500000,
    "netIncomeRatio": 0.0032651284,
    "eps": 0.0896,
    "epsdiluted": 0.0896,
    "weightedAverageShsOut": 143488000,
    "weightedAverageShsOutDil": 144000000,
    "link": "https://www.sec.gov/Archives/edgar/data/16918/000001691899000008/0000016918-99-000008-index.html",
    "finalLink": "https://www.sec.gov/Archives/edgar/data/16918/000001691899000008/"
  },
  {
    "date": "1998-11-30",
    "symbol": "STZ",
    "reportedCurrency": "USD",
    "cik": "0000016918",
    "fillingDate": "1998-12-22",
    "acceptedDate": "1998-12-22 00:00:00",
    "calendarYear": "1999",
    "period": "Q3",
    "revenue": 375600000,
    "costOfRevenue": 252000000,
    "grossProfit": 123600000,
    "grossProfitRatio": 0.3290734824,
    "researchAndDevelopmentExpenses": 0,
    "generalAndAdministrativeExpenses": 73800000,
    "sellingAndMarketingExpenses": 0,
    "sellingGeneralAndAdministrativeExpenses": 73800000,
    "otherExpenses": 8800000,
    "operatingExpenses": 82600000,
    "costAndExpenses": 334600000,
    "interestIncome": 0,
    "interestExpense": 7600000,
    "depreciationAndAmortization": 8800000,
    "ebitda": 49800000,
    "ebitdaratio": 0.1325878594,
    "operatingIncome": 41000000,
    "operatingIncomeRatio": 0.1091586794,
    "totalOtherIncomeExpensesNet": -7700000,
    "incomeBeforeTax": 33400000,
    "incomeBeforeTaxRatio": 0.0889243876,
    "incomeTaxExpense": 13700000,
    "netIncome": 19700000,
    "netIncomeRatio": 0.0524494143,
    "eps": 0.14,
    "epsdiluted": 0.14,
    "weightedAverageShsOut": 143136000,
    "weightedAverageShsOutDil": 146600000,
    "link": "https://www.sec.gov/Archives/edgar/data/16918/000001691898000011/0000016918-98-000011-index.html",
    "finalLink": "https://www.sec.gov/Archives/edgar/data/16918/"
  },
  {
    "date": "1998-08-31",
    "symbol": "STZ",
    "reportedCurrency": "USD",
    "cik": "0000016918",
    "fillingDate": "1998-09-29",
    "acceptedDate": "1998-09-29 00:00:00",
    "calendarYear": "1999",
    "period": "Q2",
    "revenue": 349400000,
    "costOfRevenue": 239200000,
    "grossProfit": 110200000,
    "grossProfitRatio": 0.3153978248,
    "researchAndDevelopmentExpenses": 0,
    "generalAndAdministrativeExpenses": 67500000,
    "sellingAndMarketingExpenses": 0,
    "sellingGeneralAndAdministrativeExpenses": 67500000,
    "otherExpenses": 8600000,
    "operatingExpenses": 76100000,
    "costAndExpenses": 315300000,
    "interestIncome": 0,
    "interestExpense": 7300000,
    "depreciationAndAmortization": 8600000,
    "ebitda": 42700000,
    "ebitdaratio": 0.122209502,
    "operatingIncome": 34100000,
    "operatingIncomeRatio": 0.0975958786,
    "totalOtherIncomeExpensesNet": -7400000,
    "incomeBeforeTax": 26800000,
    "incomeBeforeTaxRatio": 0.0767029193,
    "incomeTaxExpense": 11000000,
    "netIncome": 15800000,
    "netIncomeRatio": 0.0452203778,
    "eps": 0.11,
    "epsdiluted": 0.11,
    "weightedAverageShsOut": 148444444,
    "weightedAverageShsOutDil": 151818182,
    "link": "https://www.sec.gov/Archives/edgar/data/16918/000001691898000005/0000016918-98-000005-index.html",
    "finalLink": "https://www.sec.gov/Archives/edgar/data/16918/"
  },
  {
    "date": "1998-05-31",
    "symbol": "STZ",
    "reportedCurrency": "USD",
    "cik": "0000016918",
    "fillingDate": "1998-06-23",
    "acceptedDate": "1998-06-23 00:00:00",
    "calendarYear": "1999",
    "period": "Q1",
    "revenue": 312900000,
    "costOfRevenue": 211400000,
    "grossProfit": 101500000,
    "grossProfitRatio": 0.3243847875,
    "researchAndDevelopmentExpenses": 0,
    "generalAndAdministrativeExpenses": 61300000,
    "sellingAndMarketingExpenses": 0,
    "sellingGeneralAndAdministrativeExpenses": 61300000,
    "otherExpenses": 8600000,
    "operatingExpenses": 69900000,
    "costAndExpenses": 281300000,
    "interestIncome": 0,
    "interestExpense": 8500000,
    "depreciationAndAmortization": 8600000,
    "ebitda": 40200000,
    "ebitdaratio": 0.1284755513,
    "operatingIncome": 31600000,
    "operatingIncomeRatio": 0.1009907319,
    "totalOtherIncomeExpensesNet": -8500000,
    "incomeBeforeTax": 23100000,
    "incomeBeforeTaxRatio": 0.0738255034,
    "incomeTaxExpense": 9500000,
    "netIncome": 13600000,
    "netIncomeRatio": 0.0434643656,
    "eps": 0.0875,
    "epsdiluted": 0.085,
    "weightedAverageShsOut": 149714286,
    "weightedAverageShsOutDil": 154117647,
    "link": "https://www.sec.gov/Archives/edgar/data/16918/000001691898000004/0000016918-98-000004-index.html",
    "finalLink": "https://www.sec.gov/Archives/edgar/data/16918/"
  },
  {
    "date": "1998-02-28",
    "symbol": "STZ",
    "reportedCurrency": "USD",
    "cik": "0000016918",
    "fillingDate": "1998-05-29",
    "acceptedDate": "1998-05-29 00:00:00",
    "calendarYear": "1998",
    "period": "Q4",
    "revenue": 282600000,
    "costOfRevenue": 189900000,
    "grossProfit": 92700000,
    "grossProfitRatio": 0.3280254777,
    "researchAndDevelopmentExpenses": 0,
    "generalAndAdministrativeExpenses": 59900000,
    "sellingAndMarketingExpenses": 0,
    "sellingGeneralAndAdministrativeExpenses": 59900000,
    "otherExpenses": 7400000,
    "operatingExpenses": 67300000,
    "costAndExpenses": 257200000,
    "interestIncome": 0,
    "interestExpense": 8300000,
    "depreciationAndAmortization": 7400000,
    "ebitda": 32800000,
    "ebitdaratio": 0.1160651097,
    "operatingIncome": 25400000,
    "operatingIncomeRatio": 0.0898796886,
    "totalOtherIncomeExpensesNet": -8300000,
    "incomeBeforeTax": 17100000,
    "incomeBeforeTaxRatio": 0.0605095541,
    "incomeTaxExpense": 7000000,
    "netIncome": 10100000,
    "netIncomeRatio": 0.0357395612,
    "eps": 0.0678,
    "epsdiluted": 0.0678,
    "weightedAverageShsOut": 148905869,
    "weightedAverageShsOutDil": 149041096,
    "link": "https://www.sec.gov/Archives/edgar/data/16918/0000016918-98-000001-index.html",
    "finalLink": "https://www.sec.gov/Archives/edgar/data/16918/0000016918-98-000001.txt"
  },
  {
    "date": "1997-11-30",
    "symbol": "STZ",
    "reportedCurrency": "USD",
    "cik": "0000016918",
    "fillingDate": "1997-12-23",
    "acceptedDate": "1997-12-23 00:00:00",
    "calendarYear": "1998",
    "period": "Q3",
    "revenue": 322700000,
    "costOfRevenue": 216100000,
    "grossProfit": 106600000,
    "grossProfitRatio": 0.330337775,
    "researchAndDevelopmentExpenses": 0,
    "generalAndAdministrativeExpenses": 60300000,
    "sellingAndMarketingExpenses": 0,
    "sellingGeneralAndAdministrativeExpenses": 60300000,
    "otherExpenses": 8600000,
    "operatingExpenses": 68900000,
    "costAndExpenses": 285000000,
    "interestIncome": 0,
    "interestExpense": 7900000,
    "depreciationAndAmortization": 8600000,
    "ebitda": 46300000,
    "ebitdaratio": 0.1434769135,
    "operatingIncome": 37700000,
    "operatingIncomeRatio": 0.1168267741,
    "totalOtherIncomeExpensesNet": -7900000,
    "incomeBeforeTax": 29800000,
    "incomeBeforeTaxRatio": 0.092345832,
    "incomeTaxExpense": 12200000,
    "netIncome": 17600000,
    "netIncomeRatio": 0.0545398203,
    "eps": 0.12,
    "epsdiluted": 0.12,
    "weightedAverageShsOut": 149787234,
    "weightedAverageShsOutDil": 153043478,
    "link": "https://www.sec.gov/Archives/edgar/data/16918/000001691897000011/0000016918-97-000011-index.html",
    "finalLink": "https://www.sec.gov/Archives/edgar/data/16918/"
  },
  {
    "date": "1997-08-31",
    "symbol": "STZ",
    "reportedCurrency": "USD",
    "cik": "0000016918",
    "fillingDate": "1997-09-30",
    "acceptedDate": "1997-09-30 00:00:00",
    "calendarYear": "1998",
    "period": "Q2",
    "revenue": 301500000,
    "costOfRevenue": 208200000,
    "grossProfit": 93300000,
    "grossProfitRatio": 0.3094527363,
    "researchAndDevelopmentExpenses": 0,
    "generalAndAdministrativeExpenses": 56300000,
    "sellingAndMarketingExpenses": 0,
    "sellingGeneralAndAdministrativeExpenses": 56300000,
    "otherExpenses": 8600000,
    "operatingExpenses": 64900000,
    "costAndExpenses": 273100000,
    "interestIncome": 0,
    "interestExpense": 7400000,
    "depreciationAndAmortization": 8600000,
    "ebitda": 37000000,
    "ebitdaratio": 0.1227197347,
    "operatingIncome": 28400000,
    "operatingIncomeRatio": 0.0941956882,
    "totalOtherIncomeExpensesNet": -7400000,
    "incomeBeforeTax": 21000000,
    "incomeBeforeTaxRatio": 0.0696517413,
    "incomeTaxExpense": 8600000,
    "netIncome": 12400000,
    "netIncomeRatio": 0.0411276949,
    "eps": 0.0838,
    "epsdiluted": 0.0813,
    "weightedAverageShsOut": 148059701,
    "weightedAverageShsOutDil": 152615385,
    "link": "https://www.sec.gov/Archives/edgar/data/16918/000001691897000010/0000016918-97-000010-index.html",
    "finalLink": "https://www.sec.gov/Archives/edgar/data/16918/"
  },
  {
    "date": "1997-05-31",
    "symbol": "STZ",
    "reportedCurrency": "USD",
    "cik": "0000016918",
    "fillingDate": "1997-07-15",
    "acceptedDate": "1997-07-15 00:00:00",
    "calendarYear": "1998",
    "period": "Q1",
    "revenue": 306000000,
    "costOfRevenue": 216400000,
    "grossProfit": 89600000,
    "grossProfitRatio": 0.2928104575,
    "researchAndDevelopmentExpenses": 0,
    "generalAndAdministrativeExpenses": 55200000,
    "sellingAndMarketingExpenses": 0,
    "sellingGeneralAndAdministrativeExpenses": 55200000,
    "otherExpenses": 8900000,
    "operatingExpenses": 64100000,
    "costAndExpenses": 280500000,
    "interestIncome": 0,
    "interestExpense": 8500000,
    "depreciationAndAmortization": 8900000,
    "ebitda": 34400000,
    "ebitdaratio": 0.1124183007,
    "operatingIncome": 25500000,
    "operatingIncomeRatio": 0.0833333333,
    "totalOtherIncomeExpensesNet": -8500000,
    "incomeBeforeTax": 17000000,
    "incomeBeforeTaxRatio": 0.0555555556,
    "incomeTaxExpense": 7000000,
    "netIncome": 10000000,
    "netIncomeRatio": 0.0326797386,
    "eps": 0.0675,
    "epsdiluted": 0.0663,
    "weightedAverageShsOut": 148148148,
    "weightedAverageShsOutDil": 150943396,
    "link": "https://www.sec.gov/Archives/edgar/data/16918/000001691897000007/0000016918-97-000007-index.html",
    "finalLink": "https://www.sec.gov/Archives/edgar/data/16918/"
  },
  {
    "date": "1997-02-28",
    "symbol": "STZ",
    "reportedCurrency": "USD",
    "cik": "0000016918",
    "fillingDate": "1997-05-29",
    "acceptedDate": "1997-05-29 00:00:00",
    "calendarYear": "1997",
    "period": "Q4",
    "revenue": 261600000,
    "costOfRevenue": 189200000,
    "grossProfit": 72400000,
    "grossProfitRatio": 0.2767584098,
    "researchAndDevelopmentExpenses": 0,
    "generalAndAdministrativeExpenses": 47900000,
    "sellingAndMarketingExpenses": 0,
    "sellingGeneralAndAdministrativeExpenses": 47900000,
    "otherExpenses": 6000000,
    "operatingExpenses": 53900000,
    "costAndExpenses": 243100000,
    "interestIncome": 0,
    "interestExpense": 8600000,
    "depreciationAndAmortization": 6000000,
    "ebitda": 24500000,
    "ebitdaratio": 0.0936544343,
    "operatingIncome": 18500000,
    "operatingIncomeRatio": 0.0707186544,
    "totalOtherIncomeExpensesNet": -8600000,
    "incomeBeforeTax": 9900000,
    "incomeBeforeTaxRatio": 0.0378440367,
    "incomeTaxExpense": 4000000,
    "netIncome": 5900000,
    "netIncomeRatio": 0.0225535168,
    "eps": 0.0398,
    "epsdiluted": 0.0398,
    "weightedAverageShsOut": 147226055,
    "weightedAverageShsOutDil": 148148148,
    "link": "https://www.sec.gov/Archives/edgar/data/16918/000001691897000006/0000016918-97-000006-index.html",
    "finalLink": "https://www.sec.gov/Archives/edgar/data/16918/"
  },
  {
    "date": "1996-11-30",
    "symbol": "STZ",
    "reportedCurrency": "USD",
    "cik": "0000016918",
    "fillingDate": "1997-01-14",
    "acceptedDate": "1997-01-14 00:00:00",
    "calendarYear": "1997",
    "period": "Q3",
    "revenue": 317700000,
    "costOfRevenue": 227400000,
    "grossProfit": 90300000,
    "grossProfitRatio": 0.284230406,
    "researchAndDevelopmentExpenses": 0,
    "generalAndAdministrativeExpenses": 58300000,
    "sellingAndMarketingExpenses": 0,
    "sellingGeneralAndAdministrativeExpenses": 58300000,
    "otherExpenses": 8700000,
    "operatingExpenses": 67000000,
    "costAndExpenses": 294400000,
    "interestIncome": 0,
    "interestExpense": 8600000,
    "depreciationAndAmortization": 8700000,
    "ebitda": 32000000,
    "ebitdaratio": 0.1007239534,
    "operatingIncome": 23300000,
    "operatingIncomeRatio": 0.0733396286,
    "totalOtherIncomeExpensesNet": -8600000,
    "incomeBeforeTax": 14700000,
    "incomeBeforeTaxRatio": 0.0462700661,
    "incomeTaxExpense": 6400000,
    "netIncome": 8300000,
    "netIncomeRatio": 0.0261252754,
    "eps": 0.0538,
    "epsdiluted": 0.0538,
    "weightedAverageShsOut": 154418605,
    "weightedAverageShsOutDil": 154418605,
    "link": "https://www.sec.gov/Archives/edgar/data/16918/000001691897000002/0000016918-97-000002-index.html",
    "finalLink": "https://www.sec.gov/Archives/edgar/data/16918/"
  },
  {
    "date": "1996-08-31",
    "symbol": "STZ",
    "reportedCurrency": "USD",
    "cik": "0000016918",
    "fillingDate": "1996-10-11",
    "acceptedDate": "1996-10-11 00:00:00",
    "calendarYear": "1997",
    "period": "Q2",
    "revenue": 279200000,
    "costOfRevenue": 200700000,
    "grossProfit": 78500000,
    "grossProfitRatio": 0.2811604585,
    "researchAndDevelopmentExpenses": 0,
    "generalAndAdministrativeExpenses": 52900000,
    "sellingAndMarketingExpenses": 0,
    "sellingGeneralAndAdministrativeExpenses": 52900000,
    "otherExpenses": 8700000,
    "operatingExpenses": 61600000,
    "costAndExpenses": 262300000,
    "interestIncome": 0,
    "interestExpense": 8000000,
    "depreciationAndAmortization": 8700000,
    "ebitda": 25600000,
    "ebitdaratio": 0.0916905444,
    "operatingIncome": 16900000,
    "operatingIncomeRatio": 0.060530086,
    "totalOtherIncomeExpensesNet": -8000000,
    "incomeBeforeTax": 8900000,
    "incomeBeforeTaxRatio": 0.0318767908,
    "incomeTaxExpense": 4000000,
    "netIncome": 4900000,
    "netIncomeRatio": 0.0175501433,
    "eps": 0.0313,
    "epsdiluted": 0.0313,
    "weightedAverageShsOut": 156800000,
    "weightedAverageShsOutDil": 156800000,
    "link": "https://www.sec.gov/Archives/edgar/data/16918/000001691896000016/0000016918-96-000016-index.html",
    "finalLink": "https://www.sec.gov/Archives/edgar/data/16918/"
  },
  {
    "date": "1996-05-31",
    "symbol": "STZ",
    "reportedCurrency": "USD",
    "cik": "0000016918",
    "fillingDate": "1996-07-12",
    "acceptedDate": "1996-07-12 00:00:00",
    "calendarYear": "1997",
    "period": "Q1",
    "revenue": 276500000,
    "costOfRevenue": 195000000,
    "grossProfit": 81500000,
    "grossProfitRatio": 0.294755877,
    "researchAndDevelopmentExpenses": 0,
    "generalAndAdministrativeExpenses": 49900000,
    "sellingAndMarketingExpenses": 0,
    "sellingGeneralAndAdministrativeExpenses": 49900000,
    "otherExpenses": 8600000,
    "operatingExpenses": 58500000,
    "costAndExpenses": 253500000,
    "interestIncome": 0,
    "interestExpense": 8800000,
    "depreciationAndAmortization": 8600000,
    "ebitda": 31600000,
    "ebitdaratio": 0.1142857143,
    "operatingIncome": 23000000,
    "operatingIncomeRatio": 0.0831826401,
    "totalOtherIncomeExpensesNet": -8800000,
    "incomeBeforeTax": 14200000,
    "incomeBeforeTaxRatio": 0.0513562387,
    "incomeTaxExpense": 5700000,
    "netIncome": 8500000,
    "netIncomeRatio": 0.0307414105,
    "eps": 0.0538,
    "epsdiluted": 0.0538,
    "weightedAverageShsOut": 158139535,
    "weightedAverageShsOutDil": 158139535,
    "link": "https://www.sec.gov/Archives/edgar/data/16918/000001691896000010/0000016918-96-000010-index.html",
    "finalLink": "https://www.sec.gov/Archives/edgar/data/16918/"
  },
  {
    "date": "1996-02-29",
    "symbol": "STZ",
    "reportedCurrency": "USD",
    "cik": "0000016918",
    "fillingDate": "1996-02-29",
    "acceptedDate": "1996-02-28 19:00:00",
    "calendarYear": "1996",
    "period": "Q4",
    "revenue": 249400000,
    "costOfRevenue": 187900000,
    "grossProfit": 61500000,
    "grossProfitRatio": 0.2465918204,
    "researchAndDevelopmentExpenses": 0,
    "generalAndAdministrativeExpenses": 62300000,
    "sellingAndMarketingExpenses": 600000,
    "sellingGeneralAndAdministrativeExpenses": 62900000,
    "otherExpenses": 0,
    "operatingExpenses": 62900000,
    "costAndExpenses": 250800000,
    "interestIncome": 0,
    "interestExpense": -9300000,
    "depreciationAndAmortization": 4300000,
    "ebitda": -15700000,
    "ebitdaratio": -0.0629510826,
    "operatingIncome": -20000000,
    "operatingIncomeRatio": -0.0801924619,
    "totalOtherIncomeExpensesNet": 9300000,
    "incomeBeforeTax": -10700000,
    "incomeBeforeTaxRatio": -0.0429029671,
    "incomeTaxExpense": -3600000,
    "netIncome": -7100000,
    "netIncomeRatio": -0.028468324,
    "eps": -0.0446,
    "epsdiluted": -0.0446,
    "weightedAverageShsOut": 159300000,
    "weightedAverageShsOutDil": 159300000,
    "link": "",
    "finalLink": ""
  },
  {
    "date": "1995-11-30",
    "symbol": "STZ",
    "reportedCurrency": "USD",
    "cik": "0000016918",
    "fillingDate": "1996-01-16",
    "acceptedDate": "1996-01-16 00:00:00",
    "calendarYear": "1996",
    "period": "Q3",
    "revenue": 285600000,
    "costOfRevenue": 201000000,
    "grossProfit": 84600000,
    "grossProfitRatio": 0.2962184874,
    "researchAndDevelopmentExpenses": 0,
    "generalAndAdministrativeExpenses": 50100000,
    "sellingAndMarketingExpenses": 0,
    "sellingGeneralAndAdministrativeExpenses": 50100000,
    "otherExpenses": 7300000,
    "operatingExpenses": 57400000,
    "costAndExpenses": 258400000,
    "interestIncome": 0,
    "interestExpense": 9900000,
    "depreciationAndAmortization": 7300000,
    "ebitda": 34500000,
    "ebitdaratio": 0.1207983193,
    "operatingIncome": 27200000,
    "operatingIncomeRatio": 0.0952380952,
    "totalOtherIncomeExpensesNet": -9900000,
    "incomeBeforeTax": 17300000,
    "incomeBeforeTaxRatio": 0.0605742297,
    "incomeTaxExpense": 6900000,
    "netIncome": 10400000,
    "netIncomeRatio": 0.0364145658,
    "eps": 0.065,
    "epsdiluted": 0.065,
    "weightedAverageShsOut": 160832000,
    "weightedAverageShsOutDil": 160832000,
    "link": "https://www.sec.gov/Archives/edgar/data/16918/000089183996000007/0000891839-96-000007-index.html",
    "finalLink": "https://www.sec.gov/Archives/edgar/data/16918/"
  },
  {
    "date": "1995-08-31",
    "symbol": "STZ",
    "reportedCurrency": "USD",
    "cik": "0000016918",
    "fillingDate": "1995-11-29",
    "acceptedDate": "1995-11-29 00:00:00",
    "calendarYear": "1996",
    "period": "Q2",
    "revenue": 229200000,
    "costOfRevenue": 163600000,
    "grossProfit": 65600000,
    "grossProfitRatio": 0.2862129145,
    "researchAndDevelopmentExpenses": 0,
    "generalAndAdministrativeExpenses": 40400000,
    "sellingAndMarketingExpenses": 0,
    "sellingGeneralAndAdministrativeExpenses": 40400000,
    "otherExpenses": 3000000,
    "operatingExpenses": 43400000,
    "costAndExpenses": 207000000,
    "interestIncome": 0,
    "interestExpense": 6300000,
    "depreciationAndAmortization": 3000000,
    "ebitda": 25200000,
    "ebitdaratio": 0.109947644,
    "operatingIncome": 22200000,
    "operatingIncomeRatio": 0.0968586387,
    "totalOtherIncomeExpensesNet": -5900000,
    "incomeBeforeTax": 16300000,
    "incomeBeforeTaxRatio": 0.0711169284,
    "incomeTaxExpense": 6300000,
    "netIncome": 10000000,
    "netIncomeRatio": 0.0436300175,
    "eps": 0.0622,
    "epsdiluted": 0.0622,
    "weightedAverageShsOut": 159075383,
    "weightedAverageShsOutDil": 160832000,
    "link": "https://www.sec.gov/Archives/edgar/data/16918/0000891839-95-000038-index.html",
    "finalLink": "https://www.sec.gov/Archives/edgar/data/16918/0000891839-95-000038.txt"
  }
]