[
  {
    "date": "2025-02-28",
    "symbol": "STZ",
    "reportedCurrency": "USD",
    "cik": "0000016918",
    "fillingDate": "2025-04-23",
    "acceptedDate": "2025-04-23 13:26:00",
    "calendarYear": "2025",
    "period": "FY",
    "revenue": 10207900000,
    "costOfRevenue": 5006200000,
    "grossProfit": 5201700000,
    "grossProfitRatio": 0.5095759167,
    "researchAndDevelopmentExpenses": 0,
    "generalAndAdministrativeExpenses": 0,
    "sellingAndMarketingExpenses": 0,
    "sellingGeneralAndAdministrativeExpenses": 1582700000,
    "otherExpenses": 0,
    "operatingExpenses": 1582700000,
    "costAndExpenses": 6588900000,
    "interestIncome": 7000000,
    "interestExpense": 418400000,
    "depreciationAndAmortization": 447000000,
    "ebitda": 782600000,
    "ebitdaratio": 0.0766661115,
    "operatingIncome": 3619000000,
    "operatingIncomeRatio": 0.3545293351,
    "totalOtherIncomeExpensesNet": -3701800000,
    "incomeBeforeTax": -82800000,
    "incomeBeforeTaxRatio": -0.0081113647,
    "incomeTaxExpense": -51700000,
    "netIncome": -81400000,
    "netIncomeRatio": -0.007974216,
    "eps": -0.45,
    "epsdiluted": -0.45,
    "weightedAverageShsOut": 181476000,
    "weightedAverageShsOutDil": 181476000,
    "link": "https://www.sec.gov/Archives/edgar/data/16918/000001691825000022/0000016918-25-000022-index.htm",
    "finalLink": "https://www.sec.gov/Archives/edgar/data/16918/000001691825000022/stz-20250228.htm"
  },
  {
    "date": "2024-02-29",
    "symbol": "STZ",
    "reportedCurrency": "USD",
    "cik": "0000016918",
    "fillingDate": "2024-04-23",
    "acceptedDate": "2024-04-23 12:45:24",
    "calendarYear": "2024",
    "period": "FY",
    "revenue": 9961900000,
    "costOfRevenue": 5052400000,
    "grossProfit": 4909500000,
    "grossProfitRatio": 0.4928276734,
    "researchAndDevelopmentExpenses": 0,
    "generalAndAdministrativeExpenses": 0,
    "sellingAndMarketingExpenses": 0,
    "sellingGeneralAndAdministrativeExpenses": 1775500000,
    "otherExpenses": 0,
    "operatingExpenses": 1775500000,
    "costAndExpenses": 6827900000,
    "interestIncome": 0,
    "interestExpense": 433800000,
    "depreciationAndAmortization": 429200000,
    "ebitda": 3084800000,
    "ebitdaratio": 0.3096598039,
    "operatingIncome": 3134000000,
    "operatingIncomeRatio": 0.3145986207,
    "totalOtherIncomeExpensesNet": -912200000,
    "incomeBeforeTax": 2221800000,
    "incomeBeforeTaxRatio": 0.2230297433,
    "incomeTaxExpense": 456600000,
    "netIncome": 1727400000,
    "netIncomeRatio": 0.1734006565,
    "eps": 9.42,
    "epsdiluted": 9.39,
    "weightedAverageShsOut": 183307000,
    "weightedAverageShsOutDil": 183959000,
    "link": "https://www.sec.gov/Archives/edgar/data/16918/000001691824000054/0000016918-24-000054-index.htm",
    "finalLink": "https://www.sec.gov/Archives/edgar/data/16918/000001691824000054/stz-20240229.htm"
  },
  {
    "date": "2023-02-28",
    "symbol": "STZ",
    "reportedCurrency": "USD",
    "cik": "0000016918",
    "fillingDate": "2023-04-20",
    "acceptedDate": "2023-04-20 11:49:03",
    "calendarYear": "2023",
    "period": "FY",
    "revenue": 9453900000,
    "costOfRevenue": 4641500000,
    "grossProfit": 4812400000,
    "grossProfitRatio": 0.5090385978,
    "researchAndDevelopmentExpenses": 0,
    "generalAndAdministrativeExpenses": 0,
    "sellingAndMarketingExpenses": 0,
    "sellingGeneralAndAdministrativeExpenses": 1823000000,
    "otherExpenses": 0,
    "operatingExpenses": 1823000000,
    "costAndExpenses": 6464500000,
    "interestIncome": 0,
    "interestExpense": 397800000,
    "depreciationAndAmortization": 387000000,
    "ebitda": 1168400000,
    "ebitdaratio": 0.1235892066,
    "operatingIncome": 2989400000,
    "operatingIncomeRatio": 0.3162081257,
    "totalOtherIncomeExpensesNet": -2605800000,
    "incomeBeforeTax": 383600000,
    "incomeBeforeTaxRatio": 0.040575847,
    "incomeTaxExpense": 422100000,
    "netIncome": -71000000,
    "netIncomeRatio": -0.0075101281,
    "eps": -0.3688,
    "epsdiluted": -0.3688,
    "weightedAverageShsOut": 192543000,
    "weightedAverageShsOutDil": 192543000,
    "link": "https://www.sec.gov/Archives/edgar/data/16918/000001691823000045/0000016918-23-000045-index.htm",
    "finalLink": "https://www.sec.gov/Archives/edgar/data/16918/000001691823000045/stz-20230228.htm"
  },
  {
    "date": "2022-02-28",
    "symbol": "STZ",
    "reportedCurrency": "USD",
    "cik": "0000016918",
    "fillingDate": "2022-04-21",
    "acceptedDate": "2022-04-21 10:57:18",
    "calendarYear": "2022",
    "period": "FY",
    "revenue": 8821800000,
    "costOfRevenue": 4222100000,
    "grossProfit": 4599700000,
    "grossProfitRatio": 0.521401528,
    "researchAndDevelopmentExpenses": 0,
    "generalAndAdministrativeExpenses": 0,
    "sellingAndMarketingExpenses": 0,
    "sellingGeneralAndAdministrativeExpenses": 1695500000,
    "otherExpenses": 0,
    "operatingExpenses": 1695500000,
    "costAndExpenses": 5917600000,
    "interestIncome": 0,
    "interestExpense": 352200000,
    "depreciationAndAmortization": 342400000,
    "ebitda": 1005000000,
    "ebitdaratio": 0.1139223288,
    "operatingIncome": 2904200000,
    "operatingIncomeRatio": 0.3292071913,
    "totalOtherIncomeExpensesNet": -2593800000,
    "incomeBeforeTax": 310400000,
    "incomeBeforeTaxRatio": 0.035185563,
    "incomeTaxExpense": 309400000,
    "netIncome": -40400000,
    "netIncomeRatio": -0.0045795643,
    "eps": -0.2122,
    "epsdiluted": -0.2122,
    "weightedAverageShsOut": 190357311,
    "weightedAverageShsOutDil": 190357311,
    "link": "https://www.sec.gov/Archives/edgar/data/16918/000001691822000069/0000016918-22-000069-index.htm",
    "finalLink": "https://www.sec.gov/Archives/edgar/data/16918/000001691822000069/stz-20220228.htm"
  },
  {
    "date": "2021-02-28",
    "symbol": "STZ",
    "reportedCurrency": "USD",
    "cik": "0000016918",
    "fillingDate": "2021-04-20",
    "acceptedDate": "2021-04-20 11:51:54",
    "calendarYear": "2021",
    "period": "FY",
    "revenue": 8613500000,
    "costOfRevenue": 4142700000,
    "grossProfit": 4470800000,
    "grossProfitRatio": 0.5190456841,
    "researchAndDevelopmentExpenses": 0,
    "generalAndAdministrativeExpenses": 0,
    "sellingAndMarketingExpenses": 0,
    "sellingGeneralAndAdministrativeExpenses": 1612100000,
    "otherExpenses": 0,
    "operatingExpenses": 1612100000,
    "costAndExpenses": 5754800000,
    "interestIncome": 0,
    "interestExpense": 382800000,
    "depreciationAndAmortization": 299100000,
    "ebitda": 3224800000,
    "ebitdaratio": 0.3743890405,
    "operatingIncome": 2858700000,
    "operatingIncomeRatio": 0.3318859929,
    "totalOtherIncomeExpensesNet": -315800000,
    "incomeBeforeTax": 2542900000,
    "incomeBeforeTaxRatio": 0.2952226157,
    "incomeTaxExpense": 511100000,
    "netIncome": 1998000000,
    "netIncomeRatio": 0.2319614559,
    "eps": 10.42,
    "epsdiluted": 9.22,
    "weightedAverageShsOut": 191742642,
    "weightedAverageShsOutDil": 216811642,
    "link": "https://www.sec.gov/Archives/edgar/data/16918/000001691821000060/0000016918-21-000060-index.htm",
    "finalLink": "https://www.sec.gov/Archives/edgar/data/16918/000001691821000060/stz-20210228.htm"
  },
  {
    "date": "2020-02-29",
    "symbol": "STZ",
    "reportedCurrency": "USD",
    "cik": "0000016918",
    "fillingDate": "2020-04-21",
    "acceptedDate": "2020-04-21 10:23:53",
    "calendarYear": "2020",
    "period": "FY",
    "revenue": 8343500000,
    "costOfRevenue": 4020800000,
    "grossProfit": 4322700000,
    "grossProfitRatio": 0.5180919278,
    "researchAndDevelopmentExpenses": 0,
    "generalAndAdministrativeExpenses": 0,
    "sellingAndMarketingExpenses": 0,
    "sellingGeneralAndAdministrativeExpenses": 1553100000,
    "otherExpenses": 0,
    "operatingExpenses": 1553100000,
    "costAndExpenses": 5573900000,
    "interestIncome": 0,
    "interestExpense": 428700000,
    "depreciationAndAmortization": 343200000,
    "ebitda": -173299999,
    "ebitdaratio": -0.0207706597,
    "operatingIncome": 2769600000,
    "operatingIncomeRatio": 0.3319470246,
    "totalOtherIncomeExpensesNet": -3714800000,
    "incomeBeforeTax": -945200000,
    "incomeBeforeTaxRatio": -0.1132857913,
    "incomeTaxExpense": -966600000,
    "netIncome": -11800000,
    "netIncomeRatio": -0.0014142746,
    "eps": 0.11,
    "epsdiluted": 0.11,
    "weightedAverageShsOut": 189310700,
    "weightedAverageShsOutDil": 189310700,
    "link": "https://www.sec.gov/Archives/edgar/data/16918/000001691820000078/0000016918-20-000078-index.htm",
    "finalLink": "https://www.sec.gov/Archives/edgar/data/16918/000001691820000078/stz229202010k.htm"
  },
  {
    "date": "2019-02-28",
    "symbol": "STZ",
    "reportedCurrency": "USD",
    "cik": "0000016918",
    "fillingDate": "2019-04-23",
    "acceptedDate": "2019-04-23 14:51:36",
    "calendarYear": "2019",
    "period": "FY",
    "revenue": 8115600000,
    "costOfRevenue": 4013200000,
    "grossProfit": 4102399999,
    "grossProfitRatio": 0.5054955886,
    "researchAndDevelopmentExpenses": 0,
    "generalAndAdministrativeExpenses": 0,
    "sellingAndMarketingExpenses": 0,
    "sellingGeneralAndAdministrativeExpenses": 1449500000,
    "otherExpenses": 0,
    "operatingExpenses": 1449500000,
    "costAndExpenses": 5462700000,
    "interestIncome": 12000000,
    "interestExpense": 414100000,
    "depreciationAndAmortization": 447100000,
    "ebitda": 5006200000,
    "ebitdaratio": 0.6168613534,
    "operatingIncome": 2652900000,
    "operatingIncomeRatio": 0.3268889546,
    "totalOtherIncomeExpensesNet": 1492100000,
    "incomeBeforeTax": 4145000000,
    "incomeBeforeTaxRatio": 0.5107447385,
    "incomeTaxExpense": 685900000,
    "netIncome": 3435900000,
    "netIncomeRatio": 0.4233698063,
    "eps": 18.03,
    "epsdiluted": 17.57,
    "weightedAverageShsOut": 190570000,
    "weightedAverageShsOutDil": 195532000,
    "link": "https://www.sec.gov/Archives/edgar/data/16918/000001691819000024/0000016918-19-000024-index.htm",
    "finalLink": "https://www.sec.gov/Archives/edgar/data/16918/000001691819000024/stz228201910k.htm"
  },
  {
    "date": "2018-02-28",
    "symbol": "STZ",
    "reportedCurrency": "USD",
    "cik": "0000016918",
    "fillingDate": "2018-04-23",
    "acceptedDate": "2018-04-23 15:43:32",
    "calendarYear": "2018",
    "period": "FY",
    "revenue": 7581700000,
    "costOfRevenue": 3760100000,
    "grossProfit": 3821600000,
    "grossProfitRatio": 0.5040558186,
    "researchAndDevelopmentExpenses": 0,
    "generalAndAdministrativeExpenses": 0,
    "sellingAndMarketingExpenses": 0,
    "sellingGeneralAndAdministrativeExpenses": 1378100000,
    "otherExpenses": 0,
    "operatingExpenses": 1378100000,
    "costAndExpenses": 5138200000,
    "interestIncome": 2300000,
    "interestExpense": 336500000,
    "depreciationAndAmortization": 386500000,
    "ebitda": 3061000000,
    "ebitdaratio": 0.40373531,
    "operatingIncome": 2443500000,
    "operatingIncomeRatio": 0.3222891964,
    "totalOtherIncomeExpensesNet": -105500000,
    "incomeBeforeTax": 2342700000,
    "incomeBeforeTaxRatio": 0.3089940251,
    "incomeTaxExpense": 11900000,
    "netIncome": 2303400000,
    "netIncomeRatio": 0.3038104911,
    "eps": 11.55,
    "epsdiluted": 11.55,
    "weightedAverageShsOut": 194793000,
    "weightedAverageShsOutDil": 200745000,
    "link": "https://www.sec.gov/Archives/edgar/data/16918/000001691818000033/0000016918-18-000033-index.htm",
    "finalLink": "https://www.sec.gov/Archives/edgar/data/16918/000001691818000033/stz228201810k.htm"
  },
  {
    "date": "2017-02-28",
    "symbol": "STZ",
    "reportedCurrency": "USD",
    "cik": "0000016918",
    "fillingDate": "2017-04-27",
    "acceptedDate": "2017-04-27 10:48:48",
    "calendarYear": "2017",
    "period": "FY",
    "revenue": 7330400000,
    "costOfRevenue": 3791200000,
    "grossProfit": 3539200000,
    "grossProfitRatio": 0.4828113063,
    "researchAndDevelopmentExpenses": 0,
    "generalAndAdministrativeExpenses": 0,
    "sellingAndMarketingExpenses": 0,
    "sellingGeneralAndAdministrativeExpenses": 1290600000,
    "otherExpenses": 0,
    "operatingExpenses": 1290600000,
    "costAndExpenses": 5081800000,
    "interestIncome": 1800000,
    "interestExpense": 331100000,
    "depreciationAndAmortization": 293900000,
    "ebitda": 2718400000,
    "ebitdaratio": 0.3708392448,
    "operatingIncome": 2248600000,
    "operatingIncomeRatio": 0.3067499727,
    "totalOtherIncomeExpensesNet": -155200000,
    "incomeBeforeTax": 2093400000,
    "incomeBeforeTaxRatio": 0.2855778675,
    "incomeTaxExpense": 554200000,
    "netIncome": 1535100000,
    "netIncomeRatio": 0.2094155844,
    "eps": 7.79,
    "epsdiluted": 7.52,
    "weightedAverageShsOut": 199287000,
    "weightedAverageShsOutDil": 204099000,
    "link": "https://www.sec.gov/Archives/edgar/data/16918/000001691817000029/0000016918-17-000029-index.htm",
    "finalLink": "https://www.sec.gov/Archives/edgar/data/16918/000001691817000029/stz_228201710k.htm"
  },
  {
    "date": "2016-02-29",
    "symbol": "STZ",
    "reportedCurrency": "USD",
    "cik": "0000016918",
    "fillingDate": "2016-04-25",
    "acceptedDate": "2016-04-25 13:27:38",
    "calendarYear": "2016",
    "period": "FY",
    "revenue": 6546300000,
    "costOfRevenue": 3517400000,
    "grossProfit": 3028900000,
    "grossProfitRatio": 0.4626888471,
    "researchAndDevelopmentExpenses": 0,
    "generalAndAdministrativeExpenses": 0,
    "sellingAndMarketingExpenses": 0,
    "sellingGeneralAndAdministrativeExpenses": 1124300000,
    "otherExpenses": 0,
    "operatingExpenses": 1124300000,
    "costAndExpenses": 4641700000,
    "interestIncome": 800000,
    "interestExpense": 306500000,
    "depreciationAndAmortization": 221000000,
    "ebitda": 2028700000,
    "ebitdaratio": 0.309900249,
    "operatingIncome": 1904600000,
    "operatingIncomeRatio": 0.2909429754,
    "totalOtherIncomeExpensesNet": -403400000,
    "incomeBeforeTax": 1501200000,
    "incomeBeforeTaxRatio": 0.2293203795,
    "incomeTaxExpense": 440600000,
    "netIncome": 1054900000,
    "netIncomeRatio": 0.1611444633,
    "eps": 5.42,
    "epsdiluted": 5.18,
    "weightedAverageShsOut": 196746000,
    "weightedAverageShsOutDil": 203821000,
    "link": "https://www.sec.gov/Archives/edgar/data/16918/000001691816000075/0000016918-16-000075-index.htm",
    "finalLink": "https://www.sec.gov/Archives/edgar/data/16918/000001691816000075/stz229201610k.htm"
  },
  {
    "date": "2015-02-28",
    "symbol": "STZ",
    "reportedCurrency": "USD",
    "cik": "0000016918",
    "fillingDate": "2015-04-28",
    "acceptedDate": "2015-04-28 14:17:43",
    "calendarYear": "2015",
    "period": "FY",
    "revenue": 6026200000,
    "costOfRevenue": 3396900000,
    "grossProfit": 2629300000,
    "grossProfitRatio": 0.43631144,
    "researchAndDevelopmentExpenses": 0,
    "generalAndAdministrativeExpenses": 0,
    "sellingAndMarketingExpenses": 0,
    "sellingGeneralAndAdministrativeExpenses": 1052599999,
    "otherExpenses": 0,
    "operatingExpenses": 1052599999,
    "costAndExpenses": 4449500000,
    "interestIncome": 1400000,
    "interestExpense": 330700000,
    "depreciationAndAmortization": 202000000,
    "ebitda": 1712300000,
    "ebitdaratio": 0.2841425774,
    "operatingIncome": 1576700000,
    "operatingIncomeRatio": 0.261640835,
    "totalOtherIncomeExpensesNet": -397100000,
    "incomeBeforeTax": 1179600000,
    "incomeBeforeTaxRatio": 0.1957452458,
    "incomeTaxExpense": 343400000,
    "netIncome": 839300000,
    "netIncomeRatio": 0.1392751651,
    "eps": 4.4,
    "epsdiluted": 4.17,
    "weightedAverageShsOut": 192722000,
    "weightedAverageShsOutDil": 201224000,
    "link": "https://www.sec.gov/Archives/edgar/data/16918/000001691815000016/0000016918-15-000016-index.htm",
    "finalLink": "https://www.sec.gov/Archives/edgar/data/16918/000001691815000016/stz228201510k.htm"
  },
  {
    "date": "2014-02-28",
    "symbol": "STZ",
    "reportedCurrency": "USD",
    "cik": "0000016918",
    "fillingDate": "2014-04-29",
    "acceptedDate": "2014-04-29 11:20:49",
    "calendarYear": "2014",
    "period": "FY",
    "revenue": 4864200000,
    "costOfRevenue": 2860800000,
    "grossProfit": 2003400000,
    "grossProfitRatio": 0.4118662884,
    "researchAndDevelopmentExpenses": 0,
    "generalAndAdministrativeExpenses": 0,
    "sellingAndMarketingExpenses": 0,
    "sellingGeneralAndAdministrativeExpenses": 842200000,
    "otherExpenses": 0,
    "operatingExpenses": 842200000,
    "costAndExpenses": 3703000000,
    "interestIncome": 7700000,
    "interestExpense": 338900000,
    "depreciationAndAmortization": 155300000,
    "ebitda": 2696500000,
    "ebitdaratio": 0.5543563176,
    "operatingIncome": 1161200000,
    "operatingIncomeRatio": 0.2387237367,
    "totalOtherIncomeExpensesNet": 1041100000,
    "incomeBeforeTax": 2202300000,
    "incomeBeforeTaxRatio": 0.4527568768,
    "incomeTaxExpense": 259200000,
    "netIncome": 1943100000,
    "netIncomeRatio": 0.3994695942,
    "eps": 10.45,
    "epsdiluted": 9.83,
    "weightedAverageShsOut": 188154000,
    "weightedAverageShsOutDil": 197570000,
    "link": "https://www.sec.gov/Archives/edgar/data/16918/000001691814000011/0000016918-14-000011-index.htm",
    "finalLink": "https://www.sec.gov/Archives/edgar/data/16918/000001691814000011/stz228201410k.htm"
  },
  {
    "date": "2013-02-28",
    "symbol": "STZ",
    "reportedCurrency": "USD",
    "cik": "0000016918",
    "fillingDate": "2013-04-29",
    "acceptedDate": "2013-04-29 10:37:44",
    "calendarYear": "2013",
    "period": "FY",
    "revenue": 2793700000,
    "costOfRevenue": 1682500000,
    "grossProfit": 1111200000,
    "grossProfitRatio": 0.397752085,
    "researchAndDevelopmentExpenses": 0,
    "generalAndAdministrativeExpenses": 0,
    "sellingAndMarketingExpenses": 0,
    "sellingGeneralAndAdministrativeExpenses": 555600000,
    "otherExpenses": 0,
    "operatingExpenses": 555600000,
    "costAndExpenses": 2238100000,
    "interestIncome": 6800000,
    "interestExpense": 225400000,
    "depreciationAndAmortization": 115400000,
    "ebitda": 857200000,
    "ebitdaratio": 0.3068332319,
    "operatingIncome": 555600000,
    "operatingIncomeRatio": 0.1988760425,
    "totalOtherIncomeExpensesNet": -39200000,
    "incomeBeforeTax": 516400000,
    "incomeBeforeTaxRatio": 0.1848444715,
    "incomeTaxExpense": 128600000,
    "netIncome": 387800000,
    "netIncomeRatio": 0.1388123277,
    "eps": 2.15,
    "epsdiluted": 2.04,
    "weightedAverageShsOut": 182190000,
    "weightedAverageShsOutDil": 190307000,
    "link": "https://www.sec.gov/Archives/edgar/data/16918/000001691813000008/0000016918-13-000008-index.htm",
    "finalLink": "https://www.sec.gov/Archives/edgar/data/16918/000001691813000008/stz228201310k.htm"
  },
  {
    "date": "2012-02-29",
    "symbol": "STZ",
    "reportedCurrency": "USD",
    "cik": "0000016918",
    "fillingDate": "2012-04-30",
    "acceptedDate": "2012-04-30 14:27:40",
    "calendarYear": "2012",
    "period": "FY",
    "revenue": 2647900000,
    "costOfRevenue": 1591900000,
    "grossProfit": 1056000000,
    "grossProfitRatio": 0.3988066015,
    "researchAndDevelopmentExpenses": 0,
    "generalAndAdministrativeExpenses": 0,
    "sellingAndMarketingExpenses": 0,
    "sellingGeneralAndAdministrativeExpenses": 524200000,
    "otherExpenses": 0,
    "operatingExpenses": 524200000,
    "costAndExpenses": 2116100000,
    "interestIncome": 6600000,
    "interestExpense": 189300000,
    "depreciationAndAmortization": 110300000,
    "ebitda": 833600000,
    "ebitdaratio": 0.3148155142,
    "operatingIncome": 531799999,
    "operatingIncomeRatio": 0.2008383999,
    "totalOtherIncomeExpensesNet": 2200000,
    "incomeBeforeTax": 534000000,
    "incomeBeforeTaxRatio": 0.2016692473,
    "incomeTaxExpense": 89000000,
    "netIncome": 445000000,
    "netIncomeRatio": 0.1680577061,
    "eps": 2.2,
    "epsdiluted": 2.13,
    "weightedAverageShsOut": 204314000,
    "weightedAverageShsOutDil": 208655000,
    "link": "https://www.sec.gov/Archives/edgar/data/16918/000119312512195350/0001193125-12-195350-index.htm",
    "finalLink": "https://www.sec.gov/Archives/edgar/data/16918/000119312512195350/d285276d10k.htm"
  },
  {
    "date": "2011-02-28",
    "symbol": "STZ",
    "reportedCurrency": "USD",
    "cik": "0000016918",
    "fillingDate": "2011-04-29",
    "acceptedDate": "2011-04-29 15:07:59",
    "calendarYear": "2011",
    "period": "FY",
    "revenue": 3318400000,
    "costOfRevenue": 2146699999,
    "grossProfit": 1171700000,
    "grossProfitRatio": 0.3530918515,
    "researchAndDevelopmentExpenses": 0,
    "generalAndAdministrativeExpenses": 0,
    "sellingAndMarketingExpenses": 0,
    "sellingGeneralAndAdministrativeExpenses": 665400000,
    "otherExpenses": 0,
    "operatingExpenses": 665400000,
    "costAndExpenses": 2812100000,
    "interestIncome": 3500000,
    "interestExpense": 198800000,
    "depreciationAndAmortization": 133800000,
    "ebitda": 883600000,
    "ebitdaratio": 0.2662729026,
    "operatingIncome": 506300000,
    "operatingIncomeRatio": 0.1525735294,
    "totalOtherIncomeExpensesNet": 44700000,
    "incomeBeforeTax": 551000000,
    "incomeBeforeTaxRatio": 0.1660438766,
    "incomeTaxExpense": -8500000,
    "netIncome": 559500000,
    "netIncomeRatio": 0.168605352,
    "eps": 2.68,
    "epsdiluted": 2.62,
    "weightedAverageShsOut": 210910000,
    "weightedAverageShsOutDil": 213765000,
    "link": "https://www.sec.gov/Archives/edgar/data/16918/000095012311041878/0000950123-11-041878-index.htm",
    "finalLink": "https://www.sec.gov/Archives/edgar/data/16918/000095012311041878/l41071e10vk.htm"
  },
  {
    "date": "2010-02-28",
    "symbol": "STZ",
    "reportedCurrency": "USD",
    "cik": "0000016918",
    "fillingDate": "2010-04-29",
    "acceptedDate": "2010-04-29 16:24:11",
    "calendarYear": "2010",
    "period": "FY",
    "revenue": 3346200000,
    "costOfRevenue": 2184600000,
    "grossProfit": 1161600000,
    "grossProfitRatio": 0.3471400394,
    "researchAndDevelopmentExpenses": 0,
    "generalAndAdministrativeExpenses": 0,
    "sellingAndMarketingExpenses": 0,
    "sellingGeneralAndAdministrativeExpenses": 652600000,
    "otherExpenses": 0,
    "operatingExpenses": 652600000,
    "costAndExpenses": 2837200000,
    "interestIncome": 10400000,
    "interestExpense": 247400000,
    "depreciationAndAmortization": 155900000,
    "ebitda": 662600000,
    "ebitdaratio": 0.1980156596,
    "operatingIncome": 509000000,
    "operatingIncomeRatio": 0.1521128444,
    "totalOtherIncomeExpensesNet": -249700000,
    "incomeBeforeTax": 259300000,
    "incomeBeforeTaxRatio": 0.0774908852,
    "incomeTaxExpense": 160000000,
    "netIncome": 99300000,
    "netIncomeRatio": 0.0296754528,
    "eps": 0.45,
    "epsdiluted": 0.41,
    "weightedAverageShsOut": 219831000,
    "weightedAverageShsOutDil": 244946000,
    "link": "https://www.sec.gov/Archives/edgar/data/16918/000095012310040629/0000950123-10-040629-index.htm",
    "finalLink": "https://www.sec.gov/Archives/edgar/data/16918/000095012310040629/l39498e10vk.htm"
  },
  {
    "date": "2009-02-28",
    "symbol": "STZ",
    "reportedCurrency": "USD",
    "cik": "0000016918",
    "fillingDate": "2009-04-29",
    "acceptedDate": "2009-04-29 15:36:27",
    "calendarYear": "2009",
    "period": "FY",
    "revenue": 3655700000,
    "costOfRevenue": 2361400000,
    "grossProfit": 1294300000,
    "grossProfitRatio": 0.35404984,
    "researchAndDevelopmentExpenses": 0,
    "generalAndAdministrativeExpenses": 0,
    "sellingAndMarketingExpenses": 0,
    "sellingGeneralAndAdministrativeExpenses": 749500000,
    "otherExpenses": 0,
    "operatingExpenses": 749500000,
    "costAndExpenses": 3110900000,
    "interestIncome": 3800000,
    "interestExpense": 324200000,
    "depreciationAndAmortization": 157000000,
    "ebitda": 374400000,
    "ebitdaratio": 0.1024154061,
    "operatingIncome": 544800000,
    "operatingIncomeRatio": 0.149027546,
    "totalOtherIncomeExpensesNet": -651600000,
    "incomeBeforeTax": -106800000,
    "incomeBeforeTaxRatio": -0.0292146511,
    "incomeTaxExpense": 194600000,
    "netIncome": -301400000,
    "netIncomeRatio": -0.0824465903,
    "eps": -1.38,
    "epsdiluted": -1.38,
    "weightedAverageShsOut": 217659000,
    "weightedAverageShsOutDil": 217659000,
    "link": "https://www.sec.gov/Archives/edgar/data/16918/000095015209004335/0000950152-09-004335-index.htm",
    "finalLink": "https://www.sec.gov/Archives/edgar/data/16918/000095015209004335/l36231ae10vk.htm"
  },
  {
    "date": "2008-02-29",
    "symbol": "STZ",
    "reportedCurrency": "USD",
    "cik": "0000016918",
    "fillingDate": "2008-04-29",
    "acceptedDate": "2008-04-29 14:26:50",
    "calendarYear": "2008",
    "period": "FY",
    "revenue": 3773000000,
    "costOfRevenue": 2475800000,
    "grossProfit": 1297200000,
    "grossProfitRatio": 0.3438112908,
    "researchAndDevelopmentExpenses": 0,
    "generalAndAdministrativeExpenses": 0,
    "sellingAndMarketingExpenses": 0,
    "sellingGeneralAndAdministrativeExpenses": 770900000,
    "otherExpenses": 0,
    "operatingExpenses": 770900000,
    "costAndExpenses": 3246700000,
    "interestIncome": 5700000,
    "interestExpense": 340400000,
    "depreciationAndAmortization": 165900000,
    "ebitda": 65699999,
    "ebitdaratio": 0.0174131988,
    "operatingIncome": 526299999,
    "operatingIncomeRatio": 0.1394911209,
    "totalOtherIncomeExpensesNet": -966900000,
    "incomeBeforeTax": -440600000,
    "incomeBeforeTaxRatio": -0.1167771005,
    "incomeTaxExpense": 172700000,
    "netIncome": -613300000,
    "netIncomeRatio": -0.1625496952,
    "eps": -2.8,
    "epsdiluted": -2.8,
    "weightedAverageShsOut": 218947000,
    "weightedAverageShsOutDil": 218947000,
    "link": "https://www.sec.gov/Archives/edgar/data/16918/000095015208003169/0000950152-08-003169-index.htm",
    "finalLink": "https://www.sec.gov/Archives/edgar/data/16918/000095015208003169/l30627ae10vk.htm"
  },
  {
    "date": "2007-02-28",
    "symbol": "STZ",
    "reportedCurrency": "USD",
    "cik": "0000016918",
    "fillingDate": "2007-04-30",
    "acceptedDate": "2007-04-30 16:33:41",
    "calendarYear": "2007",
    "period": "FY",
    "revenue": 5216400000,
    "costOfRevenue": 3697300000,
    "grossProfit": 1519100000,
    "grossProfitRatio": 0.2912161644,
    "researchAndDevelopmentExpenses": 0,
    "generalAndAdministrativeExpenses": 0,
    "sellingAndMarketingExpenses": 0,
    "sellingGeneralAndAdministrativeExpenses": 739300000,
    "otherExpenses": 0,
    "operatingExpenses": 739300000,
    "costAndExpenses": 4436600000,
    "interestIncome": 5400000,
    "interestExpense": 280000000,
    "depreciationAndAmortization": 139300000,
    "ebitda": 954600000,
    "ebitdaratio": 0.18299977,
    "operatingIncome": 779800000,
    "operatingIncomeRatio": 0.1494900698,
    "totalOtherIncomeExpensesNet": -244500000,
    "incomeBeforeTax": 535300000,
    "incomeBeforeTaxRatio": 0.1026186642,
    "incomeTaxExpense": 203400000,
    "netIncome": 331900000,
    "netIncomeRatio": 0.0636262557,
    "eps": 1.44,
    "epsdiluted": 1.38,
    "weightedAverageShsOut": 228806000,
    "weightedAverageShsOutDil": 239772000,
    "link": "https://www.sec.gov/Archives/edgar/data/16918/000001691807000041/0000016918-07-000041-index.htm",
    "finalLink": "https://www.sec.gov/Archives/edgar/data/16918/000001691807000041/form10k-022807.htm"
  },
  {
    "date": "2006-02-28",
    "symbol": "STZ",
    "reportedCurrency": "USD",
    "cik": "0000016918",
    "fillingDate": "2006-05-02",
    "acceptedDate": "2006-05-01 18:55:00",
    "calendarYear": "2006",
    "period": "FY",
    "revenue": 4603448000,
    "costOfRevenue": 3285059000,
    "grossProfit": 1318389000,
    "grossProfitRatio": 0.2863916351,
    "researchAndDevelopmentExpenses": 0,
    "generalAndAdministrativeExpenses": 0,
    "sellingAndMarketingExpenses": 0,
    "sellingGeneralAndAdministrativeExpenses": 606204000,
    "otherExpenses": 0,
    "operatingExpenses": 606204000,
    "costAndExpenses": 3891263000,
    "interestIncome": 4200000,
    "interestExpense": 197482000,
    "depreciationAndAmortization": 128098000,
    "ebitda": 802838000,
    "ebitdaratio": 0.1743992764,
    "operatingIncome": 712185000,
    "operatingIncomeRatio": 0.1547068632,
    "totalOtherIncomeExpensesNet": -234927000,
    "incomeBeforeTax": 477258000,
    "incomeBeforeTaxRatio": 0.1036740287,
    "incomeTaxExpense": 151996000,
    "netIncome": 325262000,
    "netIncomeRatio": 0.070656169,
    "eps": 1.44,
    "epsdiluted": 1.36,
    "weightedAverageShsOut": 220811000,
    "weightedAverageShsOutDil": 238707000,
    "link": "https://www.sec.gov/Archives/edgar/data/16918/000001691806000033/0000016918-06-000033-index.htm",
    "finalLink": "https://www.sec.gov/Archives/edgar/data/16918/000001691806000033/form10k-022806.htm"
  },
  {
    "date": "2005-02-28",
    "symbol": "STZ",
    "reportedCurrency": "USD",
    "cik": "0000016918",
    "fillingDate": "2005-05-16",
    "acceptedDate": "2005-05-16 17:17:17",
    "calendarYear": "2005",
    "period": "FY",
    "revenue": 4087638000,
    "costOfRevenue": 2954749000,
    "grossProfit": 1132889000,
    "grossProfitRatio": 0.2771500314,
    "researchAndDevelopmentExpenses": 0,
    "generalAndAdministrativeExpenses": 0,
    "sellingAndMarketingExpenses": 0,
    "sellingGeneralAndAdministrativeExpenses": 525894000,
    "otherExpenses": 0,
    "operatingExpenses": 525894000,
    "costAndExpenses": 3480643000,
    "interestIncome": 2300000,
    "interestExpense": 139975000,
    "depreciationAndAmortization": 103655000,
    "ebitda": 675604000,
    "ebitdaratio": 0.1652798022,
    "operatingIncome": 606995000,
    "operatingIncomeRatio": 0.1484952924,
    "totalOtherIncomeExpensesNet": -175021000,
    "incomeBeforeTax": 431974000,
    "incomeBeforeTaxRatio": 0.1056781447,
    "incomeTaxExpense": 155510000,
    "netIncome": 276464000,
    "netIncomeRatio": 0.0676341692,
    "eps": 1.25,
    "epsdiluted": 1.19,
    "weightedAverageShsOut": 215532000,
    "weightedAverageShsOutDil": 233060000,
    "link": "https://www.sec.gov/Archives/edgar/data/16918/000001691805000031/0000016918-05-000031-index.htm",
    "finalLink": "https://www.sec.gov/Archives/edgar/data/16918/000001691805000031/form10k-022805.htm"
  },
  {
    "date": "2004-02-29",
    "symbol": "STZ",
    "reportedCurrency": "USD",
    "cik": "0000016918",
    "fillingDate": "2004-05-14",
    "acceptedDate": "2004-05-14 17:30:27",
    "calendarYear": "2004",
    "period": "FY",
    "revenue": 3552429000,
    "costOfRevenue": 2576641000,
    "grossProfit": 975788000,
    "grossProfitRatio": 0.2746819148,
    "researchAndDevelopmentExpenses": 0,
    "generalAndAdministrativeExpenses": 0,
    "sellingAndMarketingExpenses": 0,
    "sellingGeneralAndAdministrativeExpenses": 457277000,
    "otherExpenses": 0,
    "operatingExpenses": 457277000,
    "costAndExpenses": 3033918000,
    "interestIncome": 0,
    "interestExpense": 174114000,
    "depreciationAndAmortization": 102047000,
    "ebitda": 620558000,
    "ebitdaratio": 0.1746855461,
    "operatingIncome": 487357000,
    "operatingIncomeRatio": 0.1371897932,
    "totalOtherIncomeExpensesNet": -142960000,
    "incomeBeforeTax": 344397000,
    "incomeBeforeTaxRatio": 0.0969469059,
    "incomeTaxExpense": 123983000,
    "netIncome": 220414000,
    "netIncomeRatio": 0.0620459973,
    "eps": 1.08,
    "epsdiluted": 1.03,
    "weightedAverageShsOut": 201404000,
    "weightedAverageShsOutDil": 213896000,
    "link": "https://www.sec.gov/Archives/edgar/data/16918/000001691804000029/0000016918-04-000029-index.htm",
    "finalLink": "https://www.sec.gov/Archives/edgar/data/16918/000001691804000029/doc1.txt"
  },
  {
    "date": "2003-02-28",
    "symbol": "STZ",
    "reportedCurrency": "USD",
    "cik": "0000016918",
    "fillingDate": "2003-05-13",
    "acceptedDate": "2003-05-13 17:20:47",
    "calendarYear": "2003",
    "period": "FY",
    "revenue": 2731612000,
    "costOfRevenue": 1970897000,
    "grossProfit": 760715000,
    "grossProfitRatio": 0.2784857439,
    "researchAndDevelopmentExpenses": 0,
    "generalAndAdministrativeExpenses": 0,
    "sellingAndMarketingExpenses": 0,
    "sellingGeneralAndAdministrativeExpenses": 350993000,
    "otherExpenses": 0,
    "operatingExpenses": 350993000,
    "costAndExpenses": 2321890000,
    "interestIncome": 0,
    "interestExpense": 70022000,
    "depreciationAndAmortization": 60149000,
    "ebitda": 469871000,
    "ebitdaratio": 0.1720123502,
    "operatingIncome": 404958000,
    "operatingIncomeRatio": 0.1482487264,
    "totalOtherIncomeExpensesNet": -70022000,
    "incomeBeforeTax": 334936000,
    "incomeBeforeTaxRatio": 0.1226147784,
    "incomeTaxExpense": 131630000,
    "netIncome": 203306000,
    "netIncomeRatio": 0.0744271148,
    "eps": 1.13,
    "epsdiluted": 1.1,
    "weightedAverageShsOut": 179712000,
    "weightedAverageShsOutDil": 185492000,
    "link": "https://www.sec.gov/Archives/edgar/data/16918/000001691803000013/0000016918-03-000013-index.htm",
    "finalLink": "https://www.sec.gov/Archives/edgar/data/16918/000001691803000013/doc1.txt"
  },
  {
    "date": "2002-02-28",
    "symbol": "STZ",
    "reportedCurrency": "USD",
    "cik": "0000016918",
    "fillingDate": "2002-05-21",
    "acceptedDate": "2002-05-20 21:08:09",
    "calendarYear": "2002",
    "period": "FY",
    "revenue": 2820503000,
    "costOfRevenue": 1901462000,
    "grossProfit": 919041000,
    "grossProfitRatio": 0.3258429436,
    "researchAndDevelopmentExpenses": 0,
    "generalAndAdministrativeExpenses": 576560000,
    "sellingAndMarketingExpenses": 0,
    "sellingGeneralAndAdministrativeExpenses": 576560000,
    "otherExpenses": 0,
    "operatingExpenses": 576560000,
    "costAndExpenses": 2478022000,
    "interestIncome": 0,
    "interestExpense": 114076000,
    "depreciationAndAmortization": 85404000,
    "ebitda": 427885000,
    "ebitdaratio": 0.15170521,
    "operatingIncome": 342481000,
    "operatingIncomeRatio": 0.1214255046,
    "totalOtherIncomeExpensesNet": -112522000,
    "incomeBeforeTax": 229959000,
    "incomeBeforeTaxRatio": 0.0815312021,
    "incomeTaxExpense": 91984000,
    "netIncome": 136421000,
    "netIncomeRatio": 0.0483676139,
    "eps": 0.8,
    "epsdiluted": 0.78,
    "weightedAverageShsOut": 171010000,
    "weightedAverageShsOutDil": 175650000,
    "link": "https://www.sec.gov/Archives/edgar/data/16918/000001691802000009/0000016918-02-000009-index.htm",
    "finalLink": "https://www.sec.gov/Archives/edgar/data/16918/000001691802000009/doc1.txt"
  },
  {
    "date": "2001-02-28",
    "symbol": "STZ",
    "reportedCurrency": "USD",
    "cik": "0000016918",
    "fillingDate": "2001-05-29",
    "acceptedDate": "2001-05-29 00:00:00",
    "calendarYear": "2001",
    "period": "FY",
    "revenue": 2396685000,
    "costOfRevenue": 1594617000,
    "grossProfit": 802068000,
    "grossProfitRatio": 0.3346572453,
    "researchAndDevelopmentExpenses": 0,
    "generalAndAdministrativeExpenses": 486587000,
    "sellingAndMarketingExpenses": 0,
    "sellingGeneralAndAdministrativeExpenses": 486587000,
    "otherExpenses": 757609000,
    "operatingExpenses": 1244196000,
    "costAndExpenses": 2838813000,
    "interestIncome": 0,
    "interestExpense": 0,
    "depreciationAndAmortization": 70886000,
    "ebitda": 341754000,
    "ebitdaratio": 0.1425944586,
    "operatingIncome": 270868000,
    "operatingIncomeRatio": 0.1130177725,
    "totalOtherIncomeExpensesNet": -108631000,
    "incomeBeforeTax": 162237000,
    "incomeBeforeTaxRatio": 0.0676922499,
    "incomeTaxExpense": 64895000,
    "netIncome": 97342000,
    "netIncomeRatio": 0.0406152665,
    "eps": 0.67,
    "epsdiluted": 0.65,
    "weightedAverageShsOut": 146892000,
    "weightedAverageShsOutDil": 149502000,
    "link": "https://www.sec.gov/Archives/edgar/data/16918/000001691801500005/0000016918-01-500005-index.htm",
    "finalLink": "https://www.sec.gov/Archives/edgar/data/16918/000001691801500005/k10working.txt"
  },
  {
    "date": "2000-02-29",
    "symbol": "STZ",
    "reportedCurrency": "USD",
    "cik": "0000016918",
    "fillingDate": "2000-05-30",
    "acceptedDate": "2000-05-30 00:00:00",
    "calendarYear": "2000",
    "period": "FY",
    "revenue": 2340469000,
    "costOfRevenue": 1552859000,
    "grossProfit": 787610000,
    "grossProfitRatio": 0.3365180227,
    "researchAndDevelopmentExpenses": 0,
    "generalAndAdministrativeExpenses": 481909000,
    "sellingAndMarketingExpenses": 0,
    "sellingGeneralAndAdministrativeExpenses": 481909000,
    "otherExpenses": 65150000,
    "operatingExpenses": 547059000,
    "costAndExpenses": 2099918000,
    "interestIncome": 0,
    "interestExpense": 111592000,
    "depreciationAndAmortization": 65150000,
    "ebitda": 305701000,
    "ebitdaratio": 0.1306152741,
    "operatingIncome": 240551000,
    "operatingIncomeRatio": 0.1027789729,
    "totalOtherIncomeExpensesNet": -111592000,
    "incomeBeforeTax": 128959000,
    "incomeBeforeTaxRatio": 0.0550996403,
    "incomeTaxExpense": 51584000,
    "netIncome": 77375000,
    "netIncomeRatio": 0.0330596133,
    "eps": 0.53,
    "epsdiluted": 0.52,
    "weightedAverageShsOut": 145089012,
    "weightedAverageShsOutDil": 147524000,
    "link": "https://www.sec.gov/Archives/edgar/data/16918/000001691800000009/0000016918-00-000009-index.htm",
    "finalLink": "https://www.sec.gov/Archives/edgar/data/16918/000001691800000009/0000016918-00-000009-0001.txt"
  },
  {
    "date": "1999-02-28",
    "symbol": "STZ",
    "reportedCurrency": "USD",
    "cik": "0000016918",
    "fillingDate": "1999-06-01",
    "acceptedDate": "1999-06-01 00:00:00",
    "calendarYear": "1999",
    "period": "FY",
    "revenue": 1497300000,
    "costOfRevenue": 1010300000,
    "grossProfit": 487000000,
    "grossProfitRatio": 0.3252521205,
    "researchAndDevelopmentExpenses": 0,
    "generalAndAdministrativeExpenses": 299500000,
    "sellingAndMarketingExpenses": 0,
    "sellingGeneralAndAdministrativeExpenses": 299500000,
    "otherExpenses": 39000000,
    "operatingExpenses": 338500000,
    "costAndExpenses": 1348800000,
    "interestIncome": 0,
    "interestExpense": 55500000,
    "depreciationAndAmortization": 39000000,
    "ebitda": 187500000,
    "ebitdaratio": 0.1252254057,
    "operatingIncome": 148500000,
    "operatingIncomeRatio": 0.0991785213,
    "totalOtherIncomeExpensesNet": -44100000,
    "incomeBeforeTax": 104400000,
    "incomeBeforeTaxRatio": 0.0697255059,
    "incomeTaxExpense": 42500000,
    "netIncome": 50500000,
    "netIncomeRatio": 0.0337273759,
    "eps": 0.35,
    "epsdiluted": 0.34,
    "weightedAverageShsOut": 146344000,
    "weightedAverageShsOutDil": 150032000,
    "link": "https://www.sec.gov/Archives/edgar/data/16918/000001691899000008/0000016918-99-000008-index.html",
    "finalLink": "https://www.sec.gov/Archives/edgar/data/16918/000001691899000008/"
  },
  {
    "date": "1998-02-28",
    "symbol": "STZ",
    "reportedCurrency": "USD",
    "cik": "0000016918",
    "fillingDate": "1998-05-29",
    "acceptedDate": "1998-05-29 00:00:00",
    "calendarYear": "1998",
    "period": "FY",
    "revenue": 1212800000,
    "costOfRevenue": 830600000,
    "grossProfit": 382200000,
    "grossProfitRatio": 0.3151385224,
    "researchAndDevelopmentExpenses": 0,
    "generalAndAdministrativeExpenses": 231700000,
    "sellingAndMarketingExpenses": 0,
    "sellingGeneralAndAdministrativeExpenses": 231700000,
    "otherExpenses": 33500000,
    "operatingExpenses": 265200000,
    "costAndExpenses": 1095800000,
    "interestIncome": 0,
    "interestExpense": 32100000,
    "depreciationAndAmortization": 33500000,
    "ebitda": 150500000,
    "ebitdaratio": 0.1240930079,
    "operatingIncome": 117000000,
    "operatingIncomeRatio": 0.0964709763,
    "totalOtherIncomeExpensesNet": -32200000,
    "incomeBeforeTax": 84900000,
    "incomeBeforeTaxRatio": 0.0700032982,
    "incomeTaxExpense": 34800000,
    "netIncome": 50100000,
    "netIncomeRatio": 0.0413093668,
    "eps": 0.32,
    "epsdiluted": 0.31,
    "weightedAverageShsOut": 149376000,
    "weightedAverageShsOutDil": 152840000,
    "link": "https://www.sec.gov/Archives/edgar/data/16918/0000016918-98-000001-index.html",
    "finalLink": "https://www.sec.gov/Archives/edgar/data/16918/0000016918-98-000001.txt"
  },
  {
    "date": "1997-02-28",
    "symbol": "STZ",
    "reportedCurrency": "USD",
    "cik": "0000016918",
    "fillingDate": "1997-05-29",
    "acceptedDate": "1997-05-29 00:00:00",
    "calendarYear": "1997",
    "period": "FY",
    "revenue": 1135000000,
    "costOfRevenue": 812200000,
    "grossProfit": 322800000,
    "grossProfitRatio": 0.2844052863,
    "researchAndDevelopmentExpenses": 0,
    "generalAndAdministrativeExpenses": 209000000,
    "sellingAndMarketingExpenses": 0,
    "sellingGeneralAndAdministrativeExpenses": 209000000,
    "otherExpenses": 32000000,
    "operatingExpenses": 241000000,
    "costAndExpenses": 1053200000,
    "interestIncome": 0,
    "interestExpense": 34000000,
    "depreciationAndAmortization": 32000000,
    "ebitda": 113800000,
    "ebitdaratio": 0.1002643172,
    "operatingIncome": 81800000,
    "operatingIncomeRatio": 0.0720704846,
    "totalOtherIncomeExpensesNet": -33900000,
    "incomeBeforeTax": 47800000,
    "incomeBeforeTaxRatio": 0.0421145374,
    "incomeTaxExpense": 20100000,
    "netIncome": 27700000,
    "netIncomeRatio": 0.0244052863,
    "eps": 0.3,
    "epsdiluted": 0.3,
    "weightedAverageShsOut": 154644351,
    "weightedAverageShsOutDil": 155949367,
    "link": "https://www.sec.gov/Archives/edgar/data/16918/000001691897000006/0000016918-97-000006-index.html",
    "finalLink": "https://www.sec.gov/Archives/edgar/data/16918/"
  },
  {
    "date": "1996-02-29",
    "symbol": "STZ",
    "reportedCurrency": "USD",
    "cik": "0000016918",
    "fillingDate": "1996-02-29",
    "acceptedDate": "1996-02-28 19:00:00",
    "calendarYear": "1996",
    "period": "FY",
    "revenue": 535000000,
    "costOfRevenue": 382300000,
    "grossProfit": 152700000,
    "grossProfitRatio": 0.2854205607,
    "researchAndDevelopmentExpenses": 0,
    "generalAndAdministrativeExpenses": 112400000,
    "sellingAndMarketingExpenses": 0,
    "sellingGeneralAndAdministrativeExpenses": 112400000,
    "otherExpenses": 13900000,
    "operatingExpenses": 126300000,
    "costAndExpenses": 508600000,
    "interestIncome": 0,
    "interestExpense": 19700000,
    "depreciationAndAmortization": 13900000,
    "ebitda": 40300000,
    "ebitdaratio": 0.0753271028,
    "operatingIncome": 26400000,
    "operatingIncomeRatio": 0.0493457944,
    "totalOtherIncomeExpensesNet": -19700000,
    "incomeBeforeTax": 6700000,
    "incomeBeforeTaxRatio": 0.0125233645,
    "incomeTaxExpense": 3400000,
    "netIncome": 3300000,
    "netIncomeRatio": 0.0061682243,
    "eps": 0.0213,
    "epsdiluted": 0.0213,
    "weightedAverageShsOut": 155294118,
    "weightedAverageShsOutDil": 155294118,
    "link": "",
    "finalLink": ""
  },
  {
    "date": "1994-08-31",
    "symbol": "STZ",
    "reportedCurrency": "USD",
    "cik": "0000016918",
    "fillingDate": "1994-11-29",
    "acceptedDate": "1994-11-29 00:00:00",
    "calendarYear": "1995",
    "period": "FY",
    "revenue": 629600000,
    "costOfRevenue": 433400000,
    "grossProfit": 196200000,
    "grossProfitRatio": 0.3116264295,
    "researchAndDevelopmentExpenses": 0,
    "generalAndAdministrativeExpenses": 145400000,
    "sellingAndMarketingExpenses": 0,
    "sellingGeneralAndAdministrativeExpenses": 145400000,
    "otherExpenses": 13800000,
    "operatingExpenses": 159200000,
    "costAndExpenses": 592600000,
    "interestIncome": 0,
    "interestExpense": 17800000,
    "depreciationAndAmortization": 13800000,
    "ebitda": 50800000,
    "ebitdaratio": 0.0806861499,
    "operatingIncome": 37000000,
    "operatingIncomeRatio": 0.0587674714,
    "totalOtherIncomeExpensesNet": -18100000,
    "incomeBeforeTax": 18900000,
    "incomeBeforeTaxRatio": 0.0300190597,
    "incomeTaxExpense": 7200000,
    "netIncome": 11700000,
    "netIncomeRatio": 0.0185832274,
    "eps": 0.0925,
    "epsdiluted": 0.0925,
    "weightedAverageShsOut": 126268664,
    "weightedAverageShsOutDil": 131212784,
    "link": "https://www.sec.gov/Archives/edgar/data/928683/000089183994000041/0000891839-94-000041-index.html",
    "finalLink": "https://www.sec.gov/Archives/edgar/data/16918/0000891839-94-000041.txt"
  },
  {
    "date": "1993-08-31",
    "symbol": "STZ",
    "reportedCurrency": "USD",
    "cik": "0000016918",
    "fillingDate": "1993-08-31",
    "acceptedDate": "1993-08-31 00:00:00",
    "calendarYear": "1994",
    "period": "FY",
    "revenue": 306300000,
    "costOfRevenue": 207500000,
    "grossProfit": 98800000,
    "grossProfitRatio": 0.3225595821,
    "researchAndDevelopmentExpenses": 0,
    "generalAndAdministrativeExpenses": 0,
    "sellingAndMarketingExpenses": 0,
    "sellingGeneralAndAdministrativeExpenses": 60000000,
    "otherExpenses": 7400000,
    "operatingExpenses": 67400000,
    "costAndExpenses": 274900000,
    "interestIncome": 0,
    "interestExpense": 6000000,
    "depreciationAndAmortization": 7400000,
    "ebitda": 38800000,
    "ebitdaratio": 0.1266731962,
    "operatingIncome": 31400000,
    "operatingIncomeRatio": 0.1025138753,
    "totalOtherIncomeExpensesNet": -6100000,
    "incomeBeforeTax": 25300000,
    "incomeBeforeTaxRatio": 0.0825987594,
    "incomeTaxExpense": 9700000,
    "netIncome": 15600000,
    "netIncomeRatio": 0.0509304603,
    "eps": 0.16,
    "epsdiluted": 0.15,
    "weightedAverageShsOut": 96000000,
    "weightedAverageShsOutDil": 104000000,
    "link": null,
    "finalLink": null
  },
  {
    "date": "1992-08-31",
    "symbol": "STZ",
    "reportedCurrency": "USD",
    "cik": "0000016918",
    "fillingDate": "1992-08-31",
    "acceptedDate": "1992-08-31 00:00:00",
    "calendarYear": "1993",
    "period": "FY",
    "revenue": 245200000,
    "costOfRevenue": 168600000,
    "grossProfit": 76600000,
    "grossProfitRatio": 0.3123980424,
    "researchAndDevelopmentExpenses": 0,
    "generalAndAdministrativeExpenses": 0,
    "sellingAndMarketingExpenses": 0,
    "sellingGeneralAndAdministrativeExpenses": 46500000,
    "otherExpenses": 6100000,
    "operatingExpenses": 52600000,
    "costAndExpenses": 221200000,
    "interestIncome": 0,
    "interestExpense": 5800000,
    "depreciationAndAmortization": 6100000,
    "ebitda": 30100000,
    "ebitdaratio": 0.1227569331,
    "operatingIncome": 24000000,
    "operatingIncomeRatio": 0.0978792822,
    "totalOtherIncomeExpensesNet": -6100000,
    "incomeBeforeTax": 17900000,
    "incomeBeforeTaxRatio": 0.0730016313,
    "incomeTaxExpense": 6500000,
    "netIncome": 11400000,
    "netIncomeRatio": 0.0464926591,
    "eps": 0.14,
    "epsdiluted": 0.13,
    "weightedAverageShsOut": 84444444,
    "weightedAverageShsOutDil": 90297030,
    "link": null,
    "finalLink": null
  },
  {
    "date": "1991-08-31",
    "symbol": "STZ",
    "reportedCurrency": "USD",
    "cik": "0000016918",
    "fillingDate": "1991-08-31",
    "acceptedDate": "1991-08-31 00:00:00",
    "calendarYear": "1992",
    "period": "FY",
    "revenue": 176600000,
    "costOfRevenue": 125600000,
    "grossProfit": 51000000,
    "grossProfitRatio": 0.288788222,
    "researchAndDevelopmentExpenses": 0,
    "generalAndAdministrativeExpenses": 0,
    "sellingAndMarketingExpenses": 0,
    "sellingGeneralAndAdministrativeExpenses": 30200000,
    "otherExpenses": 5400000,
    "operatingExpenses": 35600000,
    "costAndExpenses": 161200000,
    "interestIncome": 0,
    "interestExpense": 2700000,
    "depreciationAndAmortization": 5400000,
    "ebitda": 20800000,
    "ebitdaratio": 0.1177802945,
    "operatingIncome": 15400000,
    "operatingIncomeRatio": 0.087202718,
    "totalOtherIncomeExpensesNet": -3700000,
    "incomeBeforeTax": 11700000,
    "incomeBeforeTaxRatio": 0.0662514156,
    "incomeTaxExpense": 4000000,
    "netIncome": 7700000,
    "netIncomeRatio": 0.043601359,
    "eps": 0.11,
    "epsdiluted": 0.11,
    "weightedAverageShsOut": 73333333,
    "weightedAverageShsOutDil": 73333333,
    "link": null,
    "finalLink": null
  },
  {
    "date": "1990-08-31",
    "symbol": "STZ",
    "reportedCurrency": "USD",
    "cik": "0000016918",
    "fillingDate": "1990-08-31",
    "acceptedDate": "1990-08-31 00:00:00",
    "calendarYear": "1991",
    "period": "FY",
    "revenue": 179800000,
    "costOfRevenue": 130900000,
    "grossProfit": 48900000,
    "grossProfitRatio": 0.2719688543,
    "researchAndDevelopmentExpenses": 0,
    "generalAndAdministrativeExpenses": 0,
    "sellingAndMarketingExpenses": 0,
    "sellingGeneralAndAdministrativeExpenses": 33400000,
    "otherExpenses": 5300000,
    "operatingExpenses": 38700000,
    "costAndExpenses": 169600000,
    "interestIncome": 0,
    "interestExpense": 3000000,
    "depreciationAndAmortization": 5300000,
    "ebitda": 15500000,
    "ebitdaratio": 0.0862068966,
    "operatingIncome": 10200000,
    "operatingIncomeRatio": 0.0567296997,
    "totalOtherIncomeExpensesNet": -3800000,
    "incomeBeforeTax": 6400000,
    "incomeBeforeTaxRatio": 0.0355951057,
    "incomeTaxExpense": 2000000,
    "netIncome": 4400000,
    "netIncomeRatio": 0.0244716352,
    "eps": 0.0575,
    "epsdiluted": 0.0575,
    "weightedAverageShsOut": 76521739,
    "weightedAverageShsOutDil": 76521739,
    "link": null,
    "finalLink": null
  },
  {
    "date": "1989-08-31",
    "symbol": "STZ",
    "reportedCurrency": "USD",
    "cik": "0000016918",
    "fillingDate": "1989-08-31",
    "acceptedDate": "1989-08-31 00:00:00",
    "calendarYear": "1990",
    "period": "FY",
    "revenue": 164300000,
    "costOfRevenue": 118600000,
    "grossProfit": 45700000,
    "grossProfitRatio": 0.2781497261,
    "researchAndDevelopmentExpenses": 0,
    "generalAndAdministrativeExpenses": 0,
    "sellingAndMarketingExpenses": 0,
    "sellingGeneralAndAdministrativeExpenses": 33200000,
    "otherExpenses": 4900000,
    "operatingExpenses": 38100000,
    "costAndExpenses": 156700000,
    "interestIncome": 0,
    "interestExpense": 3700000,
    "depreciationAndAmortization": 4900000,
    "ebitda": 12500000,
    "ebitdaratio": 0.0760803408,
    "operatingIncome": 7600000,
    "operatingIncomeRatio": 0.0462568472,
    "totalOtherIncomeExpensesNet": -4300000,
    "incomeBeforeTax": 3300000,
    "incomeBeforeTaxRatio": 0.02008521,
    "incomeTaxExpense": 900000,
    "netIncome": 2400000,
    "netIncomeRatio": 0.0146074254,
    "eps": 0.0288,
    "epsdiluted": 0.0288,
    "weightedAverageShsOut": 83478261,
    "weightedAverageShsOutDil": 83478261,
    "link": null,
    "finalLink": null
  },
  {
    "date": "1988-08-31",
    "symbol": "STZ",
    "reportedCurrency": "USD",
    "cik": "0000016918",
    "fillingDate": "1988-08-31",
    "acceptedDate": "1988-08-31 00:00:00",
    "calendarYear": "1989",
    "period": "FY",
    "revenue": 163600000,
    "costOfRevenue": 116500000,
    "grossProfit": 47100000,
    "grossProfitRatio": 0.2878973105,
    "researchAndDevelopmentExpenses": 0,
    "generalAndAdministrativeExpenses": 0,
    "sellingAndMarketingExpenses": 0,
    "sellingGeneralAndAdministrativeExpenses": 47100000,
    "otherExpenses": 4400000,
    "operatingExpenses": 51500000,
    "costAndExpenses": 168000000,
    "interestIncome": 0,
    "interestExpense": 3600000,
    "depreciationAndAmortization": 4400000,
    "ebitda": 0,
    "ebitdaratio": 0,
    "operatingIncome": -4400000,
    "operatingIncomeRatio": -0.0268948655,
    "totalOtherIncomeExpensesNet": -4400000,
    "incomeBeforeTax": -8800000,
    "incomeBeforeTaxRatio": -0.0537897311,
    "incomeTaxExpense": -3700000,
    "netIncome": -5100000,
    "netIncomeRatio": -0.0311735941,
    "eps": -0.0587,
    "epsdiluted": -0.0587,
    "weightedAverageShsOut": 86808511,
    "weightedAverageShsOutDil": 86808511,
    "link": null,
    "finalLink": null
  },
  {
    "date": "1987-08-31",
    "symbol": "STZ",
    "reportedCurrency": "USD",
    "cik": "0000016918",
    "fillingDate": "1987-08-31",
    "acceptedDate": "1987-08-31 00:00:00",
    "calendarYear": "1988",
    "period": "FY",
    "revenue": 171300000,
    "costOfRevenue": 113100000,
    "grossProfit": 58200000,
    "grossProfitRatio": 0.3397548161,
    "researchAndDevelopmentExpenses": 0,
    "generalAndAdministrativeExpenses": 0,
    "sellingAndMarketingExpenses": 0,
    "sellingGeneralAndAdministrativeExpenses": 70400000,
    "otherExpenses": 3500000,
    "operatingExpenses": 73900000,
    "costAndExpenses": 187000000,
    "interestIncome": 0,
    "interestExpense": 1800000,
    "depreciationAndAmortization": 3500000,
    "ebitda": -12200000,
    "ebitdaratio": -0.0712200817,
    "operatingIncome": -15700000,
    "operatingIncomeRatio": -0.0916520724,
    "totalOtherIncomeExpensesNet": -3400000,
    "incomeBeforeTax": -19100000,
    "incomeBeforeTaxRatio": -0.1115002919,
    "incomeTaxExpense": -9400000,
    "netIncome": -9700000,
    "netIncomeRatio": -0.0566258027,
    "eps": -0.11,
    "epsdiluted": -0.11,
    "weightedAverageShsOut": 86222222,
    "weightedAverageShsOutDil": 86222222,
    "link": null,
    "finalLink": null
  },
  {
    "date": "1986-08-31",
    "symbol": "STZ",
    "reportedCurrency": "USD",
    "cik": "0000016918",
    "fillingDate": "1986-08-31",
    "acceptedDate": "1986-08-31 00:00:00",
    "calendarYear": "1987",
    "period": "FY",
    "revenue": 173500000,
    "costOfRevenue": 108000000,
    "grossProfit": 65500000,
    "grossProfitRatio": 0.3775216138,
    "researchAndDevelopmentExpenses": 0,
    "generalAndAdministrativeExpenses": 0,
    "sellingAndMarketingExpenses": 0,
    "sellingGeneralAndAdministrativeExpenses": 42800000,
    "otherExpenses": 2700000,
    "operatingExpenses": 45500000,
    "costAndExpenses": 153500000,
    "interestIncome": 0,
    "interestExpense": 200000,
    "depreciationAndAmortization": 2700000,
    "ebitda": 22700000,
    "ebitdaratio": 0.1308357349,
    "operatingIncome": 20000000,
    "operatingIncomeRatio": 0.1152737752,
    "totalOtherIncomeExpensesNet": -800000,
    "incomeBeforeTax": 19200000,
    "incomeBeforeTaxRatio": 0.1106628242,
    "incomeTaxExpense": 8600000,
    "netIncome": 10600000,
    "netIncomeRatio": 0.0610951009,
    "eps": 0.12,
    "epsdiluted": 0.12,
    "weightedAverageShsOut": 86530612,
    "weightedAverageShsOutDil": 86530612,
    "link": null,
    "finalLink": null
  },
  {
    "date": "1985-08-31",
    "symbol": "STZ",
    "reportedCurrency": "USD",
    "cik": "0000016918",
    "fillingDate": "1985-08-31",
    "acceptedDate": "1985-08-31 00:00:00",
    "calendarYear": "1986",
    "period": "FY",
    "revenue": 133600000,
    "costOfRevenue": 86000000,
    "grossProfit": 47600000,
    "grossProfitRatio": 0.3562874251,
    "researchAndDevelopmentExpenses": 0,
    "generalAndAdministrativeExpenses": 0,
    "sellingAndMarketingExpenses": 0,
    "sellingGeneralAndAdministrativeExpenses": 27700000,
    "otherExpenses": 2200000,
    "operatingExpenses": 29900000,
    "costAndExpenses": 115900000,
    "interestIncome": 0,
    "interestExpense": 300000,
    "depreciationAndAmortization": 2200000,
    "ebitda": 19900000,
    "ebitdaratio": 0.1489520958,
    "operatingIncome": 17700000,
    "operatingIncomeRatio": 0.1324850299,
    "totalOtherIncomeExpensesNet": -600000,
    "incomeBeforeTax": 17100000,
    "incomeBeforeTaxRatio": 0.127994012,
    "incomeTaxExpense": 7600000,
    "netIncome": 9500000,
    "netIncomeRatio": 0.0711077844,
    "eps": 0.89,
    "epsdiluted": 0.89,
    "weightedAverageShsOut": 86278212,
    "weightedAverageShsOutDil": 86278212,
    "link": null,
    "finalLink": null
  }
]