[
  {
    "date": "2025-06-30",
    "symbol": "SW",
    "reportedCurrency": "USD",
    "cik": "0002005951",
    "fillingDate": "2025-08-07",
    "acceptedDate": "2025-08-07 06:21:39",
    "calendarYear": "2025",
    "period": "Q2",
    "revenue": 7940933000,
    "costOfRevenue": 6425755000,
    "grossProfit": 1515178000,
    "grossProfitRatio": 0.1908060426,
    "researchAndDevelopmentExpenses": 0,
    "generalAndAdministrativeExpenses": 0,
    "sellingAndMarketingExpenses": 0,
    "sellingGeneralAndAdministrativeExpenses": 963113000,
    "otherExpenses": 301035000,
    "operatingExpenses": 1264149000,
    "costAndExpenses": 7689904000,
    "interestIncome": 22084000,
    "interestExpense": 176675000,
    "depreciationAndAmortization": 613072000,
    "ebitda": 879103000,
    "ebitdaratio": 0.1107052534,
    "operatingIncome": 251030000,
    "operatingIncomeRatio": 0.0316121544,
    "totalOtherIncomeExpensesNet": -193023000,
    "incomeBeforeTax": 58007000,
    "incomeBeforeTaxRatio": 0.0073048091,
    "incomeTaxExpense": 84010000,
    "netIncome": -28003000,
    "netIncomeRatio": -0.0035264118,
    "eps": -0.04247,
    "epsdiluted": -0.04247,
    "weightedAverageShsOut": 521000000,
    "weightedAverageShsOutDil": 526000000,
    "link": "https://www.sec.gov/Archives/edgar/data/2005951/000200595125000014/0002005951-25-000014-index.htm",
    "finalLink": "https://www.sec.gov/Archives/edgar/data/2005951/000200595125000014/smur-20250630.htm"
  },
  {
    "date": "2025-03-31",
    "symbol": "SW",
    "reportedCurrency": "USD",
    "cik": "0002005951",
    "fillingDate": "2025-05-09",
    "acceptedDate": "2025-05-09 06:35:11",
    "calendarYear": "2025",
    "period": "Q1",
    "revenue": 7640635000,
    "costOfRevenue": 6066800000,
    "grossProfit": 1573835000,
    "grossProfitRatio": 0.2059822253,
    "researchAndDevelopmentExpenses": 0,
    "generalAndAdministrativeExpenses": 0,
    "sellingAndMarketingExpenses": 0,
    "sellingGeneralAndAdministrativeExpenses": 986017000,
    "otherExpenses": 35928000,
    "operatingExpenses": 1021945000,
    "costAndExpenses": 7088745000,
    "interestIncome": 25490000,
    "interestExpense": 177522000,
    "depreciationAndAmortization": 601790000,
    "ebitda": 1185616000,
    "ebitdaratio": 0.1551724431,
    "operatingIncome": 551890000,
    "operatingIncomeRatio": 0.0722309075,
    "totalOtherIncomeExpensesNet": -162673000,
    "incomeBeforeTax": 389217000,
    "incomeBeforeTaxRatio": 0.0509403996,
    "incomeTaxExpense": 7984000,
    "netIncome": 383229000,
    "netIncomeRatio": 0.0501566951,
    "eps": 0.67367,
    "epsdiluted": 0.66457,
    "weightedAverageShsOut": 521000000,
    "weightedAverageShsOutDil": 526000000,
    "link": "https://www.sec.gov/Archives/edgar/data/2005951/000200595125000009/0002005951-25-000009-index.htm",
    "finalLink": "https://www.sec.gov/Archives/edgar/data/2005951/000200595125000009/smur-20250331.htm"
  },
  {
    "date": "2024-12-31",
    "symbol": "SW",
    "reportedCurrency": "USD",
    "cik": "0002005951",
    "fillingDate": "2025-03-07",
    "acceptedDate": "2025-03-07 06:21:17",
    "calendarYear": "2024",
    "period": "Q4",
    "revenue": 7538794000,
    "costOfRevenue": 6096834000,
    "grossProfit": 1441961000,
    "grossProfitRatio": 0.1912721053,
    "researchAndDevelopmentExpenses": 0,
    "generalAndAdministrativeExpenses": 0,
    "sellingAndMarketingExpenses": 0,
    "sellingGeneralAndAdministrativeExpenses": 995973000,
    "otherExpenses": 44999000,
    "operatingExpenses": 1040972000,
    "costAndExpenses": 7137805000,
    "interestIncome": 29937000,
    "interestExpense": 197003000,
    "depreciationAndAmortization": 591984000,
    "ebitda": 1018972000,
    "ebitdaratio": 0.1351637941,
    "operatingIncome": 400989000,
    "operatingIncomeRatio": 0.0531900726,
    "totalOtherIncomeExpensesNet": -177995000,
    "incomeBeforeTax": 222994000,
    "incomeBeforeTaxRatio": 0.0295795322,
    "incomeTaxExpense": 76998000,
    "netIncome": 145996000,
    "netIncomeRatio": 0.0193659622,
    "eps": 0.31,
    "epsdiluted": 0.31,
    "weightedAverageShsOut": 453500000,
    "weightedAverageShsOutDil": 457500000,
    "link": "https://www.sec.gov/Archives/edgar/data/2005951/000200595125000005/0002005951-25-000005-index.htm",
    "finalLink": "https://www.sec.gov/Archives/edgar/data/2005951/000200595125000005/smur-20241231.htm"
  },
  {
    "date": "2024-09-30",
    "symbol": "SW",
    "reportedCurrency": "USD",
    "cik": "0002005951",
    "fillingDate": "2024-11-08",
    "acceptedDate": "2024-11-08 06:31:09",
    "calendarYear": "2024",
    "period": "Q3",
    "revenue": 7671829000,
    "costOfRevenue": 6321683000,
    "grossProfit": 1350146000,
    "grossProfitRatio": 0.1759874992,
    "researchAndDevelopmentExpenses": 0,
    "generalAndAdministrativeExpenses": 0,
    "sellingAndMarketingExpenses": 0,
    "sellingGeneralAndAdministrativeExpenses": 1028111000,
    "otherExpenses": 267029000,
    "operatingExpenses": 1295140000,
    "costAndExpenses": 7616823000,
    "interestIncome": 38300000,
    "interestExpense": 190587000,
    "depreciationAndAmortization": 564061000,
    "ebitda": 656071000,
    "ebitdaratio": 0.0855168956,
    "operatingIncome": 55006000,
    "operatingIncomeRatio": 0.0071698678,
    "totalOtherIncomeExpensesNet": -172019000,
    "incomeBeforeTax": -117013000,
    "incomeBeforeTaxRatio": -0.0152522951,
    "incomeTaxExpense": 33004000,
    "netIncome": -150016000,
    "netIncomeRatio": -0.0195541376,
    "eps": -0.27357,
    "epsdiluted": -0.27357,
    "weightedAverageShsOut": 508000000,
    "weightedAverageShsOutDil": 508000000,
    "link": "https://www.sec.gov/Archives/edgar/data/2005951/000200595124000010/0002005951-24-000010-index.htm",
    "finalLink": "https://www.sec.gov/Archives/edgar/data/2005951/000200595124000010/smur-20240930.htm"
  },
  {
    "date": "2024-06-30",
    "symbol": "SW",
    "reportedCurrency": "EUR",
    "cik": "0002005951",
    "fillingDate": "2024-09-06",
    "acceptedDate": "2024-09-07 06:21:17",
    "calendarYear": "2024",
    "period": "Q2",
    "revenue": 2766514200,
    "costOfRevenue": 2120776800,
    "grossProfit": 645737400,
    "grossProfitRatio": 0.2334119232,
    "researchAndDevelopmentExpenses": 0,
    "generalAndAdministrativeExpenses": 11461,
    "sellingAndMarketingExpenses": 362458738,
    "sellingGeneralAndAdministrativeExpenses": 362470200,
    "otherExpenses": 55908000,
    "operatingExpenses": 418378200,
    "costAndExpenses": 2539155000,
    "interestIncome": 39135600,
    "interestExpense": 69885000,
    "depreciationAndAmortization": 149088000,
    "ebitda": 393219600,
    "ebitdaratio": 0.1421353991,
    "operatingIncome": 227359200,
    "operatingIncomeRatio": 0.082182553,
    "totalOtherIncomeExpensesNet": -53112600,
    "incomeBeforeTax": 174246600,
    "incomeBeforeTaxRatio": 0.0629841698,
    "incomeTaxExpense": 51249000,
    "netIncome": 122997600,
    "netIncomeRatio": 0.0444594139,
    "eps": 0.47522,
    "epsdiluted": 0.47522,
    "weightedAverageShsOut": 258823529,
    "weightedAverageShsOutDil": 258823529,
    "link": null,
    "finalLink": null
  },
  {
    "date": "2024-03-31",
    "symbol": "SW",
    "reportedCurrency": "EUR",
    "cik": "0002005951",
    "fillingDate": "2024-06-07",
    "acceptedDate": "2024-06-07 16:10:28",
    "calendarYear": "2024",
    "period": "Q1",
    "revenue": 2726365000,
    "costOfRevenue": 2065710000,
    "grossProfit": 660655000,
    "grossProfitRatio": 0.2423208191,
    "researchAndDevelopmentExpenses": 0,
    "generalAndAdministrativeExpenses": 0,
    "sellingAndMarketingExpenses": 0,
    "sellingGeneralAndAdministrativeExpenses": 353590000,
    "otherExpenses": 21401500,
    "operatingExpenses": 374991500,
    "costAndExpenses": 2440701500,
    "interestIncome": 11166000,
    "interestExpense": 34428500,
    "depreciationAndAmortization": 137714000,
    "ebitda": 420586000,
    "ebitdaratio": 0.1542662116,
    "operatingIncome": 285663500,
    "operatingIncomeRatio": 0.104778157,
    "totalOtherIncomeExpensesNet": -37220000,
    "incomeBeforeTax": 248443500,
    "incomeBeforeTaxRatio": 0.0911262799,
    "incomeTaxExpense": 70718000,
    "netIncome": 177725500,
    "netIncomeRatio": 0.0651877133,
    "eps": 0.68857,
    "epsdiluted": 0.67927,
    "weightedAverageShsOut": 259000000,
    "weightedAverageShsOutDil": 260000000,
    "link": "https://www.sec.gov/Archives/edgar/data/2005951/000141057824000999/0001410578-24-000999-index.htm",
    "finalLink": "https://www.sec.gov/Archives/edgar/data/2005951/000141057824000999/tmb-20240331x10q.htm"
  },
  {
    "date": "2023-12-31",
    "symbol": "SW",
    "reportedCurrency": "EUR",
    "cik": "0002005951",
    "fillingDate": "2023-12-31",
    "acceptedDate": "2023-12-30 19:00:00",
    "calendarYear": "2023",
    "period": "Q4",
    "revenue": 3229067429,
    "costOfRevenue": 3542318728,
    "grossProfit": 1833149339,
    "grossProfitRatio": 0.567702403,
    "researchAndDevelopmentExpenses": 0,
    "generalAndAdministrativeExpenses": 0,
    "sellingAndMarketingExpenses": 0,
    "sellingGeneralAndAdministrativeExpenses": 1491273310,
    "otherExpenses": 151020781,
    "operatingExpenses": 1642294091,
    "costAndExpenses": 4849556217,
    "interestIncome": 13161996,
    "interestExpense": 67761178,
    "depreciationAndAmortization": 271928922,
    "ebitda": 813829050,
    "ebitdaratio": 0.2520322254,
    "operatingIncome": 492425545,
    "operatingIncomeRatio": 0.1524977585,
    "totalOtherIncomeExpensesNet": -59658376.167578995,
    "incomeBeforeTax": 131196871,
    "incomeBeforeTaxRatio": 0.0406299571,
    "incomeTaxExpense": 69198364,
    "netIncome": 60893107,
    "netIncomeRatio": 0.0188577998,
    "eps": 0.24,
    "epsdiluted": 0.23,
    "weightedAverageShsOut": 258000000,
    "weightedAverageShsOutDil": 259500000,
    "link": null,
    "finalLink": null
  },
  {
    "date": "2023-09-30",
    "symbol": "SW",
    "reportedCurrency": "EUR",
    "cik": "0002005951",
    "fillingDate": "2023-09-30",
    "acceptedDate": "2023-09-30 00:00:00",
    "calendarYear": "2023",
    "period": "Q3",
    "revenue": 2764415958,
    "costOfRevenue": 2173000000,
    "grossProfit": 742000000,
    "grossProfitRatio": 0.268411126,
    "researchAndDevelopmentExpenses": 0,
    "generalAndAdministrativeExpenses": 0,
    "sellingAndMarketingExpenses": 0,
    "sellingGeneralAndAdministrativeExpenses": 371000000,
    "otherExpenses": 17000000,
    "operatingExpenses": 388000000,
    "costAndExpenses": 2428703008,
    "interestIncome": 6638391,
    "interestExpense": 46000000,
    "depreciationAndAmortization": 90360724,
    "ebitda": 443282879,
    "ebitdaratio": 0.1603531761,
    "operatingIncome": 354000000,
    "operatingIncomeRatio": 0.1280559819,
    "totalOtherIncomeExpensesNet": -52000000,
    "incomeBeforeTax": 302000000,
    "incomeBeforeTaxRatio": 0.1092454987,
    "incomeTaxExpense": 73000000,
    "netIncome": 229000000,
    "netIncomeRatio": 0.0828384742,
    "eps": 0.89,
    "epsdiluted": 0.88,
    "weightedAverageShsOut": 258000000,
    "weightedAverageShsOutDil": 259000000,
    "link": null,
    "finalLink": null
  },
  {
    "date": "2023-06-30",
    "symbol": "SW",
    "reportedCurrency": "EUR",
    "cik": "0002005951",
    "fillingDate": "2023-06-30",
    "acceptedDate": "2023-06-29 20:00:00",
    "calendarYear": "2023",
    "period": "Q2",
    "revenue": 5783168669,
    "costOfRevenue": 3845207744,
    "grossProfit": 1937960924,
    "grossProfitRatio": 0.335103649,
    "researchAndDevelopmentExpenses": 0,
    "generalAndAdministrativeExpenses": 0,
    "sellingAndMarketingExpenses": 0,
    "sellingGeneralAndAdministrativeExpenses": 1165154420,
    "otherExpenses": 0,
    "operatingExpenses": 1198840860,
    "costAndExpenses": 5044048602,
    "interestIncome": 0,
    "interestExpense": 80252983,
    "depreciationAndAmortization": 305159491,
    "ebitda": 0,
    "ebitdaratio": 0,
    "operatingIncome": 739120061,
    "operatingIncomeRatio": 0.1278053786,
    "totalOtherIncomeExpensesNet": 0,
    "incomeBeforeTax": 651931639,
    "incomeBeforeTaxRatio": 0.1127291415,
    "incomeTaxExpense": 0,
    "netIncome": 471610121,
    "netIncomeRatio": 0.0815487405,
    "eps": 1.82,
    "epsdiluted": 1.82,
    "weightedAverageShsOut": 260354342,
    "weightedAverageShsOutDil": 260354342,
    "link": null,
    "finalLink": null
  },
  {
    "date": "2022-12-31",
    "symbol": "SW",
    "reportedCurrency": "EUR",
    "cik": "0002005951",
    "fillingDate": "2022-12-31",
    "acceptedDate": "2022-12-30 19:00:00",
    "calendarYear": "2022",
    "period": "Q4",
    "revenue": 6054326269,
    "costOfRevenue": 4113740508,
    "grossProfit": 1940585760,
    "grossProfitRatio": 0.3205287713,
    "researchAndDevelopmentExpenses": 0,
    "generalAndAdministrativeExpenses": 0,
    "sellingAndMarketingExpenses": 0,
    "sellingGeneralAndAdministrativeExpenses": 1168494385,
    "otherExpenses": 0,
    "operatingExpenses": 1168494385,
    "costAndExpenses": 5282234894,
    "interestIncome": 6591023.11,
    "interestExpense": 78150712,
    "depreciationAndAmortization": 306011825,
    "ebitda": 1078103202,
    "ebitdaratio": 0.1780715399,
    "operatingIncome": 772091376,
    "operatingIncomeRatio": 0.1275272164,
    "totalOtherIncomeExpensesNet": -280589306,
    "incomeBeforeTax": 491502070,
    "incomeBeforeTaxRatio": 0.0811819595,
    "incomeTaxExpense": 144060951,
    "netIncome": 348382692,
    "netIncomeRatio": 0.057542768,
    "eps": 1.36,
    "epsdiluted": 1.32,
    "weightedAverageShsOut": 257400037,
    "weightedAverageShsOutDil": 264164571,
    "link": null,
    "finalLink": null
  },
  {
    "date": "2022-06-30",
    "symbol": "SW",
    "reportedCurrency": "EUR",
    "cik": "0002005951",
    "fillingDate": "2022-06-30",
    "acceptedDate": "2022-06-28 20:00:00",
    "calendarYear": "2022",
    "period": "Q2",
    "revenue": 6665533612,
    "costOfRevenue": 4575573033,
    "grossProfit": 2089960578,
    "grossProfitRatio": 0.3135473766,
    "researchAndDevelopmentExpenses": 0,
    "generalAndAdministrativeExpenses": 0,
    "sellingAndMarketingExpenses": 0,
    "sellingGeneralAndAdministrativeExpenses": 1215141914,
    "otherExpenses": 0,
    "operatingExpenses": 1215141914,
    "costAndExpenses": 5790714948,
    "interestIncome": 2087871.92,
    "interestExpense": 69943735,
    "depreciationAndAmortization": 318400587,
    "ebitda": 1193219253,
    "ebitdaratio": 0.1790133127,
    "operatingIncome": 874818661,
    "operatingIncomeRatio": 0.1312451053,
    "totalOtherIncomeExpensesNet": -73075543,
    "incomeBeforeTax": 801743118,
    "incomeBeforeTaxRatio": 0.1202819106,
    "incomeTaxExpense": 203567588,
    "netIncome": 599219465,
    "netIncomeRatio": 0.0898981987,
    "eps": 2.32,
    "epsdiluted": 2.31,
    "weightedAverageShsOut": 258000000,
    "weightedAverageShsOutDil": 259000000,
    "link": null,
    "finalLink": null
  },
  {
    "date": "2021-12-31",
    "symbol": "SW",
    "reportedCurrency": "EUR",
    "cik": "0002005951",
    "fillingDate": "2021-12-31",
    "acceptedDate": "2021-12-29 19:00:00",
    "calendarYear": "2021",
    "period": "Q4",
    "revenue": 5556091806,
    "costOfRevenue": 3878414122,
    "grossProfit": 1677677684,
    "grossProfitRatio": 0.3019528371,
    "researchAndDevelopmentExpenses": 0,
    "generalAndAdministrativeExpenses": 0,
    "sellingAndMarketingExpenses": 0,
    "sellingGeneralAndAdministrativeExpenses": 1064542276,
    "otherExpenses": 0,
    "operatingExpenses": 1064542276,
    "costAndExpenses": 4942956399,
    "interestIncome": 2047195.85,
    "interestExpense": 62439498,
    "depreciationAndAmortization": 286607535,
    "ebitda": 899742941,
    "ebitdaratio": 0.1619380983,
    "operatingIncome": 613135408,
    "operatingIncomeRatio": 0.1103537215,
    "totalOtherIncomeExpensesNet": -103383433,
    "incomeBeforeTax": 509751974,
    "incomeBeforeTaxRatio": 0.0917464995,
    "incomeTaxExpense": 132044185,
    "netIncome": 379754985,
    "netIncomeRatio": 0.0683492999,
    "eps": 1.48,
    "epsdiluted": 1.46,
    "weightedAverageShsOut": 257059283,
    "weightedAverageShsOutDil": 261684086,
    "link": null,
    "finalLink": null
  },
  {
    "date": "2021-06-30",
    "symbol": "SW",
    "reportedCurrency": "EUR",
    "cik": "0002005951",
    "fillingDate": "2021-06-30",
    "acceptedDate": "2021-06-28 20:00:00",
    "calendarYear": "2021",
    "period": "Q2",
    "revenue": 4751968153,
    "costOfRevenue": 3276308882,
    "grossProfit": 1475659270,
    "grossProfitRatio": 0.3105364393,
    "researchAndDevelopmentExpenses": 0,
    "generalAndAdministrativeExpenses": 0,
    "sellingAndMarketingExpenses": 0,
    "sellingGeneralAndAdministrativeExpenses": 992236136,
    "otherExpenses": 0,
    "operatingExpenses": 992236136,
    "costAndExpenses": 4268545019,
    "interestIncome": 1015594.44,
    "interestExpense": 60935688,
    "depreciationAndAmortization": 277257384,
    "ebitda": 760680514,
    "ebitdaratio": 0.1600769385,
    "operatingIncome": 483423131,
    "operatingIncomeRatio": 0.1017311386,
    "totalOtherIncomeExpensesNet": -63982471,
    "incomeBeforeTax": 419440659,
    "incomeBeforeTaxRatio": 0.0882667235,
    "incomeTaxExpense": 106637455,
    "netIncome": 312803203,
    "netIncomeRatio": 0.065826031,
    "eps": 1.21,
    "epsdiluted": 1.21,
    "weightedAverageShsOut": 257000000,
    "weightedAverageShsOutDil": 258000000,
    "link": null,
    "finalLink": null
  },
  {
    "date": "2020-12-31",
    "symbol": "SW",
    "reportedCurrency": "EUR",
    "cik": "0002005951",
    "fillingDate": "2020-12-31",
    "acceptedDate": "2020-12-29 19:00:00",
    "calendarYear": "2020",
    "period": "Q4",
    "revenue": 4168809362,
    "costOfRevenue": 2757368245,
    "grossProfit": 1411441117,
    "grossProfitRatio": 0.3385717586,
    "researchAndDevelopmentExpenses": 0,
    "generalAndAdministrativeExpenses": 0,
    "sellingAndMarketingExpenses": 0,
    "sellingGeneralAndAdministrativeExpenses": 956696948,
    "otherExpenses": 0,
    "operatingExpenses": 956696948,
    "costAndExpenses": 3714065194,
    "interestIncome": 1926881.62,
    "interestExpense": 59733344,
    "depreciationAndAmortization": 273617254,
    "ebitda": 728361423,
    "ebitdaratio": 0.1747168939,
    "operatingIncome": 454744165,
    "operatingIncomeRatio": 0.1090825043,
    "totalOtherIncomeExpensesNet": -103088188,
    "incomeBeforeTax": 351655977,
    "incomeBeforeTaxRatio": 0.0843540557,
    "incomeTaxExpense": 92490339,
    "netIncome": 258202197,
    "netIncomeRatio": 0.0619366765,
    "eps": 1.07,
    "epsdiluted": 1.06,
    "weightedAverageShsOut": 240602658,
    "weightedAverageShsOutDil": 244181278,
    "link": null,
    "finalLink": null
  },
  {
    "date": "2020-06-30",
    "symbol": "SW",
    "reportedCurrency": "EUR",
    "cik": "0002005951",
    "fillingDate": "2020-06-30",
    "acceptedDate": "2020-06-28 20:00:00",
    "calendarYear": "2020",
    "period": "Q2",
    "revenue": 4113174165,
    "costOfRevenue": 2734287084,
    "grossProfit": 1378887080,
    "grossProfitRatio": 0.3352367356,
    "researchAndDevelopmentExpenses": 0,
    "generalAndAdministrativeExpenses": 0,
    "sellingAndMarketingExpenses": 0,
    "sellingGeneralAndAdministrativeExpenses": 940461663,
    "otherExpenses": 0,
    "operatingExpenses": 940461663,
    "costAndExpenses": 3674748748,
    "interestIncome": 978627.67,
    "interestExpense": 64589458,
    "depreciationAndAmortization": 267165488,
    "ebitda": 705590906,
    "ebitdaratio": 0.1715441354,
    "operatingIncome": 438425416,
    "operatingIncomeRatio": 0.1065905304,
    "totalOtherIncomeExpensesNet": -64589459,
    "incomeBeforeTax": 373835957,
    "incomeBeforeTaxRatio": 0.0908874611,
    "incomeTaxExpense": 102755956,
    "netIncome": 271080000,
    "netIncomeRatio": 0.0659053055,
    "eps": 1.15,
    "epsdiluted": 1.14,
    "weightedAverageShsOut": 237000000,
    "weightedAverageShsOutDil": 238000000,
    "link": null,
    "finalLink": null
  }
]