[
  {
    "date": "2025-06-28",
    "symbol": "SWK",
    "reportedCurrency": "USD",
    "cik": "0000093556",
    "fillingDate": "2025-07-29",
    "acceptedDate": "2025-07-29 15:33:41",
    "calendarYear": "2025",
    "period": "Q2",
    "revenue": 3945200000,
    "costOfRevenue": 2878700000,
    "grossProfit": 1066500000,
    "grossProfitRatio": 0.2703285005,
    "researchAndDevelopmentExpenses": 0,
    "generalAndAdministrativeExpenses": 0,
    "sellingAndMarketingExpenses": 0,
    "sellingGeneralAndAdministrativeExpenses": 870400000,
    "otherExpenses": 0,
    "operatingExpenses": 870400000,
    "costAndExpenses": 3749100000,
    "interestIncome": 48900000,
    "interestExpense": 129100000,
    "depreciationAndAmortization": 0,
    "ebitda": 101900000,
    "ebitdaratio": 0.0258288553,
    "operatingIncome": 101900000,
    "operatingIncomeRatio": 0.0258288553,
    "totalOtherIncomeExpensesNet": -75200000,
    "incomeBeforeTax": 26700000,
    "incomeBeforeTaxRatio": 0.0067677177,
    "incomeTaxExpense": 0,
    "netIncome": 26700000,
    "netIncomeRatio": 0.0067677177,
    "eps": 0.67,
    "epsdiluted": 0.67,
    "weightedAverageShsOut": 151231000,
    "weightedAverageShsOutDil": 151728000,
    "link": "https://www.sec.gov/Archives/edgar/data/93556/000009355625000143/0000093556-25-000143-index.htm",
    "finalLink": "https://www.sec.gov/Archives/edgar/data/93556/000009355625000143/swk-20250628.htm"
  },
  {
    "date": "2025-03-29",
    "symbol": "SWK",
    "reportedCurrency": "USD",
    "cik": "0000093556",
    "fillingDate": "2025-04-30",
    "acceptedDate": "2025-04-30 16:32:20",
    "calendarYear": "2025",
    "period": "Q1",
    "revenue": 3744600000,
    "costOfRevenue": 2623800000,
    "grossProfit": 1120800000,
    "grossProfitRatio": 0.2993110079,
    "researchAndDevelopmentExpenses": 0,
    "generalAndAdministrativeExpenses": 0,
    "sellingAndMarketingExpenses": 0,
    "sellingGeneralAndAdministrativeExpenses": 852500000,
    "otherExpenses": 63500000,
    "operatingExpenses": 916000000,
    "costAndExpenses": 3539800000,
    "interestIncome": 49200000,
    "interestExpense": 126400000,
    "depreciationAndAmortization": 128400000,
    "ebitda": 382400000,
    "ebitdaratio": 0.1021203867,
    "operatingIncome": 204800000,
    "operatingIncomeRatio": 0.0546920899,
    "totalOtherIncomeExpensesNet": -77200000,
    "incomeBeforeTax": 127600000,
    "incomeBeforeTaxRatio": 0.0340757357,
    "incomeTaxExpense": 37200000,
    "netIncome": 90400000,
    "netIncomeRatio": 0.0241414303,
    "eps": 0.6,
    "epsdiluted": 0.6,
    "weightedAverageShsOut": 151028000,
    "weightedAverageShsOutDil": 151699000,
    "link": "https://www.sec.gov/Archives/edgar/data/93556/000009355625000107/0000093556-25-000107-index.htm",
    "finalLink": "https://www.sec.gov/Archives/edgar/data/93556/000009355625000107/swk-20250329.htm"
  },
  {
    "date": "2024-12-28",
    "symbol": "SWK",
    "reportedCurrency": "USD",
    "cik": "0000093556",
    "fillingDate": "2025-02-18",
    "acceptedDate": "2025-02-18 17:11:36",
    "calendarYear": "2024",
    "period": "Q4",
    "revenue": 3720500000,
    "costOfRevenue": 2576400000,
    "grossProfit": 1144100000,
    "grossProfitRatio": 0.3075124311,
    "researchAndDevelopmentExpenses": 0,
    "generalAndAdministrativeExpenses": 0,
    "sellingAndMarketingExpenses": 0,
    "sellingGeneralAndAdministrativeExpenses": 842700000,
    "otherExpenses": 12500000,
    "operatingExpenses": 855200000,
    "costAndExpenses": 3481500000,
    "interestIncome": 39800000,
    "interestExpense": 114400000,
    "depreciationAndAmortization": 139600000,
    "ebitda": 377900000,
    "ebitdaratio": 0.1015723693,
    "operatingIncome": 288900000,
    "operatingIncomeRatio": 0.0776508534,
    "totalOtherIncomeExpensesNet": -163500000,
    "incomeBeforeTax": 125400000,
    "incomeBeforeTaxRatio": 0.0337051472,
    "incomeTaxExpense": -69500000,
    "netIncome": 194900000,
    "netIncomeRatio": 0.0523854321,
    "eps": 1.29,
    "epsdiluted": 1.28,
    "weightedAverageShsOut": 150725000,
    "weightedAverageShsOutDil": 151710000,
    "link": "https://www.sec.gov/Archives/edgar/data/93556/000009355625000007/0000093556-25-000007-index.htm",
    "finalLink": "https://www.sec.gov/Archives/edgar/data/93556/000009355625000007/swk-20241228.htm"
  },
  {
    "date": "2024-09-28",
    "symbol": "SWK",
    "reportedCurrency": "USD",
    "cik": "0000093556",
    "fillingDate": "2024-10-29",
    "acceptedDate": "2024-10-29 15:10:47",
    "calendarYear": "2024",
    "period": "Q3",
    "revenue": 3751300000,
    "costOfRevenue": 2630700000,
    "grossProfit": 1120600000,
    "grossProfitRatio": 0.2987231093,
    "researchAndDevelopmentExpenses": 0,
    "generalAndAdministrativeExpenses": 0,
    "sellingAndMarketingExpenses": 0,
    "sellingGeneralAndAdministrativeExpenses": 790000000,
    "otherExpenses": 330600000,
    "operatingExpenses": 1120600000,
    "costAndExpenses": 3420700000,
    "interestIncome": 52800000,
    "interestExpense": 131400000,
    "depreciationAndAmortization": 154700000,
    "ebitda": 374100000,
    "ebitdaratio": 0.0997254285,
    "operatingIncome": 323500000,
    "operatingIncomeRatio": 0.0862367713,
    "totalOtherIncomeExpensesNet": -234000000,
    "incomeBeforeTax": 89500000,
    "incomeBeforeTaxRatio": 0.0238583958,
    "incomeTaxExpense": -1600000,
    "netIncome": 91100000,
    "netIncomeRatio": 0.0242849146,
    "eps": 0.6,
    "epsdiluted": 0.6,
    "weightedAverageShsOut": 150580000,
    "weightedAverageShsOutDil": 151465000,
    "link": "https://www.sec.gov/Archives/edgar/data/93556/000009355624000181/0000093556-24-000181-index.htm",
    "finalLink": "https://www.sec.gov/Archives/edgar/data/93556/000009355624000181/swk-20240928.htm"
  },
  {
    "date": "2024-06-29",
    "symbol": "SWK",
    "reportedCurrency": "USD",
    "cik": "0000093556",
    "fillingDate": "2024-07-30",
    "acceptedDate": "2024-07-30 14:33:18",
    "calendarYear": "2024",
    "period": "Q2",
    "revenue": 4024400000,
    "costOfRevenue": 2849800000,
    "grossProfit": 1174600000,
    "grossProfitRatio": 0.2918695955,
    "researchAndDevelopmentExpenses": 0,
    "generalAndAdministrativeExpenses": 0,
    "sellingAndMarketingExpenses": 0,
    "sellingGeneralAndAdministrativeExpenses": 801000000,
    "otherExpenses": 0,
    "operatingExpenses": 801000000,
    "costAndExpenses": 3650800000,
    "interestIncome": 42900000,
    "interestExpense": 121300000,
    "depreciationAndAmortization": 155000000,
    "ebitda": 252600000,
    "ebitdaratio": 0.0627671206,
    "operatingIncome": 373600000,
    "operatingIncomeRatio": 0.0928337143,
    "totalOtherIncomeExpensesNet": -334700000,
    "incomeBeforeTax": -22100000,
    "incomeBeforeTaxRatio": -0.0054915018,
    "incomeTaxExpense": -2900000,
    "netIncome": -11200000,
    "netIncomeRatio": -0.0027830236,
    "eps": -0.0745,
    "epsdiluted": -0.0745,
    "weightedAverageShsOut": 150394000,
    "weightedAverageShsOutDil": 150394000,
    "link": "https://www.sec.gov/Archives/edgar/data/93556/000009355624000141/0000093556-24-000141-index.htm",
    "finalLink": "https://www.sec.gov/Archives/edgar/data/93556/000009355624000141/swk-20240629.htm"
  },
  {
    "date": "2024-03-30",
    "symbol": "SWK",
    "reportedCurrency": "USD",
    "cik": "0000093556",
    "fillingDate": "2024-05-02",
    "acceptedDate": "2024-05-02 11:08:11",
    "calendarYear": "2024",
    "period": "Q1",
    "revenue": 3869500000,
    "costOfRevenue": 2777100000,
    "grossProfit": 1092400000,
    "grossProfitRatio": 0.282310376,
    "researchAndDevelopmentExpenses": 0,
    "generalAndAdministrativeExpenses": 0,
    "sellingAndMarketingExpenses": 0,
    "sellingGeneralAndAdministrativeExpenses": 831700000,
    "otherExpenses": 0,
    "operatingExpenses": 831700000,
    "costAndExpenses": 3608800000,
    "interestIncome": 43600000,
    "interestExpense": 131500000,
    "depreciationAndAmortization": 140200000,
    "ebitda": 318500000,
    "ebitdaratio": 0.082310376,
    "operatingIncome": 260700000,
    "operatingIncomeRatio": 0.0673730456,
    "totalOtherIncomeExpensesNet": -212400000,
    "incomeBeforeTax": 48300000,
    "incomeBeforeTaxRatio": 0.0124822328,
    "incomeTaxExpense": 28800000,
    "netIncome": 19500000,
    "netIncomeRatio": 0.0050394108,
    "eps": 0.13,
    "epsdiluted": 0.13,
    "weightedAverageShsOut": 150235000,
    "weightedAverageShsOutDil": 150941000,
    "link": "https://www.sec.gov/Archives/edgar/data/93556/000009355624000091/0000093556-24-000091-index.htm",
    "finalLink": "https://www.sec.gov/Archives/edgar/data/93556/000009355624000091/swk-20240330.htm"
  },
  {
    "date": "2023-12-30",
    "symbol": "SWK",
    "reportedCurrency": "USD",
    "cik": "0000093556",
    "fillingDate": "2024-02-27",
    "acceptedDate": "2024-02-27 16:53:14",
    "calendarYear": "2023",
    "period": "Q4",
    "revenue": 3736500000,
    "costOfRevenue": 2632100000,
    "grossProfit": 1104400000,
    "grossProfitRatio": 0.2955707213,
    "researchAndDevelopmentExpenses": 362000000,
    "generalAndAdministrativeExpenses": 686100000,
    "sellingAndMarketingExpenses": 138300000,
    "sellingGeneralAndAdministrativeExpenses": 824400000,
    "otherExpenses": -95800000,
    "operatingExpenses": 920200000,
    "costAndExpenses": 3552300000,
    "interestIncome": 51700000,
    "interestExpense": 139300000,
    "depreciationAndAmortization": 148400000,
    "ebitda": 207400000,
    "ebitdaratio": 0.05550649,
    "operatingIncome": 184200000,
    "operatingIncomeRatio": 0.0492974709,
    "totalOtherIncomeExpensesNet": -338000000,
    "incomeBeforeTax": -78800000,
    "incomeBeforeTaxRatio": -0.0210892547,
    "incomeTaxExpense": 197300000,
    "netIncome": -304400000,
    "netIncomeRatio": -0.0814666131,
    "eps": -2.03,
    "epsdiluted": -2.03,
    "weightedAverageShsOut": 149933000,
    "weightedAverageShsOutDil": 149933000,
    "link": "https://www.sec.gov/Archives/edgar/data/93556/000009355624000032/0000093556-24-000032-index.htm",
    "finalLink": "https://www.sec.gov/Archives/edgar/data/93556/000009355624000032/swk-20231230.htm"
  },
  {
    "date": "2023-09-30",
    "symbol": "SWK",
    "reportedCurrency": "USD",
    "cik": "0000093556",
    "fillingDate": "2023-10-30",
    "acceptedDate": "2023-10-30 13:33:17",
    "calendarYear": "2023",
    "period": "Q3",
    "revenue": 3953900000,
    "costOfRevenue": 2893300000,
    "grossProfit": 1060600000,
    "grossProfitRatio": 0.2682414831,
    "researchAndDevelopmentExpenses": 0,
    "generalAndAdministrativeExpenses": 0,
    "sellingAndMarketingExpenses": 0,
    "sellingGeneralAndAdministrativeExpenses": 794300000,
    "otherExpenses": 0,
    "operatingExpenses": 794300000,
    "costAndExpenses": 3687600000,
    "interestIncome": 50200000,
    "interestExpense": 144600000,
    "depreciationAndAmortization": 151100000,
    "ebitda": 237200000,
    "ebitdaratio": 0.0599914009,
    "operatingIncome": 37400000,
    "operatingIncomeRatio": 0.0094590151,
    "totalOtherIncomeExpensesNet": -323300000,
    "incomeBeforeTax": -57000000,
    "incomeBeforeTaxRatio": -0.0144161461,
    "incomeTaxExpense": -61700000,
    "netIncome": 4700000,
    "netIncomeRatio": 0.0011886998,
    "eps": 0.0314,
    "epsdiluted": 0.0312,
    "weightedAverageShsOut": 149799000,
    "weightedAverageShsOutDil": 150545000,
    "link": "https://www.sec.gov/Archives/edgar/data/93556/000009355623000031/0000093556-23-000031-index.htm",
    "finalLink": "https://www.sec.gov/Archives/edgar/data/93556/000009355623000031/swk-20230930.htm"
  },
  {
    "date": "2023-07-01",
    "symbol": "SWK",
    "reportedCurrency": "USD",
    "cik": "0000093556",
    "fillingDate": "2023-08-01",
    "acceptedDate": "2023-08-01 14:18:27",
    "calendarYear": "2023",
    "period": "Q2",
    "revenue": 4158900000,
    "costOfRevenue": 3226800000,
    "grossProfit": 932100000,
    "grossProfitRatio": 0.224121763,
    "researchAndDevelopmentExpenses": 0,
    "generalAndAdministrativeExpenses": 0,
    "sellingAndMarketingExpenses": 0,
    "sellingGeneralAndAdministrativeExpenses": 837300000,
    "otherExpenses": 0,
    "operatingExpenses": 837300000,
    "costAndExpenses": 4064100000,
    "interestIncome": 45200000,
    "interestExpense": 144600000,
    "depreciationAndAmortization": 164400000,
    "ebitda": 231600000,
    "ebitdaratio": 0.0556878021,
    "operatingIncome": 94800000,
    "operatingIncomeRatio": 0.0227944889,
    "totalOtherIncomeExpensesNet": -170600000,
    "incomeBeforeTax": -75800000,
    "incomeBeforeTaxRatio": -0.0182259732,
    "incomeTaxExpense": -253300000,
    "netIncome": 177000000,
    "netIncomeRatio": 0.0425593306,
    "eps": 1.18,
    "epsdiluted": 1.18,
    "weightedAverageShsOut": 149687000,
    "weightedAverageShsOutDil": 150227000,
    "link": "https://www.sec.gov/Archives/edgar/data/93556/000009355623000025/0000093556-23-000025-index.htm",
    "finalLink": "https://www.sec.gov/Archives/edgar/data/93556/000009355623000025/swk-20230701.htm"
  },
  {
    "date": "2023-04-01",
    "symbol": "SWK",
    "reportedCurrency": "USD",
    "cik": "0000093556",
    "fillingDate": "2023-05-04",
    "acceptedDate": "2023-05-04 12:55:20",
    "calendarYear": "2023",
    "period": "Q1",
    "revenue": 3931800000,
    "costOfRevenue": 3096300000,
    "grossProfit": 835500000,
    "grossProfitRatio": 0.2124980925,
    "researchAndDevelopmentExpenses": 0,
    "generalAndAdministrativeExpenses": 0,
    "sellingAndMarketingExpenses": 0,
    "sellingGeneralAndAdministrativeExpenses": 825100000,
    "otherExpenses": 63700000,
    "operatingExpenses": 888800000,
    "costAndExpenses": 3985100000,
    "interestIncome": 39800000,
    "interestExpense": 130500000,
    "depreciationAndAmortization": 161200000,
    "ebitda": 126500000,
    "ebitdaratio": 0.0321735592,
    "operatingIncome": -33600000,
    "operatingIncomeRatio": -0.0085457043,
    "totalOtherIncomeExpensesNet": -130500000,
    "incomeBeforeTax": -164100000,
    "incomeBeforeTaxRatio": -0.0417366092,
    "incomeTaxExpense": 23700000,
    "netIncome": -187800000,
    "netIncomeRatio": -0.0477643827,
    "eps": -1.26,
    "epsdiluted": -1.26,
    "weightedAverageShsOut": 149574000,
    "weightedAverageShsOutDil": 149574000,
    "link": "https://www.sec.gov/Archives/edgar/data/93556/000009355623000013/0000093556-23-000013-index.htm",
    "finalLink": "https://www.sec.gov/Archives/edgar/data/93556/000009355623000013/swk-20230401.htm"
  },
  {
    "date": "2022-12-31",
    "symbol": "SWK",
    "reportedCurrency": "USD",
    "cik": "0000093556",
    "fillingDate": "2023-02-23",
    "acceptedDate": "2023-02-23 17:26:30",
    "calendarYear": "2022",
    "period": "Q4",
    "revenue": 3986800000,
    "costOfRevenue": 3233300000,
    "grossProfit": 753500000,
    "grossProfitRatio": 0.1889986957,
    "researchAndDevelopmentExpenses": 357400000,
    "generalAndAdministrativeExpenses": 606500000,
    "sellingAndMarketingExpenses": 150700000,
    "sellingGeneralAndAdministrativeExpenses": 757200000,
    "otherExpenses": 64600000,
    "operatingExpenses": 821800000,
    "costAndExpenses": 4055100000,
    "interestIncome": 30000000,
    "interestExpense": 113900000,
    "depreciationAndAmortization": 147100000,
    "ebitda": 108800000,
    "ebitdaratio": 0.0272900572,
    "operatingIncome": -68300000,
    "operatingIncomeRatio": -0.0171315341,
    "totalOtherIncomeExpensesNet": -105600000,
    "incomeBeforeTax": -152200000,
    "incomeBeforeTaxRatio": -0.0381759807,
    "incomeTaxExpense": -51600000,
    "netIncome": -100600000,
    "netIncomeRatio": -0.0252332698,
    "eps": -0.68,
    "epsdiluted": -0.68,
    "weightedAverageShsOut": 146967000,
    "weightedAverageShsOutDil": 146967000,
    "link": "https://www.sec.gov/Archives/edgar/data/93556/000009355623000007/0000093556-23-000007-index.htm",
    "finalLink": "https://www.sec.gov/Archives/edgar/data/93556/000009355623000007/swk-20221231.htm"
  },
  {
    "date": "2022-10-01",
    "symbol": "SWK",
    "reportedCurrency": "USD",
    "cik": "0000093556",
    "fillingDate": "2022-10-27",
    "acceptedDate": "2022-10-27 13:22:45",
    "calendarYear": "2022",
    "period": "Q3",
    "revenue": 4119600000,
    "costOfRevenue": 3101500000,
    "grossProfit": 1018100000,
    "grossProfitRatio": 0.2471356442,
    "researchAndDevelopmentExpenses": 0,
    "generalAndAdministrativeExpenses": 0,
    "sellingAndMarketingExpenses": 0,
    "sellingGeneralAndAdministrativeExpenses": 799000000,
    "otherExpenses": 69900000,
    "operatingExpenses": 868900000,
    "costAndExpenses": 3970400000,
    "interestIncome": 15400000,
    "interestExpense": 91700000,
    "depreciationAndAmortization": 138000000,
    "ebitda": 223900000,
    "ebitdaratio": 0.0543499369,
    "operatingIncome": 164600000,
    "operatingIncomeRatio": 0.0399553355,
    "totalOtherIncomeExpensesNet": -40900000,
    "incomeBeforeTax": -4300000,
    "incomeBeforeTaxRatio": -0.0010437907,
    "incomeTaxExpense": -40900000,
    "netIncome": 36600000,
    "netIncomeRatio": 0.0088843577,
    "eps": 0.24,
    "epsdiluted": 0.24,
    "weightedAverageShsOut": 152351457,
    "weightedAverageShsOutDil": 153600000,
    "link": "https://www.sec.gov/Archives/edgar/data/93556/000009355622000044/0000093556-22-000044-index.htm",
    "finalLink": "https://www.sec.gov/Archives/edgar/data/93556/000009355622000044/swk-20221001.htm"
  },
  {
    "date": "2022-07-02",
    "symbol": "SWK",
    "reportedCurrency": "USD",
    "cik": "0000093556",
    "fillingDate": "2022-07-28",
    "acceptedDate": "2022-07-28 14:23:32",
    "calendarYear": "2022",
    "period": "Q2",
    "revenue": 4393000000,
    "costOfRevenue": 3185900000,
    "grossProfit": 1207100000,
    "grossProfitRatio": 0.274778056,
    "researchAndDevelopmentExpenses": 0,
    "generalAndAdministrativeExpenses": 0,
    "sellingAndMarketingExpenses": 0,
    "sellingGeneralAndAdministrativeExpenses": 849400000,
    "otherExpenses": 82400000,
    "operatingExpenses": 931800000,
    "costAndExpenses": 4117700000,
    "interestIncome": 6500000,
    "interestExpense": 78200000,
    "depreciationAndAmortization": 143400000,
    "ebitda": 236000000,
    "ebitdaratio": 0.0537218302,
    "operatingIncome": 281800000,
    "operatingIncomeRatio": 0.0641475074,
    "totalOtherIncomeExpensesNet": -338500000,
    "incomeBeforeTax": 15900000,
    "incomeBeforeTaxRatio": 0.0036193945,
    "incomeTaxExpense": -62800000,
    "netIncome": 87600000,
    "netIncomeRatio": 0.0199408149,
    "eps": 0.57,
    "epsdiluted": 0.57,
    "weightedAverageShsOut": 154030363,
    "weightedAverageShsOutDil": 154814000,
    "link": "https://www.sec.gov/Archives/edgar/data/93556/000009355622000036/0000093556-22-000036-index.htm",
    "finalLink": "https://www.sec.gov/Archives/edgar/data/93556/000009355622000036/swk-20220702.htm"
  },
  {
    "date": "2022-04-02",
    "symbol": "SWK",
    "reportedCurrency": "USD",
    "cik": "0000093556",
    "fillingDate": "2022-04-28",
    "acceptedDate": "2022-04-28 11:44:19",
    "calendarYear": "2022",
    "period": "Q1",
    "revenue": 4448000000,
    "costOfRevenue": 3142600000,
    "grossProfit": 1305400000,
    "grossProfitRatio": 0.2934802158,
    "researchAndDevelopmentExpenses": 0,
    "generalAndAdministrativeExpenses": 0,
    "sellingAndMarketingExpenses": 0,
    "sellingGeneralAndAdministrativeExpenses": 949200000,
    "otherExpenses": 73100000,
    "operatingExpenses": 1022300000,
    "costAndExpenses": 4164900000,
    "interestIncome": 2800000,
    "interestExpense": 54700000,
    "depreciationAndAmortization": 143700000,
    "ebitda": 375700000,
    "ebitdaratio": 0.0844649281,
    "operatingIncome": 285900000,
    "operatingIncomeRatio": 0.0642760791,
    "totalOtherIncomeExpensesNet": -107400000,
    "incomeBeforeTax": 178500000,
    "incomeBeforeTaxRatio": 0.0401303957,
    "incomeTaxExpense": 22900000,
    "netIncome": 175300000,
    "netIncomeRatio": 0.0394109712,
    "eps": 1.06,
    "epsdiluted": 1.06,
    "weightedAverageShsOut": 165094640,
    "weightedAverageShsOutDil": 165413000,
    "link": "https://www.sec.gov/Archives/edgar/data/93556/000009355622000021/0000093556-22-000021-index.htm",
    "finalLink": "https://www.sec.gov/Archives/edgar/data/93556/000009355622000021/swk-20220402.htm"
  },
  {
    "date": "2022-01-01",
    "symbol": "SWK",
    "reportedCurrency": "USD",
    "cik": "0000093556",
    "fillingDate": "2022-02-22",
    "acceptedDate": "2022-02-22 06:04:11",
    "calendarYear": "2021",
    "period": "Q4",
    "revenue": 4068300000,
    "costOfRevenue": 2915800000,
    "grossProfit": 1152500000,
    "grossProfitRatio": 0.2832878598,
    "researchAndDevelopmentExpenses": 276300000,
    "generalAndAdministrativeExpenses": 828700000,
    "sellingAndMarketingExpenses": 118100000,
    "sellingGeneralAndAdministrativeExpenses": 946800000,
    "otherExpenses": -2300000,
    "operatingExpenses": 946800000,
    "costAndExpenses": 3862600000,
    "interestIncome": 1900000,
    "interestExpense": 45600000,
    "depreciationAndAmortization": 146500000,
    "ebitda": 352000000,
    "ebitdaratio": 0.0865226262,
    "operatingIncome": 204700000,
    "operatingIncomeRatio": 0.0503158567,
    "totalOtherIncomeExpensesNet": -43800000,
    "incomeBeforeTax": 160900000,
    "incomeBeforeTaxRatio": 0.0395496891,
    "incomeTaxExpense": -127600000,
    "netIncome": 328100000,
    "netIncomeRatio": 0.0806479365,
    "eps": 2.06,
    "epsdiluted": 1.99,
    "weightedAverageShsOut": 159605000,
    "weightedAverageShsOutDil": 165383000,
    "link": "https://www.sec.gov/Archives/edgar/data/93556/000009355622000015/0000093556-22-000015-index.htm",
    "finalLink": "https://www.sec.gov/Archives/edgar/data/93556/000009355622000015/swk-20220101.htm"
  },
  {
    "date": "2021-10-02",
    "symbol": "SWK",
    "reportedCurrency": "USD",
    "cik": "0000093556",
    "fillingDate": "2021-11-12",
    "acceptedDate": "2021-11-12 09:21:00",
    "calendarYear": "2021",
    "period": "Q3",
    "revenue": 4263200000,
    "costOfRevenue": 2871700000,
    "grossProfit": 1391500000,
    "grossProfitRatio": 0.3263980109,
    "researchAndDevelopmentExpenses": 0,
    "generalAndAdministrativeExpenses": 0,
    "sellingAndMarketingExpenses": 0,
    "sellingGeneralAndAdministrativeExpenses": 898800000,
    "otherExpenses": 0,
    "operatingExpenses": 898800000,
    "costAndExpenses": 3770500000,
    "interestIncome": 2300000,
    "interestExpense": 45800000,
    "depreciationAndAmortization": 144200000,
    "ebitda": 593100000,
    "ebitdaratio": 0.1391208482,
    "operatingIncome": 447400000,
    "operatingIncomeRatio": 0.1049446425,
    "totalOtherIncomeExpensesNet": -36300000,
    "incomeBeforeTax": 403900000,
    "incomeBeforeTaxRatio": 0.0947410396,
    "incomeTaxExpense": -400000,
    "netIncome": 414600000,
    "netIncomeRatio": 0.0972508913,
    "eps": 2.6,
    "epsdiluted": 2.51,
    "weightedAverageShsOut": 159444000,
    "weightedAverageShsOutDil": 165336000,
    "link": "https://www.sec.gov/Archives/edgar/data/93556/000009355621000052/0000093556-21-000052-index.htm",
    "finalLink": "https://www.sec.gov/Archives/edgar/data/93556/000009355621000052/swk-20211002.htm"
  },
  {
    "date": "2021-07-03",
    "symbol": "SWK",
    "reportedCurrency": "USD",
    "cik": "0000093556",
    "fillingDate": "2021-07-27",
    "acceptedDate": "2021-07-27 14:10:02",
    "calendarYear": "2021",
    "period": "Q2",
    "revenue": 4300900000,
    "costOfRevenue": 2757300000,
    "grossProfit": 1543600000,
    "grossProfitRatio": 0.3589016252,
    "researchAndDevelopmentExpenses": 0,
    "generalAndAdministrativeExpenses": 0,
    "sellingAndMarketingExpenses": 0,
    "sellingGeneralAndAdministrativeExpenses": 901600000,
    "otherExpenses": 0,
    "operatingExpenses": 901600000,
    "costAndExpenses": 3658900000,
    "interestIncome": 2700000,
    "interestExpense": 46500000,
    "depreciationAndAmortization": 142400000,
    "ebitda": 715700000,
    "ebitdaratio": 0.1664070311,
    "operatingIncome": 571600000,
    "operatingIncomeRatio": 0.1329024158,
    "totalOtherIncomeExpensesNet": -51200000,
    "incomeBeforeTax": 527800000,
    "incomeBeforeTaxRatio": 0.1227185008,
    "incomeTaxExpense": 73700000,
    "netIncome": 454700000,
    "netIncomeRatio": 0.1057220582,
    "eps": 2.87,
    "epsdiluted": 2.75,
    "weightedAverageShsOut": 158644000,
    "weightedAverageShsOutDil": 165187000,
    "link": "https://www.sec.gov/Archives/edgar/data/93556/000009355621000035/0000093556-21-000035-index.htm",
    "finalLink": "https://www.sec.gov/Archives/edgar/data/93556/000009355621000035/swk-20210703.htm"
  },
  {
    "date": "2021-04-03",
    "symbol": "SWK",
    "reportedCurrency": "USD",
    "cik": "0000093556",
    "fillingDate": "2021-04-28",
    "acceptedDate": "2021-04-28 15:13:21",
    "calendarYear": "2021",
    "period": "Q1",
    "revenue": 4197100000,
    "costOfRevenue": 2632800000,
    "grossProfit": 1564300000,
    "grossProfitRatio": 0.3727097281,
    "researchAndDevelopmentExpenses": 0,
    "generalAndAdministrativeExpenses": 0,
    "sellingAndMarketingExpenses": 0,
    "sellingGeneralAndAdministrativeExpenses": 847400000,
    "otherExpenses": 0,
    "operatingExpenses": 852900000,
    "costAndExpenses": 3485700000,
    "interestIncome": 2900000,
    "interestExpense": 47500000,
    "depreciationAndAmortization": 144000000,
    "ebitda": 794900000,
    "ebitdaratio": 0.1893926759,
    "operatingIncome": 711400000,
    "operatingIncomeRatio": 0.1694979867,
    "totalOtherIncomeExpensesNet": -64200000,
    "incomeBeforeTax": 604500000,
    "incomeBeforeTaxRatio": 0.1440280193,
    "incomeTaxExpense": 119500000,
    "netIncome": 478000000,
    "netIncomeRatio": 0.1138881609,
    "eps": 3.04,
    "epsdiluted": 2.91,
    "weightedAverageShsOut": 157490000,
    "weightedAverageShsOutDil": 164349000,
    "link": "https://www.sec.gov/Archives/edgar/data/93556/000009355621000015/0000093556-21-000015-index.htm",
    "finalLink": "https://www.sec.gov/Archives/edgar/data/93556/000009355621000015/swk-20210403.htm"
  },
  {
    "date": "2021-01-02",
    "symbol": "SWK",
    "reportedCurrency": "USD",
    "cik": "0000093556",
    "fillingDate": "2021-02-18",
    "acceptedDate": "2021-02-18 16:02:43",
    "calendarYear": "2020",
    "period": "Q4",
    "revenue": 4407600000,
    "costOfRevenue": 2851800000,
    "grossProfit": 1555800000,
    "grossProfitRatio": 0.3529812143,
    "researchAndDevelopmentExpenses": 0,
    "generalAndAdministrativeExpenses": 0,
    "sellingAndMarketingExpenses": 0,
    "sellingGeneralAndAdministrativeExpenses": 870200000,
    "otherExpenses": 0,
    "operatingExpenses": 870200000,
    "costAndExpenses": 3722000000,
    "interestIncome": 3400000,
    "interestExpense": 53400000,
    "depreciationAndAmortization": 147000000,
    "ebitda": 737700000,
    "ebitdaratio": 0.1673699973,
    "operatingIncome": 590100000,
    "operatingIncomeRatio": 0.133882385,
    "totalOtherIncomeExpensesNet": -145500000,
    "incomeBeforeTax": 540100000,
    "incomeBeforeTaxRatio": 0.1225383429,
    "incomeTaxExpense": 67400000,
    "netIncome": 458000000,
    "netIncomeRatio": 0.1039114257,
    "eps": 2.92,
    "epsdiluted": 2.88,
    "weightedAverageShsOut": 156866000,
    "weightedAverageShsOutDil": 159284000,
    "link": "https://www.sec.gov/Archives/edgar/data/93556/000009355621000008/0000093556-21-000008-index.htm",
    "finalLink": "https://www.sec.gov/Archives/edgar/data/93556/000009355621000008/swk-20210102.htm"
  },
  {
    "date": "2020-09-26",
    "symbol": "SWK",
    "reportedCurrency": "USD",
    "cik": "0000093556",
    "fillingDate": "2020-10-27",
    "acceptedDate": "2020-10-27 13:58:01",
    "calendarYear": "2020",
    "period": "Q3",
    "revenue": 3850200000,
    "costOfRevenue": 2473900000,
    "grossProfit": 1376300000,
    "grossProfitRatio": 0.35746195,
    "researchAndDevelopmentExpenses": 0,
    "generalAndAdministrativeExpenses": 0,
    "sellingAndMarketingExpenses": 0,
    "sellingGeneralAndAdministrativeExpenses": 738900000,
    "otherExpenses": 0,
    "operatingExpenses": 738900000,
    "costAndExpenses": 3212800000,
    "interestIncome": 2000000,
    "interestExpense": 52700000,
    "depreciationAndAmortization": 145300000,
    "ebitda": 663300000,
    "ebitdaratio": 0.1722767648,
    "operatingIncome": 520300000,
    "operatingIncomeRatio": 0.1351358371,
    "totalOtherIncomeExpensesNet": -167800000,
    "incomeBeforeTax": 469600000,
    "incomeBeforeTaxRatio": 0.12196769,
    "incomeTaxExpense": 78400000,
    "netIncome": 385600000,
    "netIncomeRatio": 0.1001506415,
    "eps": 2.47,
    "epsdiluted": 2.37,
    "weightedAverageShsOut": 156370000,
    "weightedAverageShsOutDil": 162675000,
    "link": "https://www.sec.gov/Archives/edgar/data/93556/000009355620000033/0000093556-20-000033-index.htm",
    "finalLink": "https://www.sec.gov/Archives/edgar/data/93556/000009355620000033/swk-20200926.htm"
  },
  {
    "date": "2020-06-27",
    "symbol": "SWK",
    "reportedCurrency": "USD",
    "cik": "0000093556",
    "fillingDate": "2020-07-31",
    "acceptedDate": "2020-07-31 11:28:09",
    "calendarYear": "2020",
    "period": "Q2",
    "revenue": 3147400000,
    "costOfRevenue": 2134700000,
    "grossProfit": 1012700000,
    "grossProfitRatio": 0.3217576412,
    "researchAndDevelopmentExpenses": 0,
    "generalAndAdministrativeExpenses": 0,
    "sellingAndMarketingExpenses": 0,
    "sellingGeneralAndAdministrativeExpenses": 732000000,
    "otherExpenses": 0,
    "operatingExpenses": 732000000,
    "costAndExpenses": 2866700000,
    "interestIncome": 2500000,
    "interestExpense": 57300000,
    "depreciationAndAmortization": 144700000,
    "ebitda": 308400000,
    "ebitdaratio": 0.0979856389,
    "operatingIncome": 165900000,
    "operatingIncomeRatio": 0.0527101735,
    "totalOtherIncomeExpensesNet": -169600000,
    "incomeBeforeTax": 111100000,
    "incomeBeforeTaxRatio": 0.0352989769,
    "incomeTaxExpense": -117300000,
    "netIncome": 233700000,
    "netIncomeRatio": 0.0742517634,
    "eps": 1.52,
    "epsdiluted": 1.52,
    "weightedAverageShsOut": 153330000,
    "weightedAverageShsOutDil": 154154000,
    "link": "https://www.sec.gov/Archives/edgar/data/93556/000009355620000026/0000093556-20-000026-index.htm",
    "finalLink": "https://www.sec.gov/Archives/edgar/data/93556/000009355620000026/swk-20200627.htm"
  },
  {
    "date": "2020-03-28",
    "symbol": "SWK",
    "reportedCurrency": "USD",
    "cik": "0000093556",
    "fillingDate": "2020-05-01",
    "acceptedDate": "2020-05-01 11:11:05",
    "calendarYear": "2020",
    "period": "Q1",
    "revenue": 3129400000,
    "costOfRevenue": 2106300000,
    "grossProfit": 1023100000,
    "grossProfitRatio": 0.3269316802,
    "researchAndDevelopmentExpenses": 0,
    "generalAndAdministrativeExpenses": 0,
    "sellingAndMarketingExpenses": 0,
    "sellingGeneralAndAdministrativeExpenses": 748500000,
    "otherExpenses": 0,
    "operatingExpenses": 748500000,
    "costAndExpenses": 2854800000,
    "interestIncome": 10100000,
    "interestExpense": 59700000,
    "depreciationAndAmortization": 141100000,
    "ebitda": 347000000,
    "ebitdaratio": 0.1108838755,
    "operatingIncome": 195800000,
    "operatingIncomeRatio": 0.0625679044,
    "totalOtherIncomeExpensesNet": -49600000,
    "incomeBeforeTax": 146200000,
    "incomeBeforeTaxRatio": 0.0467182207,
    "incomeTaxExpense": 12900000,
    "netIncome": 133200000,
    "netIncomeRatio": 0.0425640698,
    "eps": 0.89,
    "epsdiluted": 0.88,
    "weightedAverageShsOut": 150330000,
    "weightedAverageShsOutDil": 151903000,
    "link": "https://www.sec.gov/Archives/edgar/data/93556/000009355620000012/0000093556-20-000012-index.htm",
    "finalLink": "https://www.sec.gov/Archives/edgar/data/93556/000009355620000012/swk-q12020.htm"
  },
  {
    "date": "2019-12-28",
    "symbol": "SWK",
    "reportedCurrency": "USD",
    "cik": "0000093556",
    "fillingDate": "2020-02-21",
    "acceptedDate": "2020-02-21 13:03:52",
    "calendarYear": "2019",
    "period": "Q4",
    "revenue": 3714200000,
    "costOfRevenue": 2553600000,
    "grossProfit": 1160600000,
    "grossProfitRatio": 0.3124764418,
    "researchAndDevelopmentExpenses": 255200000,
    "generalAndAdministrativeExpenses": 626400000,
    "sellingAndMarketingExpenses": 97300000,
    "sellingGeneralAndAdministrativeExpenses": 723700000,
    "otherExpenses": -84400000,
    "operatingExpenses": 723700000,
    "costAndExpenses": 3277300000,
    "interestIncome": 12500000,
    "interestExpense": 65100000,
    "depreciationAndAmortization": 139800000,
    "ebitda": 437700000,
    "ebitdaratio": 0.1178450272,
    "operatingIncome": 289400000,
    "operatingIncomeRatio": 0.0779171827,
    "totalOtherIncomeExpensesNet": -200100000,
    "incomeBeforeTax": 236800000,
    "incomeBeforeTaxRatio": 0.0637553174,
    "incomeTaxExpense": 25300000,
    "netIncome": 199100000,
    "netIncomeRatio": 0.0536050832,
    "eps": 1.34,
    "epsdiluted": 1.32,
    "weightedAverageShsOut": 149016000,
    "weightedAverageShsOutDil": 151244000,
    "link": "https://www.sec.gov/Archives/edgar/data/93556/000009355620000006/0000093556-20-000006-index.htm",
    "finalLink": "https://www.sec.gov/Archives/edgar/data/93556/000009355620000006/swk10k2019.htm"
  },
  {
    "date": "2019-09-28",
    "symbol": "SWK",
    "reportedCurrency": "USD",
    "cik": "0000093556",
    "fillingDate": "2019-10-25",
    "acceptedDate": "2019-10-25 14:02:59",
    "calendarYear": "2019",
    "period": "Q3",
    "revenue": 3633100000,
    "costOfRevenue": 2393600000,
    "grossProfit": 1239500000,
    "grossProfitRatio": 0.3411686989,
    "researchAndDevelopmentExpenses": 0,
    "generalAndAdministrativeExpenses": 0,
    "sellingAndMarketingExpenses": 0,
    "sellingGeneralAndAdministrativeExpenses": 756100000,
    "otherExpenses": 0,
    "operatingExpenses": 756100000,
    "costAndExpenses": 3149700000,
    "interestIncome": 12700000,
    "interestExpense": 72400000,
    "depreciationAndAmortization": 140900000,
    "ebitda": 503900000,
    "ebitdaratio": 0.1386969805,
    "operatingIncome": 354400000,
    "operatingIncomeRatio": 0.0975475489,
    "totalOtherIncomeExpensesNet": -188700000,
    "incomeBeforeTax": 294700000,
    "incomeBeforeTaxRatio": 0.081115301,
    "incomeTaxExpense": 59200000,
    "netIncome": 230500000,
    "netIncomeRatio": 0.0634444414,
    "eps": 1.55,
    "epsdiluted": 1.53,
    "weightedAverageShsOut": 148350000,
    "weightedAverageShsOutDil": 150623000,
    "link": "https://www.sec.gov/Archives/edgar/data/93556/000009355619000041/0000093556-19-000041-index.htm",
    "finalLink": "https://www.sec.gov/Archives/edgar/data/93556/000009355619000041/swk-q32019.htm"
  },
  {
    "date": "2019-06-29",
    "symbol": "SWK",
    "reportedCurrency": "USD",
    "cik": "0000093556",
    "fillingDate": "2019-07-23",
    "acceptedDate": "2019-07-23 15:34:25",
    "calendarYear": "2019",
    "period": "Q2",
    "revenue": 3761300000,
    "costOfRevenue": 2461500000,
    "grossProfit": 1299800000,
    "grossProfitRatio": 0.3455720097,
    "researchAndDevelopmentExpenses": 0,
    "generalAndAdministrativeExpenses": 0,
    "sellingAndMarketingExpenses": 0,
    "sellingGeneralAndAdministrativeExpenses": 776200000,
    "otherExpenses": -62200000,
    "operatingExpenses": 844500000,
    "costAndExpenses": 3306000000,
    "interestIncome": 12100000,
    "interestExpense": 72400000,
    "depreciationAndAmortization": 141700000,
    "ebitda": 613700000,
    "ebitdaratio": 0.1631616728,
    "operatingIncome": 455300000,
    "operatingIncomeRatio": 0.1210485736,
    "totalOtherIncomeExpensesNet": -51600000,
    "incomeBeforeTax": 403700000,
    "incomeBeforeTaxRatio": 0.1073299125,
    "incomeTaxExpense": 51600000,
    "netIncome": 356300000,
    "netIncomeRatio": 0.0947278866,
    "eps": 2.41,
    "epsdiluted": 2.37,
    "weightedAverageShsOut": 148099000,
    "weightedAverageShsOutDil": 150358000,
    "link": "https://www.sec.gov/Archives/edgar/data/93556/000009355619000034/0000093556-19-000034-index.htm",
    "finalLink": "https://www.sec.gov/Archives/edgar/data/93556/000009355619000034/swk-q22019.htm"
  },
  {
    "date": "2019-03-30",
    "symbol": "SWK",
    "reportedCurrency": "USD",
    "cik": "0000093556",
    "fillingDate": "2019-04-26",
    "acceptedDate": "2019-04-26 14:06:50",
    "calendarYear": "2019",
    "period": "Q1",
    "revenue": 3333600000,
    "costOfRevenue": 2228000000,
    "grossProfit": 1105600000,
    "grossProfitRatio": 0.3316534677,
    "researchAndDevelopmentExpenses": 0,
    "generalAndAdministrativeExpenses": 0,
    "sellingAndMarketingExpenses": 0,
    "sellingGeneralAndAdministrativeExpenses": 778900000,
    "otherExpenses": 0,
    "operatingExpenses": 778900000,
    "costAndExpenses": 3006900000,
    "interestIncome": 16600000,
    "interestExpense": 74400000,
    "depreciationAndAmortization": 137800000,
    "ebitda": 403000000,
    "ebitdaratio": 0.1208903288,
    "operatingIncome": 252600000,
    "operatingIncomeRatio": 0.0757739381,
    "totalOtherIncomeExpensesNet": -57800000,
    "incomeBeforeTax": 194800000,
    "incomeBeforeTaxRatio": 0.0584353252,
    "incomeTaxExpense": 24700000,
    "netIncome": 169900000,
    "netIncomeRatio": 0.0509659227,
    "eps": 1.15,
    "epsdiluted": 1.13,
    "weightedAverageShsOut": 147863000,
    "weightedAverageShsOutDil": 149908000,
    "link": "https://www.sec.gov/Archives/edgar/data/93556/000009355619000022/0000093556-19-000022-index.htm",
    "finalLink": "https://www.sec.gov/Archives/edgar/data/93556/000009355619000022/swk-q12019.htm"
  },
  {
    "date": "2018-12-29",
    "symbol": "SWK",
    "reportedCurrency": "USD",
    "cik": "0000093556",
    "fillingDate": "2019-02-26",
    "acceptedDate": "2019-02-26 11:28:51",
    "calendarYear": "2018",
    "period": "Q4",
    "revenue": 3634700000,
    "costOfRevenue": 2424000000,
    "grossProfit": 1210700000,
    "grossProfitRatio": 0.3330948909,
    "researchAndDevelopmentExpenses": 275800000,
    "generalAndAdministrativeExpenses": 674700000,
    "sellingAndMarketingExpenses": 106700000,
    "sellingGeneralAndAdministrativeExpenses": 781400000,
    "otherExpenses": -50300000,
    "operatingExpenses": 781400000,
    "costAndExpenses": 3205400000,
    "interestIncome": 18600000,
    "interestExpense": 73600000,
    "depreciationAndAmortization": 125500000,
    "ebitda": 405600000,
    "ebitdaratio": 0.1115910529,
    "operatingIncome": 276800000,
    "operatingIncomeRatio": 0.0761548408,
    "totalOtherIncomeExpensesNet": -207500000,
    "incomeBeforeTax": 221800000,
    "incomeBeforeTaxRatio": 0.061022918,
    "incomeTaxExpense": 287700000,
    "netIncome": -66700000,
    "netIncomeRatio": -0.0183508955,
    "eps": -0.45,
    "epsdiluted": -0.45,
    "weightedAverageShsOut": 146815828,
    "weightedAverageShsOutDil": 147582000,
    "link": "https://www.sec.gov/Archives/edgar/data/93556/000009355619000011/0000093556-19-000011-index.htm",
    "finalLink": "https://www.sec.gov/Archives/edgar/data/93556/000009355619000011/swk_10k2018.htm"
  },
  {
    "date": "2018-09-29",
    "symbol": "SWK",
    "reportedCurrency": "USD",
    "cik": "0000093556",
    "fillingDate": "2018-10-26",
    "acceptedDate": "2018-10-26 14:50:41",
    "calendarYear": "2018",
    "period": "Q3",
    "revenue": 3494800000,
    "costOfRevenue": 2256400000,
    "grossProfit": 1238400000,
    "grossProfitRatio": 0.3543550418,
    "researchAndDevelopmentExpenses": 0,
    "generalAndAdministrativeExpenses": 0,
    "sellingAndMarketingExpenses": 0,
    "sellingGeneralAndAdministrativeExpenses": 798900000,
    "otherExpenses": 0,
    "operatingExpenses": 798900000,
    "costAndExpenses": 3055300000,
    "interestIncome": 18700000,
    "interestExpense": 72100000,
    "depreciationAndAmortization": 129700000,
    "ebitda": 506700000,
    "ebitdaratio": 0.1449868376,
    "operatingIncome": 358300000,
    "operatingIncomeRatio": 0.1025237496,
    "totalOtherIncomeExpensesNet": -134600000,
    "incomeBeforeTax": 304900000,
    "incomeBeforeTaxRatio": 0.0872439052,
    "incomeTaxExpense": 56600000,
    "netIncome": 247800000,
    "netIncomeRatio": 0.0709053451,
    "eps": 1.67,
    "epsdiluted": 1.65,
    "weightedAverageShsOut": 147964000,
    "weightedAverageShsOutDil": 150599000,
    "link": "https://www.sec.gov/Archives/edgar/data/93556/000009355618000040/0000093556-18-000040-index.htm",
    "finalLink": "https://www.sec.gov/Archives/edgar/data/93556/000009355618000040/swk-q32018.htm"
  },
  {
    "date": "2018-06-30",
    "symbol": "SWK",
    "reportedCurrency": "USD",
    "cik": "0000093556",
    "fillingDate": "2018-07-20",
    "acceptedDate": "2018-07-20 14:18:09",
    "calendarYear": "2018",
    "period": "Q2",
    "revenue": 3643600000,
    "costOfRevenue": 2356500000,
    "grossProfit": 1287100000,
    "grossProfitRatio": 0.3532495334,
    "researchAndDevelopmentExpenses": 0,
    "generalAndAdministrativeExpenses": 0,
    "sellingAndMarketingExpenses": 0,
    "sellingGeneralAndAdministrativeExpenses": 801800000,
    "otherExpenses": -119300000,
    "operatingExpenses": 925100000,
    "costAndExpenses": 3281600000,
    "interestIncome": 15600000,
    "interestExpense": 69000000,
    "depreciationAndAmortization": 127700000,
    "ebitda": 491100000,
    "ebitdaratio": 0.1347842793,
    "operatingIncome": 362000000,
    "operatingIncomeRatio": 0.0993522889,
    "totalOtherIncomeExpensesNet": -67600000,
    "incomeBeforeTax": 294400000,
    "incomeBeforeTaxRatio": 0.0807992096,
    "incomeTaxExpense": 1000000,
    "netIncome": 293600000,
    "netIncomeRatio": 0.0805796465,
    "eps": 1.96,
    "epsdiluted": 1.93,
    "weightedAverageShsOut": 149748000,
    "weightedAverageShsOutDil": 152494000,
    "link": "https://www.sec.gov/Archives/edgar/data/93556/000009355618000028/0000093556-18-000028-index.htm",
    "finalLink": "https://www.sec.gov/Archives/edgar/data/93556/000009355618000028/swk-q22018.htm"
  },
  {
    "date": "2018-03-31",
    "symbol": "SWK",
    "reportedCurrency": "USD",
    "cik": "0000093556",
    "fillingDate": "2018-04-23",
    "acceptedDate": "2018-04-23 10:44:20",
    "calendarYear": "2018",
    "period": "Q1",
    "revenue": 3209300000,
    "costOfRevenue": 2043600000,
    "grossProfit": 1165700000,
    "grossProfitRatio": 0.3632256255,
    "researchAndDevelopmentExpenses": 0,
    "generalAndAdministrativeExpenses": 0,
    "sellingAndMarketingExpenses": 0,
    "sellingGeneralAndAdministrativeExpenses": 785600000,
    "otherExpenses": 0,
    "operatingExpenses": 785600000,
    "costAndExpenses": 2829200000,
    "interestIncome": 15800000,
    "interestExpense": 63200000,
    "depreciationAndAmortization": 123600000,
    "ebitda": 438600000,
    "ebitdaratio": 0.1366653164,
    "operatingIncome": 299200000,
    "operatingIncomeRatio": 0.0932290531,
    "totalOtherIncomeExpensesNet": -47400000,
    "incomeBeforeTax": 251800000,
    "incomeBeforeTaxRatio": 0.0784594771,
    "incomeTaxExpense": 81700000,
    "netIncome": 170600000,
    "netIncomeRatio": 0.0531580095,
    "eps": 1.13,
    "epsdiluted": 1.11,
    "weightedAverageShsOut": 150612000,
    "weightedAverageShsOutDil": 153905000,
    "link": "https://www.sec.gov/Archives/edgar/data/93556/000009355618000016/0000093556-18-000016-index.htm",
    "finalLink": "https://www.sec.gov/Archives/edgar/data/93556/000009355618000016/swk-q12018.htm"
  },
  {
    "date": "2017-12-30",
    "symbol": "SWK",
    "reportedCurrency": "USD",
    "cik": "0000093556",
    "fillingDate": "2018-02-27",
    "acceptedDate": "2018-02-27 14:29:03",
    "calendarYear": "2017",
    "period": "Q4",
    "revenue": 3413500000,
    "costOfRevenue": 2165100000,
    "grossProfit": 1248400000,
    "grossProfitRatio": 0.3657243299,
    "researchAndDevelopmentExpenses": 252300000,
    "generalAndAdministrativeExpenses": 663900000,
    "sellingAndMarketingExpenses": 129400000,
    "sellingGeneralAndAdministrativeExpenses": 793300000,
    "otherExpenses": -57700000,
    "operatingExpenses": 793300000,
    "costAndExpenses": 2958400000,
    "interestIncome": 11500000,
    "interestExpense": 58100000,
    "depreciationAndAmortization": 122700000,
    "ebitda": 507500000,
    "ebitdaratio": 0.1486743811,
    "operatingIncome": 388400000,
    "operatingIncomeRatio": 0.1137835067,
    "totalOtherIncomeExpensesNet": -113300000,
    "incomeBeforeTax": 341800000,
    "incomeBeforeTaxRatio": 0.1001318295,
    "incomeTaxExpense": 60700000,
    "netIncome": 281500000,
    "netIncomeRatio": 0.0824666764,
    "eps": 1.88,
    "epsdiluted": 1.84,
    "weightedAverageShsOut": 150080000,
    "weightedAverageShsOutDil": 153412000,
    "link": "https://www.sec.gov/Archives/edgar/data/93556/000009355618000008/0000093556-18-000008-index.htm",
    "finalLink": "https://www.sec.gov/Archives/edgar/data/93556/000009355618000008/swk_10k2017.htm"
  },
  {
    "date": "2017-09-30",
    "symbol": "SWK",
    "reportedCurrency": "USD",
    "cik": "0000093556",
    "fillingDate": "2017-10-25",
    "acceptedDate": "2017-10-25 10:50:05",
    "calendarYear": "2017",
    "period": "Q3",
    "revenue": 3298600000,
    "costOfRevenue": 2046500000,
    "grossProfit": 1252100000,
    "grossProfitRatio": 0.3795852786,
    "researchAndDevelopmentExpenses": 0,
    "generalAndAdministrativeExpenses": 0,
    "sellingAndMarketingExpenses": 0,
    "sellingGeneralAndAdministrativeExpenses": 763400000,
    "otherExpenses": 0,
    "operatingExpenses": 763400000,
    "costAndExpenses": 2809900000,
    "interestIncome": 10300000,
    "interestExpense": 57200000,
    "depreciationAndAmortization": 120700000,
    "ebitda": 531900000,
    "ebitdaratio": 0.1612502274,
    "operatingIncome": 400900000,
    "operatingIncomeRatio": 0.1215364094,
    "totalOtherIncomeExpensesNet": -78100000,
    "incomeBeforeTax": 354000000,
    "incomeBeforeTaxRatio": 0.1073182562,
    "incomeTaxExpense": 79800000,
    "netIncome": 274500000,
    "netIncomeRatio": 0.0832171224,
    "eps": 1.83,
    "epsdiluted": 1.8,
    "weightedAverageShsOut": 149689000,
    "weightedAverageShsOutDil": 152622000,
    "link": "https://www.sec.gov/Archives/edgar/data/93556/000009355617000034/0000093556-17-000034-index.htm",
    "finalLink": "https://www.sec.gov/Archives/edgar/data/93556/000009355617000034/swk-q32017.htm"
  },
  {
    "date": "2017-07-01",
    "symbol": "SWK",
    "reportedCurrency": "USD",
    "cik": "0000093556",
    "fillingDate": "2017-07-25",
    "acceptedDate": "2017-07-25 10:37:47",
    "calendarYear": "2017",
    "period": "Q2",
    "revenue": 3229500000,
    "costOfRevenue": 2017300000,
    "grossProfit": 1212200000,
    "grossProfitRatio": 0.3753522217,
    "researchAndDevelopmentExpenses": 0,
    "generalAndAdministrativeExpenses": 0,
    "sellingAndMarketingExpenses": 0,
    "sellingGeneralAndAdministrativeExpenses": 738700000,
    "otherExpenses": 0,
    "operatingExpenses": 738700000,
    "costAndExpenses": 2756000000,
    "interestIncome": 9700000,
    "interestExpense": 56000000,
    "depreciationAndAmortization": 115800000,
    "ebitda": 529500000,
    "ebitdaratio": 0.1639572689,
    "operatingIncome": 404000000,
    "operatingIncomeRatio": 0.1250967642,
    "totalOtherIncomeExpensesNet": -111400000,
    "incomeBeforeTax": 357700000,
    "incomeBeforeTaxRatio": 0.1107601796,
    "incomeTaxExpense": 80500000,
    "netIncome": 277600000,
    "netIncomeRatio": 0.0859575786,
    "eps": 1.85,
    "epsdiluted": 1.82,
    "weightedAverageShsOut": 149514000,
    "weightedAverageShsOutDil": 152226000,
    "link": "https://www.sec.gov/Archives/edgar/data/93556/000009355617000022/0000093556-17-000022-index.htm",
    "finalLink": "https://www.sec.gov/Archives/edgar/data/93556/000009355617000022/swk-q22017.htm"
  },
  {
    "date": "2017-04-01",
    "symbol": "SWK",
    "reportedCurrency": "USD",
    "cik": "0000093556",
    "fillingDate": "2017-04-25",
    "acceptedDate": "2017-04-24 18:23:22",
    "calendarYear": "2017",
    "period": "Q1",
    "revenue": 2805600000,
    "costOfRevenue": 1740300000,
    "grossProfit": 1065300000,
    "grossProfitRatio": 0.379704876,
    "researchAndDevelopmentExpenses": 0,
    "generalAndAdministrativeExpenses": 0,
    "sellingAndMarketingExpenses": 0,
    "sellingGeneralAndAdministrativeExpenses": 676500000,
    "otherExpenses": -106200000,
    "operatingExpenses": 790900000,
    "costAndExpenses": 2531200000,
    "interestIncome": 8600000,
    "interestExpense": 51300000,
    "depreciationAndAmortization": 101500000,
    "ebitda": 621600000,
    "ebitdaratio": 0.2215568862,
    "operatingIncome": 274400000,
    "operatingIncomeRatio": 0.0978043912,
    "totalOtherIncomeExpensesNet": 151500000,
    "incomeBeforeTax": 472600000,
    "incomeBeforeTaxRatio": 0.1684488167,
    "incomeTaxExpense": 79500000,
    "netIncome": 393700000,
    "netIncomeRatio": 0.1403264899,
    "eps": 2.64,
    "epsdiluted": 2.6,
    "weightedAverageShsOut": 149208000,
    "weightedAverageShsOutDil": 151526000,
    "link": "https://www.sec.gov/Archives/edgar/data/93556/000009355617000011/0000093556-17-000011-index.htm",
    "finalLink": "https://www.sec.gov/Archives/edgar/data/93556/000009355617000011/swk-q12017.htm"
  },
  {
    "date": "2016-12-31",
    "symbol": "SWK",
    "reportedCurrency": "USD",
    "cik": "0000093556",
    "fillingDate": "2017-02-15",
    "acceptedDate": "2017-02-15 16:02:28",
    "calendarYear": "2016",
    "period": "Q4",
    "revenue": 2920400000,
    "costOfRevenue": 1843800000,
    "grossProfit": 1076600000,
    "grossProfitRatio": 0.3686481304,
    "researchAndDevelopmentExpenses": 204400000,
    "generalAndAdministrativeExpenses": 553100000,
    "sellingAndMarketingExpenses": 130700000,
    "sellingGeneralAndAdministrativeExpenses": 683800000,
    "otherExpenses": -46300000,
    "operatingExpenses": 683800000,
    "costAndExpenses": 2527600000,
    "interestIncome": 6800000,
    "interestExpense": 49300000,
    "depreciationAndAmortization": 102800000,
    "ebitda": 430500000,
    "ebitdaratio": 0.1474113135,
    "operatingIncome": 324800000,
    "operatingIncomeRatio": 0.1112176414,
    "totalOtherIncomeExpensesNet": -60800000,
    "incomeBeforeTax": 282300000,
    "incomeBeforeTaxRatio": 0.0966648404,
    "incomeTaxExpense": 26500000,
    "netIncome": 255500000,
    "netIncomeRatio": 0.0874880153,
    "eps": 1.74,
    "epsdiluted": 1.71,
    "weightedAverageShsOut": 147145000,
    "weightedAverageShsOutDil": 149440000,
    "link": "https://www.sec.gov/Archives/edgar/data/93556/000009355617000006/0000093556-17-000006-index.htm",
    "finalLink": "https://www.sec.gov/Archives/edgar/data/93556/000009355617000006/swk_10k2016.htm"
  },
  {
    "date": "2016-10-01",
    "symbol": "SWK",
    "reportedCurrency": "USD",
    "cik": "0000093556",
    "fillingDate": "2016-10-28",
    "acceptedDate": "2016-10-28 10:56:59",
    "calendarYear": "2016",
    "period": "Q3",
    "revenue": 2882000000,
    "costOfRevenue": 1797900000,
    "grossProfit": 1084100000,
    "grossProfitRatio": 0.3761623872,
    "researchAndDevelopmentExpenses": 0,
    "generalAndAdministrativeExpenses": 0,
    "sellingAndMarketingExpenses": 0,
    "sellingGeneralAndAdministrativeExpenses": 645400000,
    "otherExpenses": 0,
    "operatingExpenses": 645400000,
    "costAndExpenses": 2443300000,
    "interestIncome": 5100000,
    "interestExpense": 50200000,
    "depreciationAndAmortization": 103100000,
    "ebitda": 481000000,
    "ebitdaratio": 0.1668979875,
    "operatingIncome": 372800000,
    "operatingIncomeRatio": 0.1293546149,
    "totalOtherIncomeExpensesNet": -45100000,
    "incomeBeforeTax": 327700000,
    "incomeBeforeTaxRatio": 0.1137057599,
    "incomeTaxExpense": 78700000,
    "netIncome": 248900000,
    "netIncomeRatio": 0.0863636364,
    "eps": 1.71,
    "epsdiluted": 1.68,
    "weightedAverageShsOut": 145410000,
    "weightedAverageShsOutDil": 147975000,
    "link": "https://www.sec.gov/Archives/edgar/data/93556/000009355616000084/0000093556-16-000084-index.htm",
    "finalLink": "https://www.sec.gov/Archives/edgar/data/93556/000009355616000084/swk-q32016.htm"
  },
  {
    "date": "2016-07-02",
    "symbol": "SWK",
    "reportedCurrency": "USD",
    "cik": "0000093556",
    "fillingDate": "2016-07-25",
    "acceptedDate": "2016-07-25 15:57:04",
    "calendarYear": "2016",
    "period": "Q2",
    "revenue": 2932400000,
    "costOfRevenue": 1803500000,
    "grossProfit": 1128900000,
    "grossProfitRatio": 0.3849747647,
    "researchAndDevelopmentExpenses": 0,
    "generalAndAdministrativeExpenses": 0,
    "sellingAndMarketingExpenses": 0,
    "sellingGeneralAndAdministrativeExpenses": 666900000,
    "otherExpenses": 0,
    "operatingExpenses": 666900000,
    "costAndExpenses": 2470400000,
    "interestIncome": 5500000,
    "interestExpense": 47700000,
    "depreciationAndAmortization": 102000000,
    "ebitda": 511700000,
    "ebitdaratio": 0.1744987041,
    "operatingIncome": 404200000,
    "operatingIncomeRatio": 0.1378393125,
    "totalOtherIncomeExpensesNet": -42200000,
    "incomeBeforeTax": 362000000,
    "incomeBeforeTaxRatio": 0.1234483699,
    "incomeTaxExpense": 90500000,
    "netIncome": 271500000,
    "netIncomeRatio": 0.0925862775,
    "eps": 1.87,
    "epsdiluted": 1.84,
    "weightedAverageShsOut": 145135000,
    "weightedAverageShsOutDil": 147263000,
    "link": "https://www.sec.gov/Archives/edgar/data/93556/000009355616000072/0000093556-16-000072-index.htm",
    "finalLink": "https://www.sec.gov/Archives/edgar/data/93556/000009355616000072/swk-q22016.htm"
  },
  {
    "date": "2016-04-02",
    "symbol": "SWK",
    "reportedCurrency": "USD",
    "cik": "0000093556",
    "fillingDate": "2016-04-22",
    "acceptedDate": "2016-04-22 10:26:14",
    "calendarYear": "2016",
    "period": "Q1",
    "revenue": 2672100000,
    "costOfRevenue": 1694500000,
    "grossProfit": 977600000,
    "grossProfitRatio": 0.3658545713,
    "researchAndDevelopmentExpenses": 0,
    "generalAndAdministrativeExpenses": 0,
    "sellingAndMarketingExpenses": 0,
    "sellingGeneralAndAdministrativeExpenses": 627800000,
    "otherExpenses": 0,
    "operatingExpenses": 627800000,
    "costAndExpenses": 2322300000,
    "interestIncome": 5800000,
    "interestExpense": 47300000,
    "depreciationAndAmortization": 100100000,
    "ebitda": 457900000,
    "ebitdaratio": 0.1713633472,
    "operatingIncome": 295600000,
    "operatingIncomeRatio": 0.1106246024,
    "totalOtherIncomeExpensesNet": -55500000,
    "incomeBeforeTax": 254100000,
    "incomeBeforeTaxRatio": 0.0950937465,
    "incomeTaxExpense": 65500000,
    "netIncome": 189400000,
    "netIncomeRatio": 0.0708805808,
    "eps": 1.3,
    "epsdiluted": 1.28,
    "weightedAverageShsOut": 145870000,
    "weightedAverageShsOutDil": 147619000,
    "link": "https://www.sec.gov/Archives/edgar/data/93556/000009355616000062/0000093556-16-000062-index.htm",
    "finalLink": "https://www.sec.gov/Archives/edgar/data/93556/000009355616000062/swk-q12016.htm"
  },
  {
    "date": "2016-01-02",
    "symbol": "SWK",
    "reportedCurrency": "USD",
    "cik": "0000093556",
    "fillingDate": "2016-02-19",
    "acceptedDate": "2016-02-19 10:46:49",
    "calendarYear": "2015",
    "period": "Q4",
    "revenue": 2845400000,
    "costOfRevenue": 1831200000,
    "grossProfit": 1014200000,
    "grossProfitRatio": 0.3564349476,
    "researchAndDevelopmentExpenses": 188000000,
    "generalAndAdministrativeExpenses": 502500000,
    "sellingAndMarketingExpenses": 108100000,
    "sellingGeneralAndAdministrativeExpenses": 610600000,
    "otherExpenses": -53800000,
    "operatingExpenses": 610600000,
    "costAndExpenses": 2441800000,
    "interestIncome": 4900000,
    "interestExpense": 44600000,
    "depreciationAndAmortization": 105600000,
    "ebitda": 512900000,
    "ebitdaratio": 0.1802558515,
    "operatingIncome": 346100000,
    "operatingIncomeRatio": 0.1216349195,
    "totalOtherIncomeExpensesNet": -97200000,
    "incomeBeforeTax": 306400000,
    "incomeBeforeTaxRatio": 0.1076825754,
    "incomeTaxExpense": 39100000,
    "netIncome": 265500000,
    "netIncomeRatio": 0.0933084979,
    "eps": 1.82,
    "epsdiluted": 1.77,
    "weightedAverageShsOut": 145908000,
    "weightedAverageShsOutDil": 150020000,
    "link": "https://www.sec.gov/Archives/edgar/data/93556/000009355616000051/0000093556-16-000051-index.htm",
    "finalLink": "https://www.sec.gov/Archives/edgar/data/93556/000009355616000051/swk_10k2015.htm"
  },
  {
    "date": "2015-10-03",
    "symbol": "SWK",
    "reportedCurrency": "USD",
    "cik": "0000093556",
    "fillingDate": "2015-10-27",
    "acceptedDate": "2015-10-27 11:31:18",
    "calendarYear": "2015",
    "period": "Q3",
    "revenue": 2829500000,
    "costOfRevenue": 1802500000,
    "grossProfit": 1027000000,
    "grossProfitRatio": 0.362961654,
    "researchAndDevelopmentExpenses": 0,
    "generalAndAdministrativeExpenses": 0,
    "sellingAndMarketingExpenses": 0,
    "sellingGeneralAndAdministrativeExpenses": 608300000,
    "otherExpenses": 0,
    "operatingExpenses": 608300000,
    "costAndExpenses": 2410800000,
    "interestIncome": 3600000,
    "interestExpense": 45200000,
    "depreciationAndAmortization": 103900000,
    "ebitda": 458200000,
    "ebitdaratio": 0.1619367379,
    "operatingIncome": 350700000,
    "operatingIncomeRatio": 0.1239441597,
    "totalOtherIncomeExpensesNet": -109600000,
    "incomeBeforeTax": 309100000,
    "incomeBeforeTaxRatio": 0.1092419155,
    "incomeTaxExpense": 75700000,
    "netIncome": 228700000,
    "netIncomeRatio": 0.0808270012,
    "eps": 1.57,
    "epsdiluted": 1.52,
    "weightedAverageShsOut": 145911000,
    "weightedAverageShsOutDil": 150781000,
    "link": "https://www.sec.gov/Archives/edgar/data/93556/000009355615000041/0000093556-15-000041-index.htm",
    "finalLink": "https://www.sec.gov/Archives/edgar/data/93556/000009355615000041/swk-q32015.htm"
  },
  {
    "date": "2015-07-04",
    "symbol": "SWK",
    "reportedCurrency": "USD",
    "cik": "0000093556",
    "fillingDate": "2015-07-31",
    "acceptedDate": "2015-07-31 15:13:46",
    "calendarYear": "2015",
    "period": "Q2",
    "revenue": 2866900000,
    "costOfRevenue": 1809700000,
    "grossProfit": 1057200000,
    "grossProfitRatio": 0.3687606823,
    "researchAndDevelopmentExpenses": 0,
    "generalAndAdministrativeExpenses": 0,
    "sellingAndMarketingExpenses": 0,
    "sellingGeneralAndAdministrativeExpenses": 644500000,
    "otherExpenses": 0,
    "operatingExpenses": 644500000,
    "costAndExpenses": 2454200000,
    "interestIncome": 3000000,
    "interestExpense": 46200000,
    "depreciationAndAmortization": 102000000,
    "ebitda": 462200000,
    "ebitdaratio": 0.1612194356,
    "operatingIncome": 357200000,
    "operatingIncomeRatio": 0.1245945097,
    "totalOtherIncomeExpensesNet": -43200000,
    "incomeBeforeTax": 314000000,
    "incomeBeforeTaxRatio": 0.1095259688,
    "incomeTaxExpense": 78500000,
    "netIncome": 227200000,
    "netIncomeRatio": 0.0792493634,
    "eps": 1.53,
    "epsdiluted": 1.49,
    "weightedAverageShsOut": 148059000,
    "weightedAverageShsOutDil": 152663000,
    "link": "https://www.sec.gov/Archives/edgar/data/93556/000009355615000025/0000093556-15-000025-index.htm",
    "finalLink": "https://www.sec.gov/Archives/edgar/data/93556/000009355615000025/swk-q22015.htm"
  },
  {
    "date": "2015-04-04",
    "symbol": "SWK",
    "reportedCurrency": "USD",
    "cik": "0000093556",
    "fillingDate": "2015-04-29",
    "acceptedDate": "2015-04-29 11:50:14",
    "calendarYear": "2015",
    "period": "Q1",
    "revenue": 2630000000,
    "costOfRevenue": 1656400000,
    "grossProfit": 973600000,
    "grossProfitRatio": 0.3701901141,
    "researchAndDevelopmentExpenses": 0,
    "generalAndAdministrativeExpenses": 0,
    "sellingAndMarketingExpenses": 0,
    "sellingGeneralAndAdministrativeExpenses": 623000000,
    "otherExpenses": 0,
    "operatingExpenses": 623000000,
    "costAndExpenses": 2279400000,
    "interestIncome": 3700000,
    "interestExpense": 44400000,
    "depreciationAndAmortization": 102500000,
    "ebitda": 478000000,
    "ebitdaratio": 0.1817490494,
    "operatingIncome": 262000000,
    "operatingIncomeRatio": 0.0996197719,
    "totalOtherIncomeExpensesNet": -129300000,
    "incomeBeforeTax": 221300000,
    "incomeBeforeTaxRatio": 0.0841444867,
    "incomeTaxExpense": 55300000,
    "netIncome": 162300000,
    "netIncomeRatio": 0.0617110266,
    "eps": 1.07,
    "epsdiluted": 1.04,
    "weightedAverageShsOut": 152172000,
    "weightedAverageShsOutDil": 156537000,
    "link": "https://www.sec.gov/Archives/edgar/data/93556/000009355615000013/0000093556-15-000013-index.htm",
    "finalLink": "https://www.sec.gov/Archives/edgar/data/93556/000009355615000013/swk-q12015.htm"
  },
  {
    "date": "2015-01-03",
    "symbol": "SWK",
    "reportedCurrency": "USD",
    "cik": "0000093556",
    "fillingDate": "2015-02-19",
    "acceptedDate": "2015-02-19 14:29:28",
    "calendarYear": "2014",
    "period": "Q4",
    "revenue": 2982500000,
    "costOfRevenue": 1931400000,
    "grossProfit": 1051100000,
    "grossProfitRatio": 0.3524224644,
    "researchAndDevelopmentExpenses": 0,
    "generalAndAdministrativeExpenses": 0,
    "sellingAndMarketingExpenses": 0,
    "sellingGeneralAndAdministrativeExpenses": 658300000,
    "otherExpenses": 0,
    "operatingExpenses": 658300000,
    "costAndExpenses": 2589700000,
    "interestIncome": 4100000,
    "interestExpense": 46100000,
    "depreciationAndAmortization": 112400000,
    "ebitda": 529600000,
    "ebitdaratio": 0.1775691534,
    "operatingIncome": 307900000,
    "operatingIncomeRatio": 0.1032355407,
    "totalOtherIncomeExpensesNet": -56500000,
    "incomeBeforeTax": 265700000,
    "incomeBeforeTaxRatio": 0.089086337,
    "incomeTaxExpense": 46700000,
    "netIncome": 145800000,
    "netIncomeRatio": 0.0488851635,
    "eps": 0.94,
    "epsdiluted": 0.91,
    "weightedAverageShsOut": 155799000,
    "weightedAverageShsOutDil": 160013000,
    "link": "https://www.sec.gov/Archives/edgar/data/93556/000009355615000005/0000093556-15-000005-index.htm",
    "finalLink": "https://www.sec.gov/Archives/edgar/data/93556/000009355615000005/swk_10k2014.htm"
  },
  {
    "date": "2014-09-27",
    "symbol": "SWK",
    "reportedCurrency": "USD",
    "cik": "0000093556",
    "fillingDate": "2014-10-23",
    "acceptedDate": "2014-10-23 09:39:48",
    "calendarYear": "2014",
    "period": "Q3",
    "revenue": 2902200000,
    "costOfRevenue": 1852100000,
    "grossProfit": 1050100000,
    "grossProfitRatio": 0.3618289573,
    "researchAndDevelopmentExpenses": 0,
    "generalAndAdministrativeExpenses": 0,
    "sellingAndMarketingExpenses": 0,
    "sellingGeneralAndAdministrativeExpenses": 650200000,
    "otherExpenses": 0,
    "operatingExpenses": 650200000,
    "costAndExpenses": 2502300000,
    "interestIncome": 3100000,
    "interestExpense": 43500000,
    "depreciationAndAmortization": 112600000,
    "ebitda": 460500000,
    "ebitdaratio": 0.158672731,
    "operatingIncome": 338300000,
    "operatingIncomeRatio": 0.1165667425,
    "totalOtherIncomeExpensesNet": -101100000,
    "incomeBeforeTax": 297900000,
    "incomeBeforeTaxRatio": 0.1026462683,
    "incomeTaxExpense": 56800000,
    "netIncome": 236700000,
    "netIncomeRatio": 0.0815588174,
    "eps": 1.51,
    "epsdiluted": 1.47,
    "weightedAverageShsOut": 156628000,
    "weightedAverageShsOutDil": 160582000,
    "link": "https://www.sec.gov/Archives/edgar/data/93556/000009355614000026/0000093556-14-000026-index.htm",
    "finalLink": "https://www.sec.gov/Archives/edgar/data/93556/000009355614000026/swk-q32014.htm"
  },
  {
    "date": "2014-06-28",
    "symbol": "SWK",
    "reportedCurrency": "USD",
    "cik": "0000093556",
    "fillingDate": "2014-07-31",
    "acceptedDate": "2014-07-31 17:25:19",
    "calendarYear": "2014",
    "period": "Q2",
    "revenue": 2885500000,
    "costOfRevenue": 1832200000,
    "grossProfit": 1053300000,
    "grossProfitRatio": 0.3650320568,
    "researchAndDevelopmentExpenses": 0,
    "generalAndAdministrativeExpenses": 0,
    "sellingAndMarketingExpenses": 0,
    "sellingGeneralAndAdministrativeExpenses": 662900000,
    "otherExpenses": 0,
    "operatingExpenses": 662900000,
    "costAndExpenses": 2495100000,
    "interestIncome": 3000000,
    "interestExpense": 43300000,
    "depreciationAndAmortization": 114400000,
    "ebitda": 454500000,
    "ebitdaratio": 0.1575116964,
    "operatingIncome": 333400000,
    "operatingIncomeRatio": 0.1155432334,
    "totalOtherIncomeExpensesNet": -95900000,
    "incomeBeforeTax": 293100000,
    "incomeBeforeTaxRatio": 0.1015768498,
    "incomeTaxExpense": 73700000,
    "netIncome": 216500000,
    "netIncomeRatio": 0.075030324,
    "eps": 1.38,
    "epsdiluted": 1.36,
    "weightedAverageShsOut": 156316000,
    "weightedAverageShsOutDil": 159666000,
    "link": "https://www.sec.gov/Archives/edgar/data/93556/000009355614000017/0000093556-14-000017-index.htm",
    "finalLink": "https://www.sec.gov/Archives/edgar/data/93556/000009355614000017/swk-q2x2014.htm"
  },
  {
    "date": "2014-03-29",
    "symbol": "SWK",
    "reportedCurrency": "USD",
    "cik": "0000093556",
    "fillingDate": "2014-04-25",
    "acceptedDate": "2014-04-25 11:08:15",
    "calendarYear": "2014",
    "period": "Q1",
    "revenue": 2640800000,
    "costOfRevenue": 1680500000,
    "grossProfit": 960300000,
    "grossProfitRatio": 0.3636398061,
    "researchAndDevelopmentExpenses": 0,
    "generalAndAdministrativeExpenses": 0,
    "sellingAndMarketingExpenses": 0,
    "sellingGeneralAndAdministrativeExpenses": 647700000,
    "otherExpenses": 0,
    "operatingExpenses": 647700000,
    "costAndExpenses": 2328200000,
    "interestIncome": 3400000,
    "interestExpense": 44300000,
    "depreciationAndAmortization": 110400000,
    "ebitda": 419300000,
    "ebitdaratio": 0.1587776431,
    "operatingIncome": 254700000,
    "operatingIncomeRatio": 0.096448046,
    "totalOtherIncomeExpensesNet": -97900000,
    "incomeBeforeTax": 213800000,
    "incomeBeforeTaxRatio": 0.0809603151,
    "incomeTaxExpense": 46800000,
    "netIncome": 161900000,
    "netIncomeRatio": 0.0613071796,
    "eps": 1.04,
    "epsdiluted": 1.02,
    "weightedAverageShsOut": 155905000,
    "weightedAverageShsOutDil": 158951000,
    "link": "https://www.sec.gov/Archives/edgar/data/93556/000009355614000009/0000093556-14-000009-index.htm",
    "finalLink": "https://www.sec.gov/Archives/edgar/data/93556/000009355614000009/swk-q1x2014.htm"
  },
  {
    "date": "2013-12-28",
    "symbol": "SWK",
    "reportedCurrency": "USD",
    "cik": "0000093556",
    "fillingDate": "2014-02-21",
    "acceptedDate": "2014-02-20 21:32:35",
    "calendarYear": "2013",
    "period": "Q4",
    "revenue": 2906000000,
    "costOfRevenue": 1875300000,
    "grossProfit": 1030700000,
    "grossProfitRatio": 0.3546799725,
    "researchAndDevelopmentExpenses": 0,
    "generalAndAdministrativeExpenses": 0,
    "sellingAndMarketingExpenses": 0,
    "sellingGeneralAndAdministrativeExpenses": 703100000,
    "otherExpenses": 0,
    "operatingExpenses": 703100000,
    "costAndExpenses": 2578400000,
    "interestIncome": 3300000,
    "interestExpense": 41800000,
    "depreciationAndAmortization": 118600000,
    "ebitda": 581700000,
    "ebitdaratio": 0.2001720578,
    "operatingIncome": 92900000,
    "operatingIncomeRatio": 0.0319683414,
    "totalOtherIncomeExpensesNet": -273200000,
    "incomeBeforeTax": 54400000,
    "incomeBeforeTaxRatio": 0.0187198899,
    "incomeTaxExpense": -11200000,
    "netIncome": 56100000,
    "netIncomeRatio": 0.0193048864,
    "eps": 0.36,
    "epsdiluted": 0.35,
    "weightedAverageShsOut": 155512000,
    "weightedAverageShsOutDil": 159200000,
    "link": "https://www.sec.gov/Archives/edgar/data/93556/000009355614000004/0000093556-14-000004-index.htm",
    "finalLink": "https://www.sec.gov/Archives/edgar/data/93556/000009355614000004/swk_10k2013.htm"
  },
  {
    "date": "2013-09-28",
    "symbol": "SWK",
    "reportedCurrency": "USD",
    "cik": "0000093556",
    "fillingDate": "2013-10-28",
    "acceptedDate": "2013-10-28 16:45:46",
    "calendarYear": "2013",
    "period": "Q3",
    "revenue": 2759300000,
    "costOfRevenue": 1771600000,
    "grossProfit": 987700000,
    "grossProfitRatio": 0.357953104,
    "researchAndDevelopmentExpenses": 0,
    "generalAndAdministrativeExpenses": 0,
    "sellingAndMarketingExpenses": 0,
    "sellingGeneralAndAdministrativeExpenses": 669600000,
    "otherExpenses": 0,
    "operatingExpenses": 669600000,
    "costAndExpenses": 2441200000,
    "interestIncome": 3000000,
    "interestExpense": 39100000,
    "depreciationAndAmortization": 108800000,
    "ebitda": 455400000,
    "ebitdaratio": 0.1650418584,
    "operatingIncome": 223000000,
    "operatingIncomeRatio": 0.0808175987,
    "totalOtherIncomeExpensesNet": -131200000,
    "incomeBeforeTax": 186900000,
    "incomeBeforeTaxRatio": 0.0677345704,
    "incomeTaxExpense": 17300000,
    "netIncome": 166000000,
    "netIncomeRatio": 0.0601601856,
    "eps": 1.07,
    "epsdiluted": 1.04,
    "weightedAverageShsOut": 155043000,
    "weightedAverageShsOutDil": 158925000,
    "link": "https://www.sec.gov/Archives/edgar/data/93556/000009355613000020/0000093556-13-000020-index.htm",
    "finalLink": "https://www.sec.gov/Archives/edgar/data/93556/000009355613000020/swk-q3x201309282013.htm"
  },
  {
    "date": "2013-06-29",
    "symbol": "SWK",
    "reportedCurrency": "USD",
    "cik": "0000093556",
    "fillingDate": "2013-07-31",
    "acceptedDate": "2013-07-30 19:09:09",
    "calendarYear": "2013",
    "period": "Q2",
    "revenue": 2869300000,
    "costOfRevenue": 1861800000,
    "grossProfit": 1007500000,
    "grossProfitRatio": 0.3511309379,
    "researchAndDevelopmentExpenses": 0,
    "generalAndAdministrativeExpenses": 0,
    "sellingAndMarketingExpenses": 0,
    "sellingGeneralAndAdministrativeExpenses": 682300000,
    "otherExpenses": 0,
    "operatingExpenses": 682300000,
    "costAndExpenses": 2544100000,
    "interestIncome": 3300000,
    "interestExpense": 39700000,
    "depreciationAndAmortization": 108100000,
    "ebitda": 399400000,
    "ebitdaratio": 0.1391977137,
    "operatingIncome": 284200000,
    "operatingIncomeRatio": 0.0990485484,
    "totalOtherIncomeExpensesNet": -40900000,
    "incomeBeforeTax": 247800000,
    "incomeBeforeTaxRatio": 0.0863625274,
    "incomeTaxExpense": 53200000,
    "netIncome": 187100000,
    "netIncomeRatio": 0.0652075419,
    "eps": 1.21,
    "epsdiluted": 1.18,
    "weightedAverageShsOut": 155064000,
    "weightedAverageShsOutDil": 158351000,
    "link": "https://www.sec.gov/Archives/edgar/data/93556/000009355613000015/0000093556-13-000015-index.htm",
    "finalLink": "https://www.sec.gov/Archives/edgar/data/93556/000009355613000015/swk-q2x201306292013.htm"
  },
  {
    "date": "2013-03-30",
    "symbol": "SWK",
    "reportedCurrency": "USD",
    "cik": "0000093556",
    "fillingDate": "2013-04-26",
    "acceptedDate": "2013-04-26 14:17:28",
    "calendarYear": "2013",
    "period": "Q1",
    "revenue": 2487200000,
    "costOfRevenue": 1576300000,
    "grossProfit": 910900000,
    "grossProfitRatio": 0.3662351238,
    "researchAndDevelopmentExpenses": 0,
    "generalAndAdministrativeExpenses": 0,
    "sellingAndMarketingExpenses": 0,
    "sellingGeneralAndAdministrativeExpenses": 669900000,
    "otherExpenses": 0,
    "operatingExpenses": 669900000,
    "costAndExpenses": 2246200000,
    "interestIncome": 3200000,
    "interestExpense": 39900000,
    "depreciationAndAmortization": 105800000,
    "ebitda": 389700000,
    "ebitdaratio": 0.1566822129,
    "operatingIncome": 127100000,
    "operatingIncomeRatio": 0.0511016404,
    "totalOtherIncomeExpensesNet": -150400000,
    "incomeBeforeTax": 90400000,
    "incomeBeforeTaxRatio": 0.036346092,
    "incomeTaxExpense": 8800000,
    "netIncome": 81100000,
    "netIncomeRatio": 0.0326069476,
    "eps": 0.52,
    "epsdiluted": 0.51,
    "weightedAverageShsOut": 155552000,
    "weightedAverageShsOutDil": 158994000,
    "link": "https://www.sec.gov/Archives/edgar/data/93556/000009355613000009/0000093556-13-000009-index.htm",
    "finalLink": "https://www.sec.gov/Archives/edgar/data/93556/000009355613000009/swk-q1x2013.htm"
  },
  {
    "date": "2012-12-29",
    "symbol": "SWK",
    "reportedCurrency": "USD",
    "cik": "0000093556",
    "fillingDate": "2013-02-20",
    "acceptedDate": "2013-02-20 16:08:43",
    "calendarYear": "2012",
    "period": "Q4",
    "revenue": 2668500000,
    "costOfRevenue": 1720300000,
    "grossProfit": 948200000,
    "grossProfitRatio": 0.3553307101,
    "researchAndDevelopmentExpenses": 0,
    "generalAndAdministrativeExpenses": 0,
    "sellingAndMarketingExpenses": 0,
    "sellingGeneralAndAdministrativeExpenses": 642200000,
    "otherExpenses": 0,
    "operatingExpenses": 642200000,
    "costAndExpenses": 2362500000,
    "interestIncome": 2600000,
    "interestExpense": 39100000,
    "depreciationAndAmortization": 114700000,
    "ebitda": 478200000,
    "ebitdaratio": 0.1792017988,
    "operatingIncome": 164600000,
    "operatingIncomeRatio": 0.0616825932,
    "totalOtherIncomeExpensesNet": -399400000,
    "incomeBeforeTax": 128500000,
    "incomeBeforeTaxRatio": 0.0481543939,
    "incomeTaxExpense": -2000000,
    "netIncome": 492000000,
    "netIncomeRatio": 0.1843732434,
    "eps": 3.05,
    "epsdiluted": 2.99,
    "weightedAverageShsOut": 161212000,
    "weightedAverageShsOutDil": 164553000,
    "link": "https://www.sec.gov/Archives/edgar/data/93556/000009355613000004/0000093556-13-000004-index.htm",
    "finalLink": "https://www.sec.gov/Archives/edgar/data/93556/000009355613000004/swk_10kx2012.htm"
  },
  {
    "date": "2012-09-29",
    "symbol": "SWK",
    "reportedCurrency": "USD",
    "cik": "0000093556",
    "fillingDate": "2012-10-29",
    "acceptedDate": "2012-10-29 11:10:53",
    "calendarYear": "2012",
    "period": "Q3",
    "revenue": 2786700000,
    "costOfRevenue": 1777200000,
    "grossProfit": 1009500000,
    "grossProfitRatio": 0.3622564323,
    "researchAndDevelopmentExpenses": 0,
    "generalAndAdministrativeExpenses": 0,
    "sellingAndMarketingExpenses": 0,
    "sellingGeneralAndAdministrativeExpenses": 655700000,
    "otherExpenses": 81600000,
    "operatingExpenses": 778200000,
    "costAndExpenses": 2555400000,
    "interestIncome": 2600000,
    "interestExpense": 34100000,
    "depreciationAndAmortization": 105800000,
    "ebitda": 337100000,
    "ebitdaratio": 0.1209674525,
    "operatingIncome": 177900000,
    "operatingIncomeRatio": 0.0638389493,
    "totalOtherIncomeExpensesNet": -199800000,
    "incomeBeforeTax": 143800000,
    "incomeBeforeTaxRatio": 0.0516022536,
    "incomeTaxExpense": 28800000,
    "netIncome": 115200000,
    "netIncomeRatio": 0.0413392184,
    "eps": 0.71,
    "epsdiluted": 0.69,
    "weightedAverageShsOut": 162990000,
    "weightedAverageShsOutDil": 166043000,
    "link": "https://www.sec.gov/Archives/edgar/data/93556/000009355612000004/0000093556-12-000004-index.htm",
    "finalLink": "https://www.sec.gov/Archives/edgar/data/93556/000009355612000004/swk-q3x2012.htm"
  },
  {
    "date": "2012-06-30",
    "symbol": "SWK",
    "reportedCurrency": "USD",
    "cik": "0000093556",
    "fillingDate": "2012-07-30",
    "acceptedDate": "2012-07-27 17:50:59",
    "calendarYear": "2012",
    "period": "Q2",
    "revenue": 2814200000,
    "costOfRevenue": 1791800000,
    "grossProfit": 1022400000,
    "grossProfitRatio": 0.3633004051,
    "researchAndDevelopmentExpenses": 0,
    "generalAndAdministrativeExpenses": 0,
    "sellingAndMarketingExpenses": 0,
    "sellingGeneralAndAdministrativeExpenses": 670000000,
    "otherExpenses": 94300000,
    "operatingExpenses": 761000000,
    "costAndExpenses": 2552800000,
    "interestIncome": 2300000,
    "interestExpense": 32300000,
    "depreciationAndAmortization": 109000000,
    "ebitda": 370400000,
    "ebitdaratio": 0.1316182219,
    "operatingIncome": 238100000,
    "operatingIncomeRatio": 0.0846066378,
    "totalOtherIncomeExpensesNet": -73300000,
    "incomeBeforeTax": 205800000,
    "incomeBeforeTaxRatio": 0.0731291308,
    "incomeTaxExpense": 51300000,
    "netIncome": 154800000,
    "netIncomeRatio": 0.0550067515,
    "eps": 0.94,
    "epsdiluted": 0.92,
    "weightedAverageShsOut": 164082000,
    "weightedAverageShsOutDil": 167921000,
    "link": "https://www.sec.gov/Archives/edgar/data/93556/000009355612000002/0000093556-12-000002-index.htm",
    "finalLink": "https://www.sec.gov/Archives/edgar/data/93556/000009355612000002/swk-q2x2012.htm"
  },
  {
    "date": "2012-03-31",
    "symbol": "SWK",
    "reportedCurrency": "USD",
    "cik": "0000093556",
    "fillingDate": "2012-05-02",
    "acceptedDate": "2012-05-02 14:20:43",
    "calendarYear": "2012",
    "period": "Q1",
    "revenue": 2652900000,
    "costOfRevenue": 1666900000,
    "grossProfit": 986000000,
    "grossProfitRatio": 0.3716687399,
    "researchAndDevelopmentExpenses": 0,
    "generalAndAdministrativeExpenses": 0,
    "sellingAndMarketingExpenses": 0,
    "sellingGeneralAndAdministrativeExpenses": 679000000,
    "otherExpenses": 83100000,
    "operatingExpenses": 759700000,
    "costAndExpenses": 2426600000,
    "interestIncome": 2700000,
    "interestExpense": 33900000,
    "depreciationAndAmortization": 115800000,
    "ebitda": 379500000,
    "ebitdaratio": 0.1430510008,
    "operatingIncome": 188900000,
    "operatingIncomeRatio": 0.0712050963,
    "totalOtherIncomeExpensesNet": -53500000,
    "incomeBeforeTax": 157700000,
    "incomeBeforeTaxRatio": 0.0594443816,
    "incomeTaxExpense": 36600000,
    "netIncome": 121800000,
    "netIncomeRatio": 0.0459120208,
    "eps": 0.74,
    "epsdiluted": 0.72,
    "weightedAverageShsOut": 164530000,
    "weightedAverageShsOutDil": 168948000,
    "link": "https://www.sec.gov/Archives/edgar/data/93556/000119312512203968/0001193125-12-203968-index.htm",
    "finalLink": "https://www.sec.gov/Archives/edgar/data/93556/000119312512203968/d328926d10q.htm"
  },
  {
    "date": "2011-12-31",
    "symbol": "SWK",
    "reportedCurrency": "USD",
    "cik": "0000093556",
    "fillingDate": "2012-02-23",
    "acceptedDate": "2012-02-23 16:31:09",
    "calendarYear": "2011",
    "period": "Q4",
    "revenue": 2736100000,
    "costOfRevenue": 1766900000,
    "grossProfit": 969200000,
    "grossProfitRatio": 0.3542268192,
    "researchAndDevelopmentExpenses": 0,
    "generalAndAdministrativeExpenses": 0,
    "sellingAndMarketingExpenses": 0,
    "sellingGeneralAndAdministrativeExpenses": 663900000,
    "otherExpenses": 78500000,
    "operatingExpenses": 742400000,
    "costAndExpenses": 2509300000,
    "interestIncome": 6600000,
    "interestExpense": 36700000,
    "depreciationAndAmortization": 112100000,
    "ebitda": 333200000,
    "ebitdaratio": 0.1217791747,
    "operatingIncome": 226800000,
    "operatingIncomeRatio": 0.0828917072,
    "totalOtherIncomeExpensesNet": -21000000,
    "incomeBeforeTax": 184400000,
    "incomeBeforeTaxRatio": 0.0673951975,
    "incomeTaxExpense": 4200000,
    "netIncome": 164000000,
    "netIncomeRatio": 0.0599393297,
    "eps": 1,
    "epsdiluted": 0.97,
    "weightedAverageShsOut": 164530000,
    "weightedAverageShsOutDil": 168948000,
    "link": "https://www.sec.gov/Archives/edgar/data/93556/000119312512075395/0001193125-12-075395-index.htm",
    "finalLink": "https://www.sec.gov/Archives/edgar/data/93556/000119312512075395/d297989d10k.htm"
  },
  {
    "date": "2011-10-01",
    "symbol": "SWK",
    "reportedCurrency": "USD",
    "cik": "0000093556",
    "fillingDate": "2011-11-07",
    "acceptedDate": "2011-11-07 16:03:54",
    "calendarYear": "2011",
    "period": "Q3",
    "revenue": 2636400000,
    "costOfRevenue": 1662000000,
    "grossProfit": 974400000,
    "grossProfitRatio": 0.3695949021,
    "researchAndDevelopmentExpenses": 0,
    "generalAndAdministrativeExpenses": 0,
    "sellingAndMarketingExpenses": 0,
    "sellingGeneralAndAdministrativeExpenses": 644600000,
    "otherExpenses": 93700000,
    "operatingExpenses": 734500000,
    "costAndExpenses": 2396500000,
    "interestIncome": 8000000,
    "interestExpense": 34900000,
    "depreciationAndAmortization": 100300000,
    "ebitda": 332400000,
    "ebitdaratio": 0.1260810196,
    "operatingIncome": 215600000,
    "operatingIncomeRatio": 0.0817781824,
    "totalOtherIncomeExpensesNet": -41700000,
    "incomeBeforeTax": 188700000,
    "incomeBeforeTaxRatio": 0.0715748748,
    "incomeTaxExpense": 33400000,
    "netIncome": 154600000,
    "netIncomeRatio": 0.0586405705,
    "eps": 0.94,
    "epsdiluted": 0.92,
    "weightedAverageShsOut": 164962000,
    "weightedAverageShsOutDil": 168896000,
    "link": "https://www.sec.gov/Archives/edgar/data/93556/000119312511299750/0001193125-11-299750-index.htm",
    "finalLink": "https://www.sec.gov/Archives/edgar/data/93556/000119312511299750/d234294d10q.htm"
  },
  {
    "date": "2011-07-02",
    "symbol": "SWK",
    "reportedCurrency": "USD",
    "cik": "0000093556",
    "fillingDate": "2011-07-27",
    "acceptedDate": "2011-07-27 15:01:57",
    "calendarYear": "2011",
    "period": "Q2",
    "revenue": 2623200000,
    "costOfRevenue": 1655800000,
    "grossProfit": 967400000,
    "grossProfitRatio": 0.3687862153,
    "researchAndDevelopmentExpenses": 0,
    "generalAndAdministrativeExpenses": 0,
    "sellingAndMarketingExpenses": 0,
    "sellingGeneralAndAdministrativeExpenses": 634500000,
    "otherExpenses": 65800000,
    "operatingExpenses": 694300000,
    "costAndExpenses": 2350100000,
    "interestIncome": 7300000,
    "interestExpense": 34100000,
    "depreciationAndAmortization": 93800000,
    "ebitda": 353100000,
    "ebitdaratio": 0.1346065874,
    "operatingIncome": 252000000,
    "operatingIncomeRatio": 0.0960658737,
    "totalOtherIncomeExpensesNet": -47800000,
    "incomeBeforeTax": 225200000,
    "incomeBeforeTaxRatio": 0.0858493443,
    "incomeTaxExpense": 27900000,
    "netIncome": 197300000,
    "netIncomeRatio": 0.0752134797,
    "eps": 1.17,
    "epsdiluted": 1.14,
    "weightedAverageShsOut": 168119000,
    "weightedAverageShsOutDil": 173075000,
    "link": "https://www.sec.gov/Archives/edgar/data/93556/000119312511198773/0001193125-11-198773-index.htm",
    "finalLink": "https://www.sec.gov/Archives/edgar/data/93556/000119312511198773/d10q.htm"
  },
  {
    "date": "2011-04-02",
    "symbol": "SWK",
    "reportedCurrency": "USD",
    "cik": "0000093556",
    "fillingDate": "2011-05-12",
    "acceptedDate": "2011-05-12 17:08:57",
    "calendarYear": "2011",
    "period": "Q1",
    "revenue": 2380700000,
    "costOfRevenue": 1498200000,
    "grossProfit": 882500000,
    "grossProfitRatio": 0.3706892931,
    "researchAndDevelopmentExpenses": 0,
    "generalAndAdministrativeExpenses": 0,
    "sellingAndMarketingExpenses": 0,
    "sellingGeneralAndAdministrativeExpenses": 605700000,
    "otherExpenses": 55300000,
    "operatingExpenses": 658200000,
    "costAndExpenses": 2156400000,
    "interestIncome": 5100000,
    "interestExpense": 34600000,
    "depreciationAndAmortization": 103900000,
    "ebitda": 318900000,
    "ebitdaratio": 0.1339521989,
    "operatingIncome": 211000000,
    "operatingIncomeRatio": 0.0886293947,
    "totalOtherIncomeExpensesNet": -42900000,
    "incomeBeforeTax": 181500000,
    "incomeBeforeTaxRatio": 0.0762380812,
    "incomeTaxExpense": 23100000,
    "netIncome": 158700000,
    "netIncomeRatio": 0.0666610661,
    "eps": 0.95,
    "epsdiluted": 0.92,
    "weightedAverageShsOut": 167259000,
    "weightedAverageShsOutDil": 171945000,
    "link": "https://www.sec.gov/Archives/edgar/data/93556/000095012311049498/0000950123-11-049498-index.htm",
    "finalLink": "https://www.sec.gov/Archives/edgar/data/93556/000095012311049498/y04708e10vq.htm"
  },
  {
    "date": "2011-01-01",
    "symbol": "SWK",
    "reportedCurrency": "USD",
    "cik": "0000093556",
    "fillingDate": "2011-02-18",
    "acceptedDate": "2011-02-18 17:19:37",
    "calendarYear": "2010",
    "period": "Q4",
    "revenue": 2412900000,
    "costOfRevenue": 1543300000,
    "grossProfit": 869600000,
    "grossProfitRatio": 0.3603962037,
    "researchAndDevelopmentExpenses": 0,
    "generalAndAdministrativeExpenses": 0,
    "sellingAndMarketingExpenses": 0,
    "sellingGeneralAndAdministrativeExpenses": 617700000,
    "otherExpenses": 19200000,
    "operatingExpenses": 636900000,
    "costAndExpenses": 2180200000,
    "interestIncome": 3500000,
    "interestExpense": 34700000,
    "depreciationAndAmortization": 109900000,
    "ebitda": 346100000,
    "ebitdaratio": 0.1434373575,
    "operatingIncome": 232700000,
    "operatingIncomeRatio": 0.0964399685,
    "totalOtherIncomeExpensesNet": -65800000,
    "incomeBeforeTax": 166900000,
    "incomeBeforeTaxRatio": 0.0691698786,
    "incomeTaxExpense": 29600000,
    "netIncome": 137800000,
    "netIncomeRatio": 0.057109702,
    "eps": 0.82,
    "epsdiluted": 0.8,
    "weightedAverageShsOut": 167259000,
    "weightedAverageShsOutDil": 171945000,
    "link": "https://www.sec.gov/Archives/edgar/data/93556/000095012311015782/0000950123-11-015782-index.htm",
    "finalLink": "https://www.sec.gov/Archives/edgar/data/93556/000095012311015782/y04394e10vk.htm"
  },
  {
    "date": "2010-10-02",
    "symbol": "SWK",
    "reportedCurrency": "USD",
    "cik": "0000093556",
    "fillingDate": "2010-11-01",
    "acceptedDate": "2010-11-01 06:16:41",
    "calendarYear": "2010",
    "period": "Q3",
    "revenue": 2369100000,
    "costOfRevenue": 1494900000,
    "grossProfit": 874200000,
    "grossProfitRatio": 0.3690008864,
    "researchAndDevelopmentExpenses": 0,
    "generalAndAdministrativeExpenses": 0,
    "sellingAndMarketingExpenses": 0,
    "sellingGeneralAndAdministrativeExpenses": 574600000,
    "otherExpenses": 55600000,
    "operatingExpenses": 618800000,
    "costAndExpenses": 2113700000,
    "interestIncome": 2500000,
    "interestExpense": 29200000,
    "depreciationAndAmortization": 86400000,
    "ebitda": 283500000,
    "ebitdaratio": 0.1196656958,
    "operatingIncome": 252100000,
    "operatingIncomeRatio": 0.1064117175,
    "totalOtherIncomeExpensesNet": -51500000,
    "incomeBeforeTax": 225400000,
    "incomeBeforeTaxRatio": 0.095141615,
    "incomeTaxExpense": 60900000,
    "netIncome": 164600000,
    "netIncomeRatio": 0.0694778608,
    "eps": 0.99,
    "epsdiluted": 0.97,
    "weightedAverageShsOut": 165793000,
    "weightedAverageShsOutDil": 168889000,
    "link": "https://www.sec.gov/Archives/edgar/data/93556/000095012310098458/0000950123-10-098458-index.htm",
    "finalLink": "https://www.sec.gov/Archives/edgar/data/93556/000095012310098458/y04047e10vq.htm"
  },
  {
    "date": "2010-07-03",
    "symbol": "SWK",
    "reportedCurrency": "USD",
    "cik": "0000093556",
    "fillingDate": "2010-07-30",
    "acceptedDate": "2010-07-30 17:25:29",
    "calendarYear": "2010",
    "period": "Q2",
    "revenue": 919200000,
    "costOfRevenue": 1472900000,
    "grossProfit": -553700000,
    "grossProfitRatio": -0.6023716275,
    "researchAndDevelopmentExpenses": 0,
    "generalAndAdministrativeExpenses": 0,
    "sellingAndMarketingExpenses": 0,
    "sellingGeneralAndAdministrativeExpenses": 568500000,
    "otherExpenses": 68200000,
    "operatingExpenses": 622000000,
    "costAndExpenses": 2094900000,
    "interestIncome": 2200000,
    "interestExpense": 26800000,
    "depreciationAndAmortization": 92700000,
    "ebitda": 128800000,
    "ebitdaratio": 0.1401218451,
    "operatingIncome": 263300000,
    "operatingIncomeRatio": 0.2864447346,
    "totalOtherIncomeExpensesNet": -110400000,
    "incomeBeforeTax": 238700000,
    "incomeBeforeTaxRatio": 0.2596823325,
    "incomeTaxExpense": 32100000,
    "netIncome": 206100000,
    "netIncomeRatio": 0.2242167102,
    "eps": 1.27,
    "epsdiluted": 1.24,
    "weightedAverageShsOut": 162847000,
    "weightedAverageShsOutDil": 166084000,
    "link": "https://www.sec.gov/Archives/edgar/data/93556/000095012310070583/0000950123-10-070583-index.htm",
    "finalLink": "https://www.sec.gov/Archives/edgar/data/93556/000095012310070583/y03760e10vq.htm"
  },
  {
    "date": "2010-04-03",
    "symbol": "SWK",
    "reportedCurrency": "USD",
    "cik": "0000093556",
    "fillingDate": "2010-05-13",
    "acceptedDate": "2010-05-13 17:28:25",
    "calendarYear": "2010",
    "period": "Q1",
    "revenue": 1262000000,
    "costOfRevenue": 764500000,
    "grossProfit": 497500000,
    "grossProfitRatio": 0.3942155309,
    "researchAndDevelopmentExpenses": 0,
    "generalAndAdministrativeExpenses": 0,
    "sellingAndMarketingExpenses": 0,
    "sellingGeneralAndAdministrativeExpenses": 333500000,
    "otherExpenses": 68900000,
    "operatingExpenses": 366400000,
    "costAndExpenses": 1130900000,
    "interestIncome": 1200000,
    "interestExpense": 18100000,
    "depreciationAndAmortization": 59700000,
    "ebitda": -28000000,
    "ebitdaratio": -0.0221870048,
    "operatingIncome": 123900000,
    "operatingIncomeRatio": 0.098177496,
    "totalOtherIncomeExpensesNet": -115500000,
    "incomeBeforeTax": 105800000,
    "incomeBeforeTaxRatio": 0.0838351823,
    "incomeTaxExpense": 35600000,
    "netIncome": 70100000,
    "netIncomeRatio": 0.0555467512,
    "eps": 0.72,
    "epsdiluted": 0.7,
    "weightedAverageShsOut": 97672000,
    "weightedAverageShsOutDil": 99462000,
    "link": "https://www.sec.gov/Archives/edgar/data/93556/000095012310049150/0000950123-10-049150-index.htm",
    "finalLink": "https://www.sec.gov/Archives/edgar/data/93556/000095012310049150/y03431e10vq.htm"
  },
  {
    "date": "2010-01-02",
    "symbol": "SWK",
    "reportedCurrency": "USD",
    "cik": "0000093556",
    "fillingDate": "2010-02-22",
    "acceptedDate": "2010-02-19 18:14:03",
    "calendarYear": "2009",
    "period": "Q4",
    "revenue": 969400000,
    "costOfRevenue": 575200000,
    "grossProfit": 394200000,
    "grossProfitRatio": 0.4066432845,
    "researchAndDevelopmentExpenses": 0,
    "generalAndAdministrativeExpenses": 0,
    "sellingAndMarketingExpenses": 0,
    "sellingGeneralAndAdministrativeExpenses": 265000000,
    "otherExpenses": 99300000,
    "operatingExpenses": 364300000,
    "costAndExpenses": 939500000,
    "interestIncome": 1000000,
    "interestExpense": 15000000,
    "depreciationAndAmortization": 51300000,
    "ebitda": 118400000,
    "ebitdaratio": 0.1221374046,
    "operatingIncome": 29900000,
    "operatingIncomeRatio": 0.0308438209,
    "totalOtherIncomeExpensesNet": 22200000,
    "incomeBeforeTax": 52100000,
    "incomeBeforeTaxRatio": 0.0537445843,
    "incomeTaxExpense": -3600000,
    "netIncome": 56700000,
    "netIncomeRatio": 0.0584897875,
    "eps": 0.58,
    "epsdiluted": 0.57,
    "weightedAverageShsOut": 97672000,
    "weightedAverageShsOutDil": 99462000,
    "link": "https://www.sec.gov/Archives/edgar/data/93556/000095012310014663/0000950123-10-014663-index.htm",
    "finalLink": "https://www.sec.gov/Archives/edgar/data/93556/000095012310014663/y03034e10vk.htm"
  },
  {
    "date": "2009-10-03",
    "symbol": "SWK",
    "reportedCurrency": "USD",
    "cik": "0000093556",
    "fillingDate": "2009-11-06",
    "acceptedDate": "2009-11-06 16:15:56",
    "calendarYear": "2009",
    "period": "Q3",
    "revenue": 935500000,
    "costOfRevenue": 549100000,
    "grossProfit": 386400000,
    "grossProfitRatio": 0.4130411545,
    "researchAndDevelopmentExpenses": 0,
    "generalAndAdministrativeExpenses": 0,
    "sellingAndMarketingExpenses": 0,
    "sellingGeneralAndAdministrativeExpenses": 251400000,
    "otherExpenses": 2800000,
    "operatingExpenses": 285000000,
    "costAndExpenses": 834100000,
    "interestIncome": 500000,
    "interestExpense": 15000000,
    "depreciationAndAmortization": 51900000,
    "ebitda": 147200000,
    "ebitdaratio": 0.1573490112,
    "operatingIncome": 94800000,
    "operatingIncomeRatio": 0.1013361839,
    "totalOtherIncomeExpensesNet": -21600000,
    "incomeBeforeTax": 79800000,
    "incomeBeforeTaxRatio": 0.0853019776,
    "incomeTaxExpense": 17700000,
    "netIncome": 60400000,
    "netIncomeRatio": 0.0645644041,
    "eps": 0.75,
    "epsdiluted": 0.75,
    "weightedAverageShsOut": 79966000,
    "weightedAverageShsOutDil": 80565000,
    "link": "https://www.sec.gov/Archives/edgar/data/93556/000095012309059323/0000950123-09-059323-index.htm",
    "finalLink": "https://www.sec.gov/Archives/edgar/data/93556/000095012309059323/y02485e10vq.htm"
  },
  {
    "date": "2009-07-04",
    "symbol": "SWK",
    "reportedCurrency": "USD",
    "cik": "0000093556",
    "fillingDate": "2009-07-31",
    "acceptedDate": "2009-07-31 17:12:55",
    "calendarYear": "2009",
    "period": "Q2",
    "revenue": 919200000,
    "costOfRevenue": 552600000,
    "grossProfit": 366600000,
    "grossProfitRatio": 0.3988250653,
    "researchAndDevelopmentExpenses": 0,
    "generalAndAdministrativeExpenses": 0,
    "sellingAndMarketingExpenses": 0,
    "sellingGeneralAndAdministrativeExpenses": 253200000,
    "otherExpenses": 2100000,
    "operatingExpenses": 255300000,
    "costAndExpenses": 807900000,
    "interestIncome": 900000,
    "interestExpense": 16200000,
    "depreciationAndAmortization": 48900000,
    "ebitda": 163800000,
    "ebitdaratio": 0.1781984334,
    "operatingIncome": 111300000,
    "operatingIncomeRatio": 0.1210835509,
    "totalOtherIncomeExpensesNet": -12600000,
    "incomeBeforeTax": 98700000,
    "incomeBeforeTaxRatio": 0.1073759791,
    "incomeTaxExpense": 26700000,
    "netIncome": 69500000,
    "netIncomeRatio": 0.0756092254,
    "eps": 0.88,
    "epsdiluted": 0.87,
    "weightedAverageShsOut": 79327000,
    "weightedAverageShsOutDil": 79744000,
    "link": "https://www.sec.gov/Archives/edgar/data/93556/000095012309028446/0000950123-09-028446-index.htm",
    "finalLink": "https://www.sec.gov/Archives/edgar/data/93556/000095012309028446/y02011e10vq.htm"
  },
  {
    "date": "2009-04-04",
    "symbol": "SWK",
    "reportedCurrency": "USD",
    "cik": "0000093556",
    "fillingDate": "2009-05-05",
    "acceptedDate": "2009-05-04 18:55:52",
    "calendarYear": "2009",
    "period": "Q1",
    "revenue": 913000000,
    "costOfRevenue": 551900000,
    "grossProfit": 361100000,
    "grossProfitRatio": 0.39550931,
    "researchAndDevelopmentExpenses": 0,
    "generalAndAdministrativeExpenses": 0,
    "sellingAndMarketingExpenses": 0,
    "sellingGeneralAndAdministrativeExpenses": 247600000,
    "otherExpenses": 5100000,
    "operatingExpenses": 252700000,
    "costAndExpenses": 804600000,
    "interestIncome": 700000,
    "interestExpense": 17000000,
    "depreciationAndAmortization": 48000000,
    "ebitda": 117700000,
    "ebitdaratio": 0.1289156627,
    "operatingIncome": 108400000,
    "operatingIncomeRatio": 0.1187294633,
    "totalOtherIncomeExpensesNet": -25400000,
    "incomeBeforeTax": 52700000,
    "incomeBeforeTaxRatio": 0.0577217963,
    "incomeTaxExpense": 13700000,
    "netIncome": 37700000,
    "netIncomeRatio": 0.0412924425,
    "eps": 0.48,
    "epsdiluted": 0.47,
    "weightedAverageShsOut": 79209000,
    "weightedAverageShsOutDil": 79471000,
    "link": "https://www.sec.gov/Archives/edgar/data/93556/000095012309007904/0000950123-09-007904-index.htm",
    "finalLink": "https://www.sec.gov/Archives/edgar/data/93556/000095012309007904/y01562e10vq.htm"
  },
  {
    "date": "2009-01-03",
    "symbol": "SWK",
    "reportedCurrency": "USD",
    "cik": "0000093556",
    "fillingDate": "2009-02-26",
    "acceptedDate": "2009-02-25 18:43:14",
    "calendarYear": "2008",
    "period": "Q4",
    "revenue": 1078600000,
    "costOfRevenue": 686500000,
    "grossProfit": 392100000,
    "grossProfitRatio": 0.363526794,
    "researchAndDevelopmentExpenses": 0,
    "generalAndAdministrativeExpenses": 0,
    "sellingAndMarketingExpenses": 0,
    "sellingGeneralAndAdministrativeExpenses": 256700000,
    "otherExpenses": 121800000,
    "operatingExpenses": 378500000,
    "costAndExpenses": 1065000000,
    "interestIncome": 0,
    "interestExpense": 0,
    "depreciationAndAmortization": 54500000,
    "ebitda": -115100000,
    "ebitdaratio": -0.106712405,
    "operatingIncome": 13600000,
    "operatingIncomeRatio": 0.0126089375,
    "totalOtherIncomeExpensesNet": -8700000,
    "incomeBeforeTax": 4900000,
    "incomeBeforeTaxRatio": 0.004542926,
    "incomeTaxExpense": -1000000,
    "netIncome": 1200000,
    "netIncomeRatio": 0.0011125533,
    "eps": 0.0151,
    "epsdiluted": 0.0151,
    "weightedAverageShsOut": 79209000,
    "weightedAverageShsOutDil": 79471000,
    "link": "https://www.sec.gov/Archives/edgar/data/93556/000095012309003448/0000950123-09-003448-index.htm",
    "finalLink": "https://www.sec.gov/Archives/edgar/data/93556/000095012309003448/y01183e10vk.htm"
  },
  {
    "date": "2008-09-27",
    "symbol": "SWK",
    "reportedCurrency": "USD",
    "cik": "0000093556",
    "fillingDate": "2008-11-03",
    "acceptedDate": "2008-11-03 15:05:00",
    "calendarYear": "2008",
    "period": "Q3",
    "revenue": 1119700000,
    "costOfRevenue": 688300000,
    "grossProfit": 431400000,
    "grossProfitRatio": 0.3852817719,
    "researchAndDevelopmentExpenses": 0,
    "generalAndAdministrativeExpenses": 0,
    "sellingAndMarketingExpenses": 0,
    "sellingGeneralAndAdministrativeExpenses": 275000000,
    "otherExpenses": 0,
    "operatingExpenses": 275000000,
    "costAndExpenses": 963300000,
    "interestIncome": 2700000,
    "interestExpense": 23500000,
    "depreciationAndAmortization": 47200000,
    "ebitda": 173800000,
    "ebitdaratio": 0.1552201483,
    "operatingIncome": 156400000,
    "operatingIncomeRatio": 0.1396802715,
    "totalOtherIncomeExpensesNet": -53300000,
    "incomeBeforeTax": 104600000,
    "incomeBeforeTaxRatio": 0.0934178798,
    "incomeTaxExpense": 26200000,
    "netIncome": 163000000,
    "netIncomeRatio": 0.1455747075,
    "eps": 2.06,
    "epsdiluted": 2.04,
    "weightedAverageShsOut": 78808000,
    "weightedAverageShsOutDil": 79846000,
    "link": "https://www.sec.gov/Archives/edgar/data/93556/000095012308014226/0000950123-08-014226-index.htm",
    "finalLink": "https://www.sec.gov/Archives/edgar/data/93556/000095012308014226/y00370e10vq.htm"
  },
  {
    "date": "2008-06-28",
    "symbol": "SWK",
    "reportedCurrency": "USD",
    "cik": "0000093556",
    "fillingDate": "2008-07-24",
    "acceptedDate": "2008-07-24 17:17:09",
    "calendarYear": "2008",
    "period": "Q2",
    "revenue": 1154200000,
    "costOfRevenue": 712300000,
    "grossProfit": 441900000,
    "grossProfitRatio": 0.3828625888,
    "researchAndDevelopmentExpenses": 0,
    "generalAndAdministrativeExpenses": 0,
    "sellingAndMarketingExpenses": 0,
    "sellingGeneralAndAdministrativeExpenses": 283200000,
    "otherExpenses": 0,
    "operatingExpenses": 283200000,
    "costAndExpenses": 995500000,
    "interestIncome": 3700000,
    "interestExpense": 24000000,
    "depreciationAndAmortization": 40500000,
    "ebitda": 165400000,
    "ebitdaratio": 0.1433027205,
    "operatingIncome": 158700000,
    "operatingIncomeRatio": 0.137497834,
    "totalOtherIncomeExpensesNet": -57800000,
    "incomeBeforeTax": 102800000,
    "incomeBeforeTaxRatio": 0.0890660198,
    "incomeTaxExpense": 27100000,
    "netIncome": 78100000,
    "netIncomeRatio": 0.0676659158,
    "eps": 0.99,
    "epsdiluted": 0.98,
    "weightedAverageShsOut": 78650000,
    "weightedAverageShsOutDil": 79827000,
    "link": "https://www.sec.gov/Archives/edgar/data/93556/000095012308008286/0000950123-08-008286-index.htm",
    "finalLink": "https://www.sec.gov/Archives/edgar/data/93556/000095012308008286/y63895e10vq.htm"
  },
  {
    "date": "2008-03-29",
    "symbol": "SWK",
    "reportedCurrency": "USD",
    "cik": "0000093556",
    "fillingDate": "2008-04-25",
    "acceptedDate": "2008-04-25 16:00:34",
    "calendarYear": "2008",
    "period": "Q1",
    "revenue": 1096900000,
    "costOfRevenue": 681900000,
    "grossProfit": 415000000,
    "grossProfitRatio": 0.3783389552,
    "researchAndDevelopmentExpenses": 0,
    "generalAndAdministrativeExpenses": 0,
    "sellingAndMarketingExpenses": 0,
    "sellingGeneralAndAdministrativeExpenses": 279500000,
    "otherExpenses": 0,
    "operatingExpenses": 279500000,
    "costAndExpenses": 961400000,
    "interestIncome": 1000000,
    "interestExpense": 21900000,
    "depreciationAndAmortization": 40800000,
    "ebitda": 200300000,
    "ebitdaratio": 0.1826055247,
    "operatingIncome": 135500000,
    "operatingIncomeRatio": 0.123529948,
    "totalOtherIncomeExpensesNet": -44200000,
    "incomeBeforeTax": 93100000,
    "incomeBeforeTaxRatio": 0.0848755584,
    "incomeTaxExpense": 25100000,
    "netIncome": 66500000,
    "netIncomeRatio": 0.0606253989,
    "eps": 0.84,
    "epsdiluted": 0.83,
    "weightedAverageShsOut": 79176000,
    "weightedAverageShsOutDil": 80404000,
    "link": "https://www.sec.gov/Archives/edgar/data/93556/000095013608002098/0000950136-08-002098-index.htm",
    "finalLink": "https://www.sec.gov/Archives/edgar/data/93556/000095013608002098/file1.htm"
  },
  {
    "date": "2007-12-29",
    "symbol": "SWK",
    "reportedCurrency": "USD",
    "cik": "0000093556",
    "fillingDate": "2008-02-25",
    "acceptedDate": "2008-02-25 17:18:02",
    "calendarYear": "2007",
    "period": "Q4",
    "revenue": 1167400000,
    "costOfRevenue": 733700000,
    "grossProfit": 433700000,
    "grossProfitRatio": 0.371509337,
    "researchAndDevelopmentExpenses": 0,
    "generalAndAdministrativeExpenses": 0,
    "sellingAndMarketingExpenses": 0,
    "sellingGeneralAndAdministrativeExpenses": 274700000,
    "otherExpenses": 0,
    "operatingExpenses": 274700000,
    "costAndExpenses": 1008400000,
    "interestIncome": 0,
    "interestExpense": 0,
    "depreciationAndAmortization": 42100000,
    "ebitda": 201100000,
    "ebitdaratio": 0.1722631489,
    "operatingIncome": 159000000,
    "operatingIncomeRatio": 0.1362001028,
    "totalOtherIncomeExpensesNet": -41700000,
    "incomeBeforeTax": 117300000,
    "incomeBeforeTaxRatio": 0.1004796985,
    "incomeTaxExpense": 25000000,
    "netIncome": 92300000,
    "netIncomeRatio": 0.079064588,
    "eps": 1.17,
    "epsdiluted": 1.15,
    "weightedAverageShsOut": 79025000,
    "weightedAverageShsOutDil": 80274000,
    "link": "https://www.sec.gov/Archives/edgar/data/93556/000095013608000877/0000950136-08-000877-index.htm",
    "finalLink": "https://www.sec.gov/Archives/edgar/data/93556/000095013608000877/file1.htm"
  },
  {
    "date": "2007-09-29",
    "symbol": "SWK",
    "reportedCurrency": "USD",
    "cik": "0000093556",
    "fillingDate": "2007-10-29",
    "acceptedDate": "2007-10-29 17:06:19",
    "calendarYear": "2007",
    "period": "Q3",
    "revenue": 1131300000,
    "costOfRevenue": 700200000,
    "grossProfit": 431100000,
    "grossProfitRatio": 0.3810660302,
    "researchAndDevelopmentExpenses": 0,
    "generalAndAdministrativeExpenses": 0,
    "sellingAndMarketingExpenses": 0,
    "sellingGeneralAndAdministrativeExpenses": 256500000,
    "otherExpenses": 0,
    "operatingExpenses": 256500000,
    "costAndExpenses": 956700000,
    "interestIncome": 0,
    "interestExpense": 0,
    "depreciationAndAmortization": 42200000,
    "ebitda": 216800000,
    "ebitdaratio": 0.1916379387,
    "operatingIncome": 174600000,
    "operatingIncomeRatio": 0.15433572,
    "totalOtherIncomeExpensesNet": -49000000,
    "incomeBeforeTax": 125600000,
    "incomeBeforeTaxRatio": 0.1110227172,
    "incomeTaxExpense": 34200000,
    "netIncome": 91400000,
    "netIncomeRatio": 0.0807920092,
    "eps": 1.11,
    "epsdiluted": 1.09,
    "weightedAverageShsOut": 82288000,
    "weightedAverageShsOutDil": 83999000,
    "link": "https://www.sec.gov/Archives/edgar/data/93556/000095013607007276/0000950136-07-007276-index.htm",
    "finalLink": "https://www.sec.gov/Archives/edgar/data/93556/000095013607007276/file1.htm"
  },
  {
    "date": "2007-06-30",
    "symbol": "SWK",
    "reportedCurrency": "USD",
    "cik": "0000093556",
    "fillingDate": "2007-07-30",
    "acceptedDate": "2007-07-30 17:05:51",
    "calendarYear": "2007",
    "period": "Q2",
    "revenue": 1123000000,
    "costOfRevenue": 690900000,
    "grossProfit": 432100000,
    "grossProfitRatio": 0.3847729297,
    "researchAndDevelopmentExpenses": 0,
    "generalAndAdministrativeExpenses": 0,
    "sellingAndMarketingExpenses": 0,
    "sellingGeneralAndAdministrativeExpenses": 268200000,
    "otherExpenses": 0,
    "operatingExpenses": 268200000,
    "costAndExpenses": 959100000,
    "interestIncome": 0,
    "interestExpense": 0,
    "depreciationAndAmortization": 40700000,
    "ebitda": 199700000,
    "ebitdaratio": 0.1778272484,
    "operatingIncome": 163900000,
    "operatingIncomeRatio": 0.1459483526,
    "totalOtherIncomeExpensesNet": -47400000,
    "incomeBeforeTax": 116000000,
    "incomeBeforeTaxRatio": 0.1032947462,
    "incomeTaxExpense": 30700000,
    "netIncome": 85300000,
    "netIncomeRatio": 0.0759572573,
    "eps": 1.03,
    "epsdiluted": 1.01,
    "weightedAverageShsOut": 82810000,
    "weightedAverageShsOutDil": 84542000,
    "link": "https://www.sec.gov/Archives/edgar/data/93556/000095013607005203/0000950136-07-005203-index.htm",
    "finalLink": "https://www.sec.gov/Archives/edgar/data/93556/000095013607005203/file1.htm"
  },
  {
    "date": "2007-03-31",
    "symbol": "SWK",
    "reportedCurrency": "USD",
    "cik": "0000093556",
    "fillingDate": "2007-05-01",
    "acceptedDate": "2007-05-01 17:26:34",
    "calendarYear": "2007",
    "period": "Q1",
    "revenue": 1062100000,
    "costOfRevenue": 666800000,
    "grossProfit": 395300000,
    "grossProfitRatio": 0.3721871763,
    "researchAndDevelopmentExpenses": 0,
    "generalAndAdministrativeExpenses": 0,
    "sellingAndMarketingExpenses": 0,
    "sellingGeneralAndAdministrativeExpenses": 259000000,
    "otherExpenses": 0,
    "operatingExpenses": 259000000,
    "costAndExpenses": 925800000,
    "interestIncome": 0,
    "interestExpense": 0,
    "depreciationAndAmortization": 37200000,
    "ebitda": 173500000,
    "ebitdaratio": 0.1633556162,
    "operatingIncome": 136300000,
    "operatingIncomeRatio": 0.1283306657,
    "totalOtherIncomeExpensesNet": -44100000,
    "incomeBeforeTax": 92200000,
    "incomeBeforeTaxRatio": 0.0868091517,
    "incomeTaxExpense": 24600000,
    "netIncome": 67600000,
    "netIncomeRatio": 0.0636474908,
    "eps": 0.82,
    "epsdiluted": 0.8,
    "weightedAverageShsOut": 82851000,
    "weightedAverageShsOutDil": 84774000,
    "link": "https://www.sec.gov/Archives/edgar/data/93556/000095013607002960/0000950136-07-002960-index.htm",
    "finalLink": "https://www.sec.gov/Archives/edgar/data/93556/000095013607002960/file1.htm"
  },
  {
    "date": "2006-12-31",
    "symbol": "SWK",
    "reportedCurrency": "USD",
    "cik": "0000093556",
    "fillingDate": "2007-02-27",
    "acceptedDate": "2007-02-26 19:22:51",
    "calendarYear": "2006",
    "period": "Q4",
    "revenue": 1019300000,
    "costOfRevenue": 647200000,
    "grossProfit": 372100000,
    "grossProfitRatio": 0.3650544491,
    "researchAndDevelopmentExpenses": 0,
    "generalAndAdministrativeExpenses": 0,
    "sellingAndMarketingExpenses": 0,
    "sellingGeneralAndAdministrativeExpenses": 239900000,
    "otherExpenses": 0,
    "operatingExpenses": 239900000,
    "costAndExpenses": 887100000,
    "interestIncome": 0,
    "interestExpense": 0,
    "depreciationAndAmortization": 29900000,
    "ebitda": 162100000,
    "ebitdaratio": 0.1590307073,
    "operatingIncome": 132200000,
    "operatingIncomeRatio": 0.1296968508,
    "totalOtherIncomeExpensesNet": -31100000,
    "incomeBeforeTax": 101100000,
    "incomeBeforeTaxRatio": 0.0991857157,
    "incomeTaxExpense": 14100000,
    "netIncome": 86600000,
    "netIncomeRatio": 0.0849602668,
    "eps": 1.05,
    "epsdiluted": 1.02,
    "weightedAverageShsOut": 82851000,
    "weightedAverageShsOutDil": 84774000,
    "link": "https://www.sec.gov/Archives/edgar/data/93556/000095013607001137/0000950136-07-001137-index.htm",
    "finalLink": "https://www.sec.gov/Archives/edgar/data/93556/000095013607001137/file1.htm"
  },
  {
    "date": "2006-09-30",
    "symbol": "SWK",
    "reportedCurrency": "USD",
    "cik": "0000093556",
    "fillingDate": "2006-10-27",
    "acceptedDate": "2006-10-27 17:16:41",
    "calendarYear": "2006",
    "period": "Q3",
    "revenue": 1012700000,
    "costOfRevenue": 634900000,
    "grossProfit": 377800000,
    "grossProfitRatio": 0.3730621112,
    "researchAndDevelopmentExpenses": 0,
    "generalAndAdministrativeExpenses": 0,
    "sellingAndMarketingExpenses": 0,
    "sellingGeneralAndAdministrativeExpenses": 231900000,
    "otherExpenses": 0,
    "operatingExpenses": 231900000,
    "costAndExpenses": 866800000,
    "interestIncome": 0,
    "interestExpense": 0,
    "depreciationAndAmortization": 30000000,
    "ebitda": 175900000,
    "ebitdaratio": 0.1736940851,
    "operatingIncome": 145900000,
    "operatingIncomeRatio": 0.1440703071,
    "totalOtherIncomeExpensesNet": -32800000,
    "incomeBeforeTax": 113100000,
    "incomeBeforeTaxRatio": 0.1116816431,
    "incomeTaxExpense": 22900000,
    "netIncome": 90500000,
    "netIncomeRatio": 0.0893650637,
    "eps": 1.11,
    "epsdiluted": 1.09,
    "weightedAverageShsOut": 81206000,
    "weightedAverageShsOutDil": 82867000,
    "link": "https://www.sec.gov/Archives/edgar/data/93556/000095013606008942/0000950136-06-008942-index.htm",
    "finalLink": "https://www.sec.gov/Archives/edgar/data/93556/000095013606008942/file1.htm"
  },
  {
    "date": "2006-07-01",
    "symbol": "SWK",
    "reportedCurrency": "USD",
    "cik": "0000093556",
    "fillingDate": "2006-07-28",
    "acceptedDate": "2006-07-28 15:25:29",
    "calendarYear": "2006",
    "period": "Q2",
    "revenue": 1017900000,
    "costOfRevenue": 641200000,
    "grossProfit": 376700000,
    "grossProfitRatio": 0.3700756459,
    "researchAndDevelopmentExpenses": 0,
    "generalAndAdministrativeExpenses": 0,
    "sellingAndMarketingExpenses": 0,
    "sellingGeneralAndAdministrativeExpenses": 244600000,
    "otherExpenses": 0,
    "operatingExpenses": 244600000,
    "costAndExpenses": 885800000,
    "interestIncome": 0,
    "interestExpense": 0,
    "depreciationAndAmortization": 31000000,
    "ebitda": 163100000,
    "ebitdaratio": 0.1602318499,
    "operatingIncome": 132100000,
    "operatingIncomeRatio": 0.1297769918,
    "totalOtherIncomeExpensesNet": -30100000,
    "incomeBeforeTax": 102000000,
    "incomeBeforeTaxRatio": 0.1002063071,
    "incomeTaxExpense": 27000000,
    "netIncome": 74700000,
    "netIncomeRatio": 0.0733863837,
    "eps": 0.92,
    "epsdiluted": 0.9,
    "weightedAverageShsOut": 81132000,
    "weightedAverageShsOutDil": 82978000,
    "link": "https://www.sec.gov/Archives/edgar/data/93556/000095013606006123/0000950136-06-006123-index.htm",
    "finalLink": "https://www.sec.gov/Archives/edgar/data/93556/000095013606006123/file1.htm"
  },
  {
    "date": "2006-04-01",
    "symbol": "SWK",
    "reportedCurrency": "USD",
    "cik": "0000093556",
    "fillingDate": "2006-05-05",
    "acceptedDate": "2006-05-05 17:30:18",
    "calendarYear": "2006",
    "period": "Q1",
    "revenue": 968700000,
    "costOfRevenue": 636800000,
    "grossProfit": 331900000,
    "grossProfitRatio": 0.3426241354,
    "researchAndDevelopmentExpenses": 0,
    "generalAndAdministrativeExpenses": 0,
    "sellingAndMarketingExpenses": 0,
    "sellingGeneralAndAdministrativeExpenses": 238800000,
    "otherExpenses": 0,
    "operatingExpenses": 238800000,
    "costAndExpenses": 875600000,
    "interestIncome": 0,
    "interestExpense": 0,
    "depreciationAndAmortization": 30300000,
    "ebitda": 123400000,
    "ebitdaratio": 0.12738722,
    "operatingIncome": 93100000,
    "operatingIncomeRatio": 0.0961081862,
    "totalOtherIncomeExpensesNet": -42200000,
    "incomeBeforeTax": 50900000,
    "incomeBeforeTaxRatio": 0.0525446475,
    "incomeTaxExpense": 12400000,
    "netIncome": 37700000,
    "netIncomeRatio": 0.0389181377,
    "eps": 0.45,
    "epsdiluted": 0.44,
    "weightedAverageShsOut": 82892000,
    "weightedAverageShsOutDil": 84804000,
    "link": "https://www.sec.gov/Archives/edgar/data/93556/000095013606003511/0000950136-06-003511-index.htm",
    "finalLink": "https://www.sec.gov/Archives/edgar/data/93556/000095013606003511/file001.htm"
  },
  {
    "date": "2005-12-31",
    "symbol": "SWK",
    "reportedCurrency": "USD",
    "cik": "0000093556",
    "fillingDate": "2006-03-01",
    "acceptedDate": "2006-02-28 18:43:07",
    "calendarYear": "2005",
    "period": "Q4",
    "revenue": 810200000,
    "costOfRevenue": 525100000,
    "grossProfit": 285100000,
    "grossProfitRatio": 0.3518884226,
    "researchAndDevelopmentExpenses": 0,
    "generalAndAdministrativeExpenses": 0,
    "sellingAndMarketingExpenses": 0,
    "sellingGeneralAndAdministrativeExpenses": 182700000,
    "otherExpenses": 0,
    "operatingExpenses": 182700000,
    "costAndExpenses": 707800000,
    "interestIncome": 0,
    "interestExpense": 0,
    "depreciationAndAmortization": 25800000,
    "ebitda": 128200000,
    "ebitdaratio": 0.1582325352,
    "operatingIncome": 102400000,
    "operatingIncomeRatio": 0.126388546,
    "totalOtherIncomeExpensesNet": -24800000,
    "incomeBeforeTax": 77600000,
    "incomeBeforeTaxRatio": 0.09577882,
    "incomeTaxExpense": 15500000,
    "netIncome": 60200000,
    "netIncomeRatio": 0.0743026413,
    "eps": 0.73,
    "epsdiluted": 0.71,
    "weightedAverageShsOut": 82892000,
    "weightedAverageShsOutDil": 84804000,
    "link": "https://www.sec.gov/Archives/edgar/data/93556/000095013606001493/0000950136-06-001493-index.htm",
    "finalLink": "https://www.sec.gov/Archives/edgar/data/93556/000095013606001493/file001.htm"
  },
  {
    "date": "2005-10-01",
    "symbol": "SWK",
    "reportedCurrency": "USD",
    "cik": "0000093556",
    "fillingDate": "2005-10-31",
    "acceptedDate": "2005-10-28 20:19:00",
    "calendarYear": "2005",
    "period": "Q3",
    "revenue": 844800000,
    "costOfRevenue": 539700000,
    "grossProfit": 305100000,
    "grossProfitRatio": 0.3611505682,
    "researchAndDevelopmentExpenses": 0,
    "generalAndAdministrativeExpenses": 0,
    "sellingAndMarketingExpenses": 0,
    "sellingGeneralAndAdministrativeExpenses": 179800000,
    "otherExpenses": 0,
    "operatingExpenses": 179800000,
    "costAndExpenses": 719500000,
    "interestIncome": 0,
    "interestExpense": 0,
    "depreciationAndAmortization": 23400000,
    "ebitda": 148600000,
    "ebitdaratio": 0.1758996212,
    "operatingIncome": 125300000,
    "operatingIncomeRatio": 0.1483191288,
    "totalOtherIncomeExpensesNet": -23000000,
    "incomeBeforeTax": 102600000,
    "incomeBeforeTaxRatio": 0.1214488636,
    "incomeTaxExpense": 25700000,
    "netIncome": 76900000,
    "netIncomeRatio": 0.0910274621,
    "eps": 0.92,
    "epsdiluted": 0.9,
    "weightedAverageShsOut": 83566000,
    "weightedAverageShsOutDil": 85483000,
    "link": "https://www.sec.gov/Archives/edgar/data/93556/000095013605006785/0000950136-05-006785-index.htm",
    "finalLink": "https://www.sec.gov/Archives/edgar/data/93556/000095013605006785/file001.htm"
  },
  {
    "date": "2005-07-02",
    "symbol": "SWK",
    "reportedCurrency": "USD",
    "cik": "0000093556",
    "fillingDate": "2005-08-01",
    "acceptedDate": "2005-08-01 10:08:12",
    "calendarYear": "2005",
    "period": "Q2",
    "revenue": 824000000,
    "costOfRevenue": 521800000,
    "grossProfit": 302200000,
    "grossProfitRatio": 0.3667475728,
    "researchAndDevelopmentExpenses": 0,
    "generalAndAdministrativeExpenses": 0,
    "sellingAndMarketingExpenses": 0,
    "sellingGeneralAndAdministrativeExpenses": 189100000,
    "otherExpenses": 0,
    "operatingExpenses": 189100000,
    "costAndExpenses": 710900000,
    "interestIncome": 0,
    "interestExpense": 0,
    "depreciationAndAmortization": 23900000,
    "ebitda": 136200000,
    "ebitdaratio": 0.1652912621,
    "operatingIncome": 113100000,
    "operatingIncomeRatio": 0.1372572816,
    "totalOtherIncomeExpensesNet": -21800000,
    "incomeBeforeTax": 91400000,
    "incomeBeforeTaxRatio": 0.1109223301,
    "incomeTaxExpense": 25400000,
    "netIncome": 65900000,
    "netIncomeRatio": 0.0799757282,
    "eps": 0.79,
    "epsdiluted": 0.78,
    "weightedAverageShsOut": 83020000,
    "weightedAverageShsOutDil": 84983000,
    "link": "https://www.sec.gov/Archives/edgar/data/93556/000095013605004454/0000950136-05-004454-index.htm",
    "finalLink": "https://www.sec.gov/Archives/edgar/data/93556/000095013605004454/file001.htm"
  },
  {
    "date": "2005-04-02",
    "symbol": "SWK",
    "reportedCurrency": "USD",
    "cik": "0000093556",
    "fillingDate": "2005-05-06",
    "acceptedDate": "2005-05-06 16:58:08",
    "calendarYear": "2005",
    "period": "Q1",
    "revenue": 806300000,
    "costOfRevenue": 517400000,
    "grossProfit": 288900000,
    "grossProfitRatio": 0.358303361,
    "researchAndDevelopmentExpenses": 0,
    "generalAndAdministrativeExpenses": 0,
    "sellingAndMarketingExpenses": 0,
    "sellingGeneralAndAdministrativeExpenses": 185200000,
    "otherExpenses": 0,
    "operatingExpenses": 185200000,
    "costAndExpenses": 702600000,
    "interestIncome": 0,
    "interestExpense": 0,
    "depreciationAndAmortization": 23400000,
    "ebitda": 126000000,
    "ebitdaratio": 0.1562693786,
    "operatingIncome": 103700000,
    "operatingIncomeRatio": 0.1286121791,
    "totalOtherIncomeExpensesNet": -17100000,
    "incomeBeforeTax": 86600000,
    "incomeBeforeTaxRatio": 0.107404192,
    "incomeTaxExpense": 19900000,
    "netIncome": 66600000,
    "netIncomeRatio": 0.0825995287,
    "eps": 0.8,
    "epsdiluted": 0.78,
    "weightedAverageShsOut": 82822000,
    "weightedAverageShsOutDil": 85156000,
    "link": "https://www.sec.gov/Archives/edgar/data/93556/000095013605002595/0000950136-05-002595-index.htm",
    "finalLink": "https://www.sec.gov/Archives/edgar/data/93556/000095013605002595/file001.htm"
  },
  {
    "date": "2005-01-01",
    "symbol": "SWK",
    "reportedCurrency": "USD",
    "cik": "0000093556",
    "fillingDate": "2005-03-07",
    "acceptedDate": "2005-03-07 14:54:24",
    "calendarYear": "2004",
    "period": "Q4",
    "revenue": 678900000,
    "costOfRevenue": 416400000,
    "grossProfit": 262500000,
    "grossProfitRatio": 0.3866548829,
    "researchAndDevelopmentExpenses": 0,
    "generalAndAdministrativeExpenses": 0,
    "sellingAndMarketingExpenses": 0,
    "sellingGeneralAndAdministrativeExpenses": 165800000,
    "otherExpenses": 0,
    "operatingExpenses": 165800000,
    "costAndExpenses": 582200000,
    "interestIncome": 0,
    "interestExpense": 0,
    "depreciationAndAmortization": 24700000,
    "ebitda": 121400000,
    "ebitdaratio": 0.1788186773,
    "operatingIncome": 96700000,
    "operatingIncomeRatio": 0.142436294,
    "totalOtherIncomeExpensesNet": -28900000,
    "incomeBeforeTax": 67800000,
    "incomeBeforeTaxRatio": 0.0998674326,
    "incomeTaxExpense": 11400000,
    "netIncome": 88100000,
    "netIncomeRatio": 0.1297687436,
    "eps": 1.06,
    "epsdiluted": 1.03,
    "weightedAverageShsOut": 82822000,
    "weightedAverageShsOutDil": 85156000,
    "link": "https://www.sec.gov/Archives/edgar/data/93556/000095013605001204/0000950136-05-001204-index.htm",
    "finalLink": "https://www.sec.gov/Archives/edgar/data/93556/000095013605001204/file001.htm"
  },
  {
    "date": "2004-10-02",
    "symbol": "SWK",
    "reportedCurrency": "USD",
    "cik": "0000093556",
    "fillingDate": "2004-11-12",
    "acceptedDate": "2004-11-12 11:27:33",
    "calendarYear": "2004",
    "period": "Q3",
    "revenue": 791200000,
    "costOfRevenue": 503700000,
    "grossProfit": 287500000,
    "grossProfitRatio": 0.363372093,
    "researchAndDevelopmentExpenses": 0,
    "generalAndAdministrativeExpenses": 0,
    "sellingAndMarketingExpenses": 0,
    "sellingGeneralAndAdministrativeExpenses": 178500000,
    "otherExpenses": 0,
    "operatingExpenses": 178500000,
    "costAndExpenses": 682200000,
    "interestIncome": 0,
    "interestExpense": 0,
    "depreciationAndAmortization": 23200000,
    "ebitda": 127800000,
    "ebitdaratio": 0.1615267947,
    "operatingIncome": 109000000,
    "operatingIncomeRatio": 0.1377654196,
    "totalOtherIncomeExpensesNet": -18600000,
    "incomeBeforeTax": 90000000,
    "incomeBeforeTaxRatio": 0.1137512639,
    "incomeTaxExpense": 26100000,
    "netIncome": 63900000,
    "netIncomeRatio": 0.0807633974,
    "eps": 0.78,
    "epsdiluted": 0.76,
    "weightedAverageShsOut": 82173000,
    "weightedAverageShsOutDil": 84384000,
    "link": "https://www.sec.gov/Archives/edgar/data/93556/000095013604003893/0000950136-04-003893-index.htm",
    "finalLink": "https://www.sec.gov/Archives/edgar/data/93556/000095013604003893/file001.htm"
  },
  {
    "date": "2004-07-03",
    "symbol": "SWK",
    "reportedCurrency": "USD",
    "cik": "0000093556",
    "fillingDate": "2004-08-04",
    "acceptedDate": "2004-08-04 16:52:14",
    "calendarYear": "2004",
    "period": "Q2",
    "revenue": 794700000,
    "costOfRevenue": 511800000,
    "grossProfit": 282900000,
    "grossProfitRatio": 0.35598339,
    "researchAndDevelopmentExpenses": 0,
    "generalAndAdministrativeExpenses": 0,
    "sellingAndMarketingExpenses": 0,
    "sellingGeneralAndAdministrativeExpenses": 177500000,
    "otherExpenses": 0,
    "operatingExpenses": 177500000,
    "costAndExpenses": 689300000,
    "interestIncome": 0,
    "interestExpense": 0,
    "depreciationAndAmortization": 22700000,
    "ebitda": 124500000,
    "ebitdaratio": 0.1566628917,
    "operatingIncome": 105400000,
    "operatingIncomeRatio": 0.1326286649,
    "totalOtherIncomeExpensesNet": -18900000,
    "incomeBeforeTax": 86500000,
    "incomeBeforeTaxRatio": 0.1088461054,
    "incomeTaxExpense": 25100000,
    "netIncome": 61400000,
    "netIncomeRatio": 0.0772618598,
    "eps": 0.75,
    "epsdiluted": 0.73,
    "weightedAverageShsOut": 81940000,
    "weightedAverageShsOutDil": 84112000,
    "link": "https://www.sec.gov/Archives/edgar/data/93556/000095013604002438/0000950136-04-002438-index.htm",
    "finalLink": "https://www.sec.gov/Archives/edgar/data/93556/000095013604002438/file001.htm"
  },
  {
    "date": "2004-04-03",
    "symbol": "SWK",
    "reportedCurrency": "USD",
    "cik": "0000093556",
    "fillingDate": "2004-05-13",
    "acceptedDate": "2004-05-13 15:51:02",
    "calendarYear": "2004",
    "period": "Q1",
    "revenue": 778600000,
    "costOfRevenue": 499200000,
    "grossProfit": 279400000,
    "grossProfitRatio": 0.3588492165,
    "researchAndDevelopmentExpenses": 0,
    "generalAndAdministrativeExpenses": 0,
    "sellingAndMarketingExpenses": 0,
    "sellingGeneralAndAdministrativeExpenses": 172500000,
    "otherExpenses": 0,
    "operatingExpenses": 172500000,
    "costAndExpenses": 671700000,
    "interestIncome": 0,
    "interestExpense": 0,
    "depreciationAndAmortization": 24400000,
    "ebitda": 125600000,
    "ebitdaratio": 0.1613151811,
    "operatingIncome": 106900000,
    "operatingIncomeRatio": 0.1372977138,
    "totalOtherIncomeExpensesNet": -21800000,
    "incomeBeforeTax": 84800000,
    "incomeBeforeTaxRatio": 0.1089134344,
    "incomeTaxExpense": 26300000,
    "netIncome": 153500000,
    "netIncomeRatio": 0.1971487285,
    "eps": 1.88,
    "epsdiluted": 1.84,
    "weightedAverageShsOut": 81628000,
    "weightedAverageShsOutDil": 83392000,
    "link": "https://www.sec.gov/Archives/edgar/data/93556/000095013604001554/0000950136-04-001554-index.htm",
    "finalLink": "https://www.sec.gov/Archives/edgar/data/93556/000095013604001554/file001.htm"
  },
  {
    "date": "2004-01-03",
    "symbol": "SWK",
    "reportedCurrency": "USD",
    "cik": "0000093556",
    "fillingDate": "2004-03-16",
    "acceptedDate": "2004-03-16 17:16:56",
    "calendarYear": "2003",
    "period": "Q4",
    "revenue": 596500000,
    "costOfRevenue": 392600000,
    "grossProfit": 203900000,
    "grossProfitRatio": 0.3418273261,
    "researchAndDevelopmentExpenses": 0,
    "generalAndAdministrativeExpenses": 0,
    "sellingAndMarketingExpenses": 0,
    "sellingGeneralAndAdministrativeExpenses": 143700000,
    "otherExpenses": 0,
    "operatingExpenses": 143700000,
    "costAndExpenses": 536300000,
    "interestIncome": 0,
    "interestExpense": 0,
    "depreciationAndAmortization": 21000000,
    "ebitda": 81200000,
    "ebitdaratio": 0.1361274099,
    "operatingIncome": 60200000,
    "operatingIncomeRatio": 0.1009220453,
    "totalOtherIncomeExpensesNet": -31400000,
    "incomeBeforeTax": 28800000,
    "incomeBeforeTaxRatio": 0.0482816429,
    "incomeTaxExpense": 5400000,
    "netIncome": 34600000,
    "netIncomeRatio": 0.0580050293,
    "eps": 0.43,
    "epsdiluted": 0.42,
    "weightedAverageShsOut": 81628000,
    "weightedAverageShsOutDil": 83392000,
    "link": "https://www.sec.gov/Archives/edgar/data/93556/000095013604000768/0000950136-04-000768-index.htm",
    "finalLink": "https://www.sec.gov/Archives/edgar/data/93556/000095013604000768/file001.htm"
  },
  {
    "date": "2003-09-27",
    "symbol": "SWK",
    "reportedCurrency": "USD",
    "cik": "0000093556",
    "fillingDate": "2003-11-07",
    "acceptedDate": "2003-11-06 19:23:23",
    "calendarYear": "2003",
    "period": "Q3",
    "revenue": 715700000,
    "costOfRevenue": 476300000,
    "grossProfit": 239400000,
    "grossProfitRatio": 0.3344976946,
    "researchAndDevelopmentExpenses": 0,
    "generalAndAdministrativeExpenses": 0,
    "sellingAndMarketingExpenses": 0,
    "sellingGeneralAndAdministrativeExpenses": 148000000,
    "otherExpenses": 0,
    "operatingExpenses": 148000000,
    "costAndExpenses": 624300000,
    "interestIncome": 0,
    "interestExpense": 0,
    "depreciationAndAmortization": 21000000,
    "ebitda": 104900000,
    "ebitdaratio": 0.1465697918,
    "operatingIncome": 91400000,
    "operatingIncomeRatio": 0.1277071399,
    "totalOtherIncomeExpensesNet": -25100000,
    "incomeBeforeTax": 58800000,
    "incomeBeforeTaxRatio": 0.0821573285,
    "incomeTaxExpense": 17100000,
    "netIncome": 41700000,
    "netIncomeRatio": 0.058264636,
    "eps": 0.51,
    "epsdiluted": 0.51,
    "weightedAverageShsOut": 81475000,
    "weightedAverageShsOutDil": 82126000,
    "link": "https://www.sec.gov/Archives/edgar/data/93556/000095013603002712/0000950136-03-002712-index.htm",
    "finalLink": "https://www.sec.gov/Archives/edgar/data/93556/000095013603002712/file001.htm"
  },
  {
    "date": "2003-06-28",
    "symbol": "SWK",
    "reportedCurrency": "USD",
    "cik": "0000093556",
    "fillingDate": "2003-08-12",
    "acceptedDate": "2003-08-12 16:33:31",
    "calendarYear": "2003",
    "period": "Q2",
    "revenue": 699700000,
    "costOfRevenue": 468700000,
    "grossProfit": 231000000,
    "grossProfitRatio": 0.3301414892,
    "researchAndDevelopmentExpenses": 0,
    "generalAndAdministrativeExpenses": 0,
    "sellingAndMarketingExpenses": 0,
    "sellingGeneralAndAdministrativeExpenses": 173800000,
    "otherExpenses": 0,
    "operatingExpenses": 173800000,
    "costAndExpenses": 642500000,
    "interestIncome": 0,
    "interestExpense": 0,
    "depreciationAndAmortization": 21900000,
    "ebitda": 79100000,
    "ebitdaratio": 0.1130484493,
    "operatingIncome": 57200000,
    "operatingIncomeRatio": 0.0817493211,
    "totalOtherIncomeExpensesNet": -39300000,
    "incomeBeforeTax": 17900000,
    "incomeBeforeTaxRatio": 0.0255823925,
    "incomeTaxExpense": 5500000,
    "netIncome": 12400000,
    "netIncomeRatio": 0.0177218808,
    "eps": 0.14,
    "epsdiluted": 0.14,
    "weightedAverageShsOut": 85555000,
    "weightedAverageShsOutDil": 86002000,
    "link": "https://www.sec.gov/Archives/edgar/data/93556/000095013603001985/0000950136-03-001985-index.htm",
    "finalLink": "https://www.sec.gov/Archives/edgar/data/93556/000095013603001985/file001.htm"
  },
  {
    "date": "2003-03-29",
    "symbol": "SWK",
    "reportedCurrency": "USD",
    "cik": "0000093556",
    "fillingDate": "2003-05-06",
    "acceptedDate": "2003-05-06 17:19:26",
    "calendarYear": "2003",
    "period": "Q1",
    "revenue": 666200000,
    "costOfRevenue": 447700000,
    "grossProfit": 218500000,
    "grossProfitRatio": 0.3279795857,
    "researchAndDevelopmentExpenses": 0,
    "generalAndAdministrativeExpenses": 0,
    "sellingAndMarketingExpenses": 0,
    "sellingGeneralAndAdministrativeExpenses": 172300000,
    "otherExpenses": 0,
    "operatingExpenses": 172300000,
    "costAndExpenses": 620000000,
    "interestIncome": 0,
    "interestExpense": 0,
    "depreciationAndAmortization": 22600000,
    "ebitda": 68200000,
    "ebitdaratio": 0.1023716602,
    "operatingIncome": 46200000,
    "operatingIncomeRatio": 0.069348544,
    "totalOtherIncomeExpensesNet": -18900000,
    "incomeBeforeTax": 27500000,
    "incomeBeforeTaxRatio": 0.0412788952,
    "incomeTaxExpense": 8300000,
    "netIncome": 19200000,
    "netIncomeRatio": 0.0288201741,
    "eps": 0.22,
    "epsdiluted": 0.22,
    "weightedAverageShsOut": 87815452,
    "weightedAverageShsOutDil": 88477911,
    "link": "https://www.sec.gov/Archives/edgar/data/93556/000095013603001093/0000950136-03-001093-index.htm",
    "finalLink": "https://www.sec.gov/Archives/edgar/data/93556/000095013603001093/file001.htm"
  },
  {
    "date": "2002-12-31",
    "symbol": "SWK",
    "reportedCurrency": "USD",
    "cik": "0000093556",
    "fillingDate": "2003-01-24",
    "acceptedDate": "2003-01-24 15:17:38",
    "calendarYear": "2002",
    "period": "Q4",
    "revenue": 661700000,
    "costOfRevenue": 474300000,
    "grossProfit": 187400000,
    "grossProfitRatio": 0.2832099139,
    "researchAndDevelopmentExpenses": 0,
    "generalAndAdministrativeExpenses": 0,
    "sellingAndMarketingExpenses": 0,
    "sellingGeneralAndAdministrativeExpenses": 143800000,
    "otherExpenses": 0,
    "operatingExpenses": 143800000,
    "costAndExpenses": 618100000,
    "interestIncome": 0,
    "interestExpense": 0,
    "depreciationAndAmortization": 22700000,
    "ebitda": 66300000,
    "ebitdaratio": 0.1001964637,
    "operatingIncome": 43600000,
    "operatingIncomeRatio": 0.0658908871,
    "totalOtherIncomeExpensesNet": -18400000,
    "incomeBeforeTax": 25200000,
    "incomeBeforeTaxRatio": 0.0380837237,
    "incomeTaxExpense": 7100000,
    "netIncome": 18100000,
    "netIncomeRatio": 0.0273537857,
    "eps": 0.21,
    "epsdiluted": 0.2,
    "weightedAverageShsOut": 87815452,
    "weightedAverageShsOutDil": 88477911,
    "link": "https://www.sec.gov/Archives/edgar/data/93556/000009355603000002/0000093556-03-000002-index.htm",
    "finalLink": "https://www.sec.gov/Archives/edgar/data/93556/000009355603000002/t0124.txt"
  },
  {
    "date": "2002-10-28",
    "symbol": "SWK",
    "reportedCurrency": "USD",
    "cik": "0000093556",
    "fillingDate": "2003-03-28",
    "acceptedDate": "2003-03-28 17:25:35",
    "calendarYear": "2002",
    "period": "Q3",
    "revenue": 665500000,
    "costOfRevenue": 455600000,
    "grossProfit": 209900000,
    "grossProfitRatio": 0.3154019534,
    "researchAndDevelopmentExpenses": 0,
    "generalAndAdministrativeExpenses": 0,
    "sellingAndMarketingExpenses": 0,
    "sellingGeneralAndAdministrativeExpenses": 133400000,
    "otherExpenses": 0,
    "operatingExpenses": 133400000,
    "costAndExpenses": 589000000,
    "interestIncome": 0,
    "interestExpense": 0,
    "depreciationAndAmortization": 15800000,
    "ebitda": 92300000,
    "ebitdaratio": 0.1386927122,
    "operatingIncome": 76500000,
    "operatingIncomeRatio": 0.1149511645,
    "totalOtherIncomeExpensesNet": -4300000,
    "incomeBeforeTax": 72200000,
    "incomeBeforeTaxRatio": 0.1084898573,
    "incomeTaxExpense": 17500000,
    "netIncome": 54700000,
    "netIncomeRatio": 0.0821938392,
    "eps": 0.63,
    "epsdiluted": 0.62,
    "weightedAverageShsOut": 86582000,
    "weightedAverageShsOutDil": 88041000,
    "link": "https://www.sec.gov/Archives/edgar/data/93556/000095013603000709/0000950136-03-000709-index.htm",
    "finalLink": "https://www.sec.gov/Archives/edgar/data/93556/000095013603000709/file001.txt"
  },
  {
    "date": "2002-06-30",
    "symbol": "SWK",
    "reportedCurrency": "USD",
    "cik": "0000093556",
    "fillingDate": "2002-08-13",
    "acceptedDate": "2002-08-13 16:15:15",
    "calendarYear": "2002",
    "period": "Q2",
    "revenue": 649100000,
    "costOfRevenue": 426100000,
    "grossProfit": 223000000,
    "grossProfitRatio": 0.3435526113,
    "researchAndDevelopmentExpenses": 0,
    "generalAndAdministrativeExpenses": 0,
    "sellingAndMarketingExpenses": 0,
    "sellingGeneralAndAdministrativeExpenses": 134900000,
    "otherExpenses": 0,
    "operatingExpenses": 134900000,
    "costAndExpenses": 561000000,
    "interestIncome": 0,
    "interestExpense": 0,
    "depreciationAndAmortization": 16000000,
    "ebitda": 104100000,
    "ebitdaratio": 0.1603759051,
    "operatingIncome": 88100000,
    "operatingIncomeRatio": 0.1357263904,
    "totalOtherIncomeExpensesNet": 15100000,
    "incomeBeforeTax": 103200000,
    "incomeBeforeTaxRatio": 0.1589893699,
    "incomeTaxExpense": 39900000,
    "netIncome": 63300000,
    "netIncomeRatio": 0.0975196426,
    "eps": 0.74,
    "epsdiluted": 0.72,
    "weightedAverageShsOut": 85822000,
    "weightedAverageShsOutDil": 88111000,
    "link": "https://www.sec.gov/Archives/edgar/data/93556/000095013602002336/0000950136-02-002336-index.htm",
    "finalLink": "https://www.sec.gov/Archives/edgar/data/93556/000095013602002336/file001.txt"
  },
  {
    "date": "2002-03-30",
    "symbol": "SWK",
    "reportedCurrency": "USD",
    "cik": "0000093556",
    "fillingDate": "2002-05-14",
    "acceptedDate": "2002-05-14 17:16:14",
    "calendarYear": "2002",
    "period": "Q1",
    "revenue": 616700000,
    "costOfRevenue": 401200000,
    "grossProfit": 215500000,
    "grossProfitRatio": 0.3494405708,
    "researchAndDevelopmentExpenses": 0,
    "generalAndAdministrativeExpenses": 0,
    "sellingAndMarketingExpenses": 0,
    "sellingGeneralAndAdministrativeExpenses": 135100000,
    "otherExpenses": 0,
    "operatingExpenses": 135100000,
    "costAndExpenses": 536300000,
    "interestIncome": 0,
    "interestExpense": 0,
    "depreciationAndAmortization": 16700000,
    "ebitda": 97100000,
    "ebitdaratio": 0.1574509486,
    "operatingIncome": 80400000,
    "operatingIncomeRatio": 0.1303713313,
    "totalOtherIncomeExpensesNet": -8500000,
    "incomeBeforeTax": 71900000,
    "incomeBeforeTaxRatio": 0.1165882925,
    "incomeTaxExpense": 23000000,
    "netIncome": 48900000,
    "netIncomeRatio": 0.0792930112,
    "eps": 0.57,
    "epsdiluted": 0.56,
    "weightedAverageShsOut": 85518000,
    "weightedAverageShsOutDil": 87889000,
    "link": "https://www.sec.gov/Archives/edgar/data/93556/000095013602001450/0000950136-02-001450-index.htm",
    "finalLink": "https://www.sec.gov/Archives/edgar/data/93556/000095013602001450/file001.txt"
  },
  {
    "date": "2001-12-29",
    "symbol": "SWK",
    "reportedCurrency": "USD",
    "cik": "0000093556",
    "fillingDate": "2002-02-22",
    "acceptedDate": "2002-02-22 00:00:00",
    "calendarYear": "2001",
    "period": "Q4",
    "revenue": 645600000,
    "costOfRevenue": 428700000,
    "grossProfit": 216900000,
    "grossProfitRatio": 0.3359665428,
    "researchAndDevelopmentExpenses": 0,
    "generalAndAdministrativeExpenses": 0,
    "sellingAndMarketingExpenses": 0,
    "sellingGeneralAndAdministrativeExpenses": 137100000,
    "otherExpenses": 0,
    "operatingExpenses": 137100000,
    "costAndExpenses": 565800000,
    "interestIncome": 0,
    "interestExpense": 0,
    "depreciationAndAmortization": 22100000,
    "ebitda": 101900000,
    "ebitdaratio": 0.1578376704,
    "operatingIncome": 79800000,
    "operatingIncomeRatio": 0.123605948,
    "totalOtherIncomeExpensesNet": -65800000,
    "incomeBeforeTax": 14000000,
    "incomeBeforeTaxRatio": 0.021685254,
    "incomeTaxExpense": 7500000,
    "netIncome": 6500000,
    "netIncomeRatio": 0.0100681537,
    "eps": 0.076,
    "epsdiluted": 0.074,
    "weightedAverageShsOut": 85518000,
    "weightedAverageShsOutDil": 87889000,
    "link": "https://www.sec.gov/Archives/edgar/data/93556/000095013602000496/0000950136-02-000496-index.htm",
    "finalLink": "https://www.sec.gov/Archives/edgar/data/93556/000095013602000496/file001.txt"
  },
  {
    "date": "2001-09-30",
    "symbol": "SWK",
    "reportedCurrency": "USD",
    "cik": "0000093556",
    "fillingDate": "2001-11-13",
    "acceptedDate": "2001-11-13 00:00:00",
    "calendarYear": "2001",
    "period": "Q3",
    "revenue": 676100000,
    "costOfRevenue": 436800000,
    "grossProfit": 239300000,
    "grossProfitRatio": 0.3539417246,
    "researchAndDevelopmentExpenses": 0,
    "generalAndAdministrativeExpenses": 0,
    "sellingAndMarketingExpenses": 0,
    "sellingGeneralAndAdministrativeExpenses": 152100000,
    "otherExpenses": 0,
    "operatingExpenses": 152100000,
    "costAndExpenses": 588900000,
    "interestIncome": 0,
    "interestExpense": 0,
    "depreciationAndAmortization": 18600000,
    "ebitda": 105800000,
    "ebitdaratio": 0.156485727,
    "operatingIncome": 87200000,
    "operatingIncomeRatio": 0.1289750037,
    "totalOtherIncomeExpensesNet": -10600000,
    "incomeBeforeTax": 76600000,
    "incomeBeforeTaxRatio": 0.1132968496,
    "incomeTaxExpense": 22100000,
    "netIncome": 54500000,
    "netIncomeRatio": 0.0806093773,
    "eps": 0.64,
    "epsdiluted": 0.62,
    "weightedAverageShsOut": 85439000,
    "weightedAverageShsOutDil": 87419000,
    "link": "https://www.sec.gov/Archives/edgar/data/93556/000095013601501814/0000950136-01-501814-index.htm",
    "finalLink": "https://www.sec.gov/Archives/edgar/data/93556/000095013601501814/file001.txt"
  },
  {
    "date": "2001-06-30",
    "symbol": "SWK",
    "reportedCurrency": "USD",
    "cik": "0000093556",
    "fillingDate": "2001-08-14",
    "acceptedDate": "2001-08-14 00:00:00",
    "calendarYear": "2001",
    "period": "Q2",
    "revenue": 676500000,
    "costOfRevenue": 437300000,
    "grossProfit": 239200000,
    "grossProfitRatio": 0.3535846268,
    "researchAndDevelopmentExpenses": 0,
    "generalAndAdministrativeExpenses": 0,
    "sellingAndMarketingExpenses": 0,
    "sellingGeneralAndAdministrativeExpenses": 151000000,
    "otherExpenses": 0,
    "operatingExpenses": 151000000,
    "costAndExpenses": 588300000,
    "interestIncome": 0,
    "interestExpense": 0,
    "depreciationAndAmortization": 19900000,
    "ebitda": 108100000,
    "ebitdaratio": 0.1597930525,
    "operatingIncome": 88200000,
    "operatingIncomeRatio": 0.1303769401,
    "totalOtherIncomeExpensesNet": -12500000,
    "incomeBeforeTax": 75700000,
    "incomeBeforeTaxRatio": 0.1118994826,
    "incomeTaxExpense": 25000000,
    "netIncome": 50700000,
    "netIncomeRatio": 0.0749445676,
    "eps": 0.59,
    "epsdiluted": 0.58,
    "weightedAverageShsOut": 85838839,
    "weightedAverageShsOutDil": 87517326,
    "link": "https://www.sec.gov/Archives/edgar/data/93556/000095013601501178/0000950136-01-501178-index.htm",
    "finalLink": "https://www.sec.gov/Archives/edgar/data/93556/000095013601501178/file001.txt"
  },
  {
    "date": "2001-03-31",
    "symbol": "SWK",
    "reportedCurrency": "USD",
    "cik": "0000093556",
    "fillingDate": "2001-05-15",
    "acceptedDate": "2001-05-15 00:00:00",
    "calendarYear": "2001",
    "period": "Q1",
    "revenue": 626200000,
    "costOfRevenue": 398500000,
    "grossProfit": 227700000,
    "grossProfitRatio": 0.3636218461,
    "researchAndDevelopmentExpenses": 0,
    "generalAndAdministrativeExpenses": 0,
    "sellingAndMarketingExpenses": 0,
    "sellingGeneralAndAdministrativeExpenses": 153500000,
    "otherExpenses": 0,
    "operatingExpenses": 153500000,
    "costAndExpenses": 552000000,
    "interestIncome": 0,
    "interestExpense": 0,
    "depreciationAndAmortization": 22300000,
    "ebitda": 96500000,
    "ebitdaratio": 0.1541041201,
    "operatingIncome": 74200000,
    "operatingIncomeRatio": 0.1184924944,
    "totalOtherIncomeExpensesNet": -3800000,
    "incomeBeforeTax": 70400000,
    "incomeBeforeTaxRatio": 0.1124241456,
    "incomeTaxExpense": 23800000,
    "netIncome": 46600000,
    "netIncomeRatio": 0.0744171191,
    "eps": 0.54,
    "epsdiluted": 0.54,
    "weightedAverageShsOut": 85897217,
    "weightedAverageShsOutDil": 87112990,
    "link": "https://www.sec.gov/Archives/edgar/data/93556/000095013601500405/0000950136-01-500405-index.htm",
    "finalLink": "https://www.sec.gov/Archives/edgar/data/93556/000095013601500405/file001.txt"
  },
  {
    "date": "2000-12-30",
    "symbol": "SWK",
    "reportedCurrency": "USD",
    "cik": "0000093556",
    "fillingDate": "2001-03-30",
    "acceptedDate": "2001-03-30 00:00:00",
    "calendarYear": "2000",
    "period": "Q4",
    "revenue": 666300000,
    "costOfRevenue": 427000000,
    "grossProfit": 239300000,
    "grossProfitRatio": 0.3591475311,
    "researchAndDevelopmentExpenses": 0,
    "generalAndAdministrativeExpenses": 0,
    "sellingAndMarketingExpenses": 0,
    "sellingGeneralAndAdministrativeExpenses": 154400000,
    "otherExpenses": 0,
    "operatingExpenses": 154400000,
    "costAndExpenses": 581400000,
    "interestIncome": 0,
    "interestExpense": 0,
    "depreciationAndAmortization": 18900000,
    "ebitda": 103800000,
    "ebitdaratio": 0.1557856821,
    "operatingIncome": 84900000,
    "operatingIncomeRatio": 0.127420081,
    "totalOtherIncomeExpensesNet": -14700000,
    "incomeBeforeTax": 70200000,
    "incomeBeforeTaxRatio": 0.1053579469,
    "incomeTaxExpense": 23300000,
    "netIncome": 46900000,
    "netIncomeRatio": 0.0703887138,
    "eps": 0.55,
    "epsdiluted": 0.54,
    "weightedAverageShsOut": 85897000,
    "weightedAverageShsOutDil": 87113000,
    "link": "https://www.sec.gov/Archives/edgar/data/93556/000095013601000568/0000950136-01-000568-index.htm",
    "finalLink": "https://www.sec.gov/Archives/edgar/data/93556/000095013601000568/0000950136-01-000568-0001.txt"
  },
  {
    "date": "2000-09-30",
    "symbol": "SWK",
    "reportedCurrency": "USD",
    "cik": "0000093556",
    "fillingDate": "2000-11-14",
    "acceptedDate": "2000-11-14 00:00:00",
    "calendarYear": "2000",
    "period": "Q3",
    "revenue": 684400000,
    "costOfRevenue": 439400000,
    "grossProfit": 245000000,
    "grossProfitRatio": 0.3579777908,
    "researchAndDevelopmentExpenses": 0,
    "generalAndAdministrativeExpenses": 0,
    "sellingAndMarketingExpenses": 0,
    "sellingGeneralAndAdministrativeExpenses": 162200000,
    "otherExpenses": 0,
    "operatingExpenses": 162200000,
    "costAndExpenses": 601600000,
    "interestIncome": 0,
    "interestExpense": 0,
    "depreciationAndAmortization": 20300000,
    "ebitda": 103100000,
    "ebitdaratio": 0.1506428989,
    "operatingIncome": 82800000,
    "operatingIncomeRatio": 0.1209818819,
    "totalOtherIncomeExpensesNet": -9000000,
    "incomeBeforeTax": 73800000,
    "incomeBeforeTaxRatio": 0.1078316774,
    "incomeTaxExpense": 25100000,
    "netIncome": 48700000,
    "netIncomeRatio": 0.071157218,
    "eps": 0.56,
    "epsdiluted": 0.56,
    "weightedAverageShsOut": 86532000,
    "weightedAverageShsOutDil": 86677000,
    "link": "https://www.sec.gov/Archives/edgar/data/93556/000009355600000017/0000093556-00-000017-index.htm",
    "finalLink": "https://www.sec.gov/Archives/edgar/data/93556/000009355600000017/0000093556-00-000017-0001.txt"
  },
  {
    "date": "2000-07-01",
    "symbol": "SWK",
    "reportedCurrency": "USD",
    "cik": "0000093556",
    "fillingDate": "2000-08-15",
    "acceptedDate": "2000-08-15 00:00:00",
    "calendarYear": "2000",
    "period": "Q2",
    "revenue": 702800000,
    "costOfRevenue": 447100000,
    "grossProfit": 255700000,
    "grossProfitRatio": 0.3638303927,
    "researchAndDevelopmentExpenses": 0,
    "generalAndAdministrativeExpenses": 0,
    "sellingAndMarketingExpenses": 0,
    "sellingGeneralAndAdministrativeExpenses": 168100000,
    "otherExpenses": 0,
    "operatingExpenses": 168100000,
    "costAndExpenses": 615200000,
    "interestIncome": 0,
    "interestExpense": 0,
    "depreciationAndAmortization": 20400000,
    "ebitda": 108000000,
    "ebitdaratio": 0.1536710302,
    "operatingIncome": 87600000,
    "operatingIncomeRatio": 0.12464428,
    "totalOtherIncomeExpensesNet": -10900000,
    "incomeBeforeTax": 76700000,
    "incomeBeforeTaxRatio": 0.109134889,
    "incomeTaxExpense": 26100000,
    "netIncome": 50600000,
    "netIncomeRatio": 0.0719977234,
    "eps": 0.58,
    "epsdiluted": 0.58,
    "weightedAverageShsOut": 87614000,
    "weightedAverageShsOutDil": 87827000,
    "link": "https://www.sec.gov/Archives/edgar/data/93556/000009355600000014/0000093556-00-000014-index.htm",
    "finalLink": "https://www.sec.gov/Archives/edgar/data/93556/000009355600000014/0000093556-00-000014-0001.txt"
  },
  {
    "date": "2000-04-01",
    "symbol": "SWK",
    "reportedCurrency": "USD",
    "cik": "0000093556",
    "fillingDate": "2000-05-16",
    "acceptedDate": "2000-05-16 00:00:00",
    "calendarYear": "2000",
    "period": "Q1",
    "revenue": 695400000,
    "costOfRevenue": 438000000,
    "grossProfit": 257400000,
    "grossProfitRatio": 0.3701466782,
    "researchAndDevelopmentExpenses": 0,
    "generalAndAdministrativeExpenses": 0,
    "sellingAndMarketingExpenses": 0,
    "sellingGeneralAndAdministrativeExpenses": 171900000,
    "otherExpenses": 0,
    "operatingExpenses": 171900000,
    "costAndExpenses": 609900000,
    "interestIncome": 0,
    "interestExpense": 0,
    "depreciationAndAmortization": 23700000,
    "ebitda": 109200000,
    "ebitdaratio": 0.1570319241,
    "operatingIncome": 85500000,
    "operatingIncomeRatio": 0.1229508197,
    "totalOtherIncomeExpensesNet": -12500000,
    "incomeBeforeTax": 73000000,
    "incomeBeforeTaxRatio": 0.1049755536,
    "incomeTaxExpense": 24800000,
    "netIncome": 48200000,
    "netIncomeRatio": 0.0693126258,
    "eps": 0.54,
    "epsdiluted": 0.54,
    "weightedAverageShsOut": 88936000,
    "weightedAverageShsOutDil": 89158000,
    "link": "https://www.sec.gov/Archives/edgar/data/93556/000009355600000006/0000093556-00-000006-index.html",
    "finalLink": "https://www.sec.gov/Archives/edgar/data/93556/000009355600000006/"
  },
  {
    "date": "2000-01-01",
    "symbol": "SWK",
    "reportedCurrency": "USD",
    "cik": "0000093556",
    "fillingDate": "2000-03-30",
    "acceptedDate": "2000-03-30 00:00:00",
    "calendarYear": "1999",
    "period": "Q4",
    "revenue": 690600000,
    "costOfRevenue": 441100000,
    "grossProfit": 249500000,
    "grossProfitRatio": 0.3612800463,
    "researchAndDevelopmentExpenses": 0,
    "generalAndAdministrativeExpenses": 0,
    "sellingAndMarketingExpenses": 0,
    "sellingGeneralAndAdministrativeExpenses": 180800000,
    "otherExpenses": 19400000,
    "operatingExpenses": 200200000,
    "costAndExpenses": 641300000,
    "interestIncome": 0,
    "interestExpense": 0,
    "depreciationAndAmortization": 19400000,
    "ebitda": 68700000,
    "ebitdaratio": 0.0994787142,
    "operatingIncome": 49300000,
    "operatingIncomeRatio": 0.0713871995,
    "totalOtherIncomeExpensesNet": 18600000,
    "incomeBeforeTax": 67900000,
    "incomeBeforeTaxRatio": 0.0983203012,
    "incomeTaxExpense": 23800000,
    "netIncome": 44100000,
    "netIncomeRatio": 0.0638575152,
    "eps": 0.5,
    "epsdiluted": 0.49,
    "weightedAverageShsOut": 88936000,
    "weightedAverageShsOutDil": 89158000,
    "link": "https://www.sec.gov/Archives/edgar/data/93556/000095013600000448/0000950136-00-000448-index.html",
    "finalLink": "https://www.sec.gov/Archives/edgar/data/93556/000095013600000448/"
  },
  {
    "date": "1999-10-02",
    "symbol": "SWK",
    "reportedCurrency": "USD",
    "cik": "0000093556",
    "fillingDate": "1999-11-16",
    "acceptedDate": "1999-11-16 00:00:00",
    "calendarYear": "1999",
    "period": "Q3",
    "revenue": 692000000,
    "costOfRevenue": 426000000,
    "grossProfit": 266000000,
    "grossProfitRatio": 0.3843930636,
    "researchAndDevelopmentExpenses": 0,
    "generalAndAdministrativeExpenses": 0,
    "sellingAndMarketingExpenses": 0,
    "sellingGeneralAndAdministrativeExpenses": 166900000,
    "otherExpenses": 20900000,
    "operatingExpenses": 187800000,
    "costAndExpenses": 613800000,
    "interestIncome": 0,
    "interestExpense": 0,
    "depreciationAndAmortization": 20900000,
    "ebitda": 99100000,
    "ebitdaratio": 0.1432080925,
    "operatingIncome": 78200000,
    "operatingIncomeRatio": 0.1130057803,
    "totalOtherIncomeExpensesNet": -800000,
    "incomeBeforeTax": 77400000,
    "incomeBeforeTaxRatio": 0.111849711,
    "incomeTaxExpense": 27100000,
    "netIncome": 50300000,
    "netIncomeRatio": 0.0726878613,
    "eps": 0.56,
    "epsdiluted": 0.56,
    "weightedAverageShsOut": 89821429,
    "weightedAverageShsOutDil": 89821429,
    "link": "https://www.sec.gov/Archives/edgar/data/93556/000009355699000050/0000093556-99-000050-index.html",
    "finalLink": "https://www.sec.gov/Archives/edgar/data/93556/000009355699000050/"
  },
  {
    "date": "1999-07-03",
    "symbol": "SWK",
    "reportedCurrency": "USD",
    "cik": "0000093556",
    "fillingDate": "1999-08-17",
    "acceptedDate": "1999-08-17 00:00:00",
    "calendarYear": "1999",
    "period": "Q2",
    "revenue": 685500000,
    "costOfRevenue": 433900000,
    "grossProfit": 251600000,
    "grossProfitRatio": 0.367031364,
    "researchAndDevelopmentExpenses": 0,
    "generalAndAdministrativeExpenses": 0,
    "sellingAndMarketingExpenses": 0,
    "sellingGeneralAndAdministrativeExpenses": 182200000,
    "otherExpenses": 21200000,
    "operatingExpenses": 203400000,
    "costAndExpenses": 637300000,
    "interestIncome": 0,
    "interestExpense": 0,
    "depreciationAndAmortization": 21200000,
    "ebitda": 69400000,
    "ebitdaratio": 0.1012399708,
    "operatingIncome": 48200000,
    "operatingIncomeRatio": 0.0703136397,
    "totalOtherIncomeExpensesNet": -10100000,
    "incomeBeforeTax": 38100000,
    "incomeBeforeTaxRatio": 0.0555798687,
    "incomeTaxExpense": 12800000,
    "netIncome": 25300000,
    "netIncomeRatio": 0.0369073669,
    "eps": 0.28,
    "epsdiluted": 0.28,
    "weightedAverageShsOut": 90357143,
    "weightedAverageShsOutDil": 90357143,
    "link": "https://www.sec.gov/Archives/edgar/data/93556/000009355699000038/0000093556-99-000038-index.html",
    "finalLink": "https://www.sec.gov/Archives/edgar/data/93556/000009355699000038/"
  },
  {
    "date": "1999-04-03",
    "symbol": "SWK",
    "reportedCurrency": "USD",
    "cik": "0000093556",
    "fillingDate": "1999-05-18",
    "acceptedDate": "1999-05-18 00:00:00",
    "calendarYear": "1999",
    "period": "Q1",
    "revenue": 683700000,
    "costOfRevenue": 427300000,
    "grossProfit": 256400000,
    "grossProfitRatio": 0.3750182829,
    "researchAndDevelopmentExpenses": 0,
    "generalAndAdministrativeExpenses": 0,
    "sellingAndMarketingExpenses": 0,
    "sellingGeneralAndAdministrativeExpenses": 173100000,
    "otherExpenses": 24100000,
    "operatingExpenses": 197200000,
    "costAndExpenses": 624500000,
    "interestIncome": 0,
    "interestExpense": 0,
    "depreciationAndAmortization": 24100000,
    "ebitda": 83300000,
    "ebitdaratio": 0.121837063,
    "operatingIncome": 59200000,
    "operatingIncomeRatio": 0.0865876847,
    "totalOtherIncomeExpensesNet": -11800000,
    "incomeBeforeTax": 47400000,
    "incomeBeforeTaxRatio": 0.0693286529,
    "incomeTaxExpense": 17100000,
    "netIncome": 30300000,
    "netIncomeRatio": 0.0443176832,
    "eps": 0.34,
    "epsdiluted": 0.34,
    "weightedAverageShsOut": 89117647,
    "weightedAverageShsOutDil": 89117647,
    "link": "https://www.sec.gov/Archives/edgar/data/93556/000009355699000024/0000093556-99-000024-index.html",
    "finalLink": "https://www.sec.gov/Archives/edgar/data/93556/"
  },
  {
    "date": "1999-01-02",
    "symbol": "SWK",
    "reportedCurrency": "USD",
    "cik": "0000093556",
    "fillingDate": "1999-04-01",
    "acceptedDate": "1999-04-01 00:00:00",
    "calendarYear": "1998",
    "period": "Q4",
    "revenue": 675800000,
    "costOfRevenue": 434100000,
    "grossProfit": 241700000,
    "grossProfitRatio": 0.3576501924,
    "researchAndDevelopmentExpenses": 0,
    "generalAndAdministrativeExpenses": 0,
    "sellingAndMarketingExpenses": 0,
    "sellingGeneralAndAdministrativeExpenses": 174800000,
    "otherExpenses": 21600000,
    "operatingExpenses": 196400000,
    "costAndExpenses": 630500000,
    "interestIncome": 0,
    "interestExpense": 0,
    "depreciationAndAmortization": 21600000,
    "ebitda": 66900000,
    "ebitdaratio": 0.0989937851,
    "operatingIncome": 45300000,
    "operatingIncomeRatio": 0.0670316662,
    "totalOtherIncomeExpensesNet": -9200000,
    "incomeBeforeTax": 36100000,
    "incomeBeforeTaxRatio": 0.0534181711,
    "incomeTaxExpense": 10300000,
    "netIncome": 25800000,
    "netIncomeRatio": 0.0381769754,
    "eps": 0.29,
    "epsdiluted": 0.29,
    "weightedAverageShsOut": 89117647,
    "weightedAverageShsOutDil": 89117647,
    "link": "https://www.sec.gov/Archives/edgar/data/93556/000095013699000438/0000950136-99-000438-index.html",
    "finalLink": "https://www.sec.gov/Archives/edgar/data/93556/"
  },
  {
    "date": "1998-10-03",
    "symbol": "SWK",
    "reportedCurrency": "USD",
    "cik": "0000093556",
    "fillingDate": "1998-11-16",
    "acceptedDate": "1998-11-16 00:00:00",
    "calendarYear": "1998",
    "period": "Q3",
    "revenue": 689600000,
    "costOfRevenue": 433200000,
    "grossProfit": 256400000,
    "grossProfitRatio": 0.3718097448,
    "researchAndDevelopmentExpenses": 0,
    "generalAndAdministrativeExpenses": 0,
    "sellingAndMarketingExpenses": 0,
    "sellingGeneralAndAdministrativeExpenses": 172700000,
    "otherExpenses": 20000000,
    "operatingExpenses": 192700000,
    "costAndExpenses": 625900000,
    "interestIncome": 0,
    "interestExpense": 0,
    "depreciationAndAmortization": 20000000,
    "ebitda": 83700000,
    "ebitdaratio": 0.12137471,
    "operatingIncome": 63700000,
    "operatingIncomeRatio": 0.0923723898,
    "totalOtherIncomeExpensesNet": -10100000,
    "incomeBeforeTax": 53600000,
    "incomeBeforeTaxRatio": 0.0777262181,
    "incomeTaxExpense": 20200000,
    "netIncome": 33400000,
    "netIncomeRatio": 0.0484338747,
    "eps": 0.37,
    "epsdiluted": 0.37,
    "weightedAverageShsOut": 90270270,
    "weightedAverageShsOutDil": 90270270,
    "link": "https://www.sec.gov/Archives/edgar/data/93556/000009355698000039/0000093556-98-000039-index.html",
    "finalLink": "https://www.sec.gov/Archives/edgar/data/93556/"
  },
  {
    "date": "1998-07-04",
    "symbol": "SWK",
    "reportedCurrency": "USD",
    "cik": "0000093556",
    "fillingDate": "1998-08-18",
    "acceptedDate": "1998-08-18 00:00:00",
    "calendarYear": "1998",
    "period": "Q2",
    "revenue": 691800000,
    "costOfRevenue": 430600000,
    "grossProfit": 261200000,
    "grossProfitRatio": 0.3775657705,
    "researchAndDevelopmentExpenses": 0,
    "generalAndAdministrativeExpenses": 0,
    "sellingAndMarketingExpenses": 0,
    "sellingGeneralAndAdministrativeExpenses": 166100000,
    "otherExpenses": 18300000,
    "operatingExpenses": 184400000,
    "costAndExpenses": 615000000,
    "interestIncome": 0,
    "interestExpense": 0,
    "depreciationAndAmortization": 18300000,
    "ebitda": 95100000,
    "ebitdaratio": 0.1374674761,
    "operatingIncome": 76800000,
    "operatingIncomeRatio": 0.1110147441,
    "totalOtherIncomeExpensesNet": -9300000,
    "incomeBeforeTax": 67500000,
    "incomeBeforeTaxRatio": 0.0975715525,
    "incomeTaxExpense": 25300000,
    "netIncome": 42200000,
    "netIncomeRatio": 0.0610002891,
    "eps": 0.47,
    "epsdiluted": 0.47,
    "weightedAverageShsOut": 89787234,
    "weightedAverageShsOutDil": 89787234,
    "link": "https://www.sec.gov/Archives/edgar/data/93556/000009355698000025/0000093556-98-000025-index.html",
    "finalLink": "https://www.sec.gov/Archives/edgar/data/93556/"
  },
  {
    "date": "1998-04-04",
    "symbol": "SWK",
    "reportedCurrency": "USD",
    "cik": "0000093556",
    "fillingDate": "1998-05-19",
    "acceptedDate": "1998-05-19 00:00:00",
    "calendarYear": "1998",
    "period": "Q1",
    "revenue": 671900000,
    "costOfRevenue": 415200000,
    "grossProfit": 256700000,
    "grossProfitRatio": 0.3820509004,
    "researchAndDevelopmentExpenses": 0,
    "generalAndAdministrativeExpenses": 0,
    "sellingAndMarketingExpenses": 0,
    "sellingGeneralAndAdministrativeExpenses": 171100000,
    "otherExpenses": 19800000,
    "operatingExpenses": 190900000,
    "costAndExpenses": 606100000,
    "interestIncome": 0,
    "interestExpense": 0,
    "depreciationAndAmortization": 19800000,
    "ebitda": 85600000,
    "ebitdaratio": 0.1273999107,
    "operatingIncome": 65800000,
    "operatingIncomeRatio": 0.0979312398,
    "totalOtherIncomeExpensesNet": -7600000,
    "incomeBeforeTax": 58200000,
    "incomeBeforeTaxRatio": 0.0866200327,
    "incomeTaxExpense": 21800000,
    "netIncome": 36400000,
    "netIncomeRatio": 0.0541747284,
    "eps": 0.41,
    "epsdiluted": 0.4,
    "weightedAverageShsOut": 89483000,
    "weightedAverageShsOutDil": 90520000,
    "link": "https://www.sec.gov/Archives/edgar/data/93556/000009355698000010/0000093556-98-000010-index.html",
    "finalLink": "https://www.sec.gov/Archives/edgar/data/93556/"
  },
  {
    "date": "1998-01-03",
    "symbol": "SWK",
    "reportedCurrency": "USD",
    "cik": "0000093556",
    "fillingDate": "1998-04-01",
    "acceptedDate": "1998-04-01 00:00:00",
    "calendarYear": "1997",
    "period": "Q4",
    "revenue": 698800000,
    "costOfRevenue": 452800000,
    "grossProfit": 246000000,
    "grossProfitRatio": 0.352032055,
    "researchAndDevelopmentExpenses": 0,
    "generalAndAdministrativeExpenses": 0,
    "sellingAndMarketingExpenses": 0,
    "sellingGeneralAndAdministrativeExpenses": 172500000,
    "otherExpenses": 16500000,
    "operatingExpenses": 189000000,
    "costAndExpenses": 641800000,
    "interestIncome": 0,
    "interestExpense": 0,
    "depreciationAndAmortization": 16500000,
    "ebitda": 73500000,
    "ebitdaratio": 0.1051803091,
    "operatingIncome": 57000000,
    "operatingIncomeRatio": 0.081568403,
    "totalOtherIncomeExpensesNet": -6400000,
    "incomeBeforeTax": 50600000,
    "incomeBeforeTaxRatio": 0.0724098454,
    "incomeTaxExpense": 24100000,
    "netIncome": 26500000,
    "netIncomeRatio": 0.0379221523,
    "eps": 0.3,
    "epsdiluted": 0.29,
    "weightedAverageShsOut": 89483000,
    "weightedAverageShsOutDil": 90520000,
    "link": "https://www.sec.gov/Archives/edgar/data/93556/000095013698000631/0000950136-98-000631-index.html",
    "finalLink": "https://www.sec.gov/Archives/edgar/data/93556/"
  },
  {
    "date": "1997-09-27",
    "symbol": "SWK",
    "reportedCurrency": "USD",
    "cik": "0000093556",
    "fillingDate": "1997-11-12",
    "acceptedDate": "1997-11-12 00:00:00",
    "calendarYear": "1997",
    "period": "Q3",
    "revenue": 650500000,
    "costOfRevenue": 418100000,
    "grossProfit": 232400000,
    "grossProfitRatio": 0.3572636434,
    "researchAndDevelopmentExpenses": 0,
    "generalAndAdministrativeExpenses": 0,
    "sellingAndMarketingExpenses": 0,
    "sellingGeneralAndAdministrativeExpenses": 148200000,
    "otherExpenses": 18500000,
    "operatingExpenses": 166700000,
    "costAndExpenses": 584800000,
    "interestIncome": 0,
    "interestExpense": 0,
    "depreciationAndAmortization": 18500000,
    "ebitda": 84200000,
    "ebitdaratio": 0.1294388932,
    "operatingIncome": 65700000,
    "operatingIncomeRatio": 0.1009992314,
    "totalOtherIncomeExpensesNet": -112100000,
    "incomeBeforeTax": -46400000,
    "incomeBeforeTaxRatio": -0.0713297463,
    "incomeTaxExpense": -5800000,
    "netIncome": -40600000,
    "netIncomeRatio": -0.0624135281,
    "eps": -0.45,
    "epsdiluted": -0.45,
    "weightedAverageShsOut": 89571000,
    "weightedAverageShsOutDil": 89571000,
    "link": "https://www.sec.gov/Archives/edgar/data/93556/000009355697000025/0000093556-97-000025-index.html",
    "finalLink": "https://www.sec.gov/Archives/edgar/data/93556/"
  },
  {
    "date": "1997-06-28",
    "symbol": "SWK",
    "reportedCurrency": "USD",
    "cik": "0000093556",
    "fillingDate": "1997-08-12",
    "acceptedDate": "1997-08-12 00:00:00",
    "calendarYear": "1997",
    "period": "Q2",
    "revenue": 673600000,
    "costOfRevenue": 427200000,
    "grossProfit": 246400000,
    "grossProfitRatio": 0.3657957245,
    "researchAndDevelopmentExpenses": 0,
    "generalAndAdministrativeExpenses": 0,
    "sellingAndMarketingExpenses": 0,
    "sellingGeneralAndAdministrativeExpenses": 153800000,
    "otherExpenses": 18900000,
    "operatingExpenses": 172700000,
    "costAndExpenses": 599900000,
    "interestIncome": 0,
    "interestExpense": 0,
    "depreciationAndAmortization": 18900000,
    "ebitda": 92600000,
    "ebitdaratio": 0.1374703088,
    "operatingIncome": 73700000,
    "operatingIncomeRatio": 0.109412114,
    "totalOtherIncomeExpensesNet": -155200000,
    "incomeBeforeTax": -81500000,
    "incomeBeforeTaxRatio": -0.1209916865,
    "incomeTaxExpense": -17000000,
    "netIncome": -64500000,
    "netIncomeRatio": -0.0957541568,
    "eps": -0.72,
    "epsdiluted": -0.72,
    "weightedAverageShsOut": 89525000,
    "weightedAverageShsOutDil": 89525000,
    "link": "https://www.sec.gov/Archives/edgar/data/93556/000009355697000015/0000093556-97-000015-index.html",
    "finalLink": "https://www.sec.gov/Archives/edgar/data/93556/"
  },
  {
    "date": "1997-03-29",
    "symbol": "SWK",
    "reportedCurrency": "USD",
    "cik": "0000093556",
    "fillingDate": "1997-05-13",
    "acceptedDate": "1997-05-13 00:00:00",
    "calendarYear": "1997",
    "period": "Q1",
    "revenue": 646600000,
    "costOfRevenue": 412900000,
    "grossProfit": 233700000,
    "grossProfitRatio": 0.3614290133,
    "researchAndDevelopmentExpenses": 0,
    "generalAndAdministrativeExpenses": 0,
    "sellingAndMarketingExpenses": 0,
    "sellingGeneralAndAdministrativeExpenses": 153200000,
    "otherExpenses": 18500000,
    "operatingExpenses": 171700000,
    "costAndExpenses": 584600000,
    "interestIncome": 0,
    "interestExpense": 0,
    "depreciationAndAmortization": 18500000,
    "ebitda": 80500000,
    "ebitdaratio": 0.1244973709,
    "operatingIncome": 62000000,
    "operatingIncomeRatio": 0.0958861738,
    "totalOtherIncomeExpensesNet": -3300000,
    "incomeBeforeTax": 58700000,
    "incomeBeforeTaxRatio": 0.0907825549,
    "incomeTaxExpense": 22000000,
    "netIncome": 36700000,
    "netIncomeRatio": 0.0567584287,
    "eps": 0.41,
    "epsdiluted": 0.41,
    "weightedAverageShsOut": 89347000,
    "weightedAverageShsOutDil": 90138000,
    "link": "https://www.sec.gov/Archives/edgar/data/93556/000009355697000009/0000093556-97-000009-index.html",
    "finalLink": "https://www.sec.gov/Archives/edgar/data/93556/"
  },
  {
    "date": "1996-12-28",
    "symbol": "SWK",
    "reportedCurrency": "USD",
    "cik": "0000093556",
    "fillingDate": "1997-03-19",
    "acceptedDate": "1997-03-19 00:00:00",
    "calendarYear": "1996",
    "period": "Q4",
    "revenue": 685400000,
    "costOfRevenue": 448900000,
    "grossProfit": 236500000,
    "grossProfitRatio": 0.3450539831,
    "researchAndDevelopmentExpenses": 0,
    "generalAndAdministrativeExpenses": 0,
    "sellingAndMarketingExpenses": 0,
    "sellingGeneralAndAdministrativeExpenses": 154700000,
    "otherExpenses": 15900000,
    "operatingExpenses": 170600000,
    "costAndExpenses": 619500000,
    "interestIncome": 0,
    "interestExpense": 0,
    "depreciationAndAmortization": 15900000,
    "ebitda": 81800000,
    "ebitdaratio": 0.1193463671,
    "operatingIncome": 65900000,
    "operatingIncomeRatio": 0.0961482346,
    "totalOtherIncomeExpensesNet": -55200000,
    "incomeBeforeTax": 10700000,
    "incomeBeforeTaxRatio": 0.0156113219,
    "incomeTaxExpense": 13700000,
    "netIncome": -3000000,
    "netIncomeRatio": -0.0043770061,
    "eps": -0.0336,
    "epsdiluted": -0.0333,
    "weightedAverageShsOut": 89347000,
    "weightedAverageShsOutDil": 90138000,
    "link": "https://www.sec.gov/Archives/edgar/data/93556/000095013697000279/0000950136-97-000279-index.html",
    "finalLink": "https://www.sec.gov/Archives/edgar/data/93556/"
  },
  {
    "date": "1996-09-28",
    "symbol": "SWK",
    "reportedCurrency": "USD",
    "cik": "0000093556",
    "fillingDate": "1996-11-12",
    "acceptedDate": "1996-11-12 00:00:00",
    "calendarYear": "1996",
    "period": "Q3",
    "revenue": 672900000,
    "costOfRevenue": 428400000,
    "grossProfit": 244500000,
    "grossProfitRatio": 0.3633526527,
    "researchAndDevelopmentExpenses": 0,
    "generalAndAdministrativeExpenses": 0,
    "sellingAndMarketingExpenses": 0,
    "sellingGeneralAndAdministrativeExpenses": 151700000,
    "otherExpenses": 20000000,
    "operatingExpenses": 171700000,
    "costAndExpenses": 600100000,
    "interestIncome": 0,
    "interestExpense": 0,
    "depreciationAndAmortization": 20000000,
    "ebitda": 92800000,
    "ebitdaratio": 0.1379105365,
    "operatingIncome": 72800000,
    "operatingIncomeRatio": 0.1081884381,
    "totalOtherIncomeExpensesNet": -13800000,
    "incomeBeforeTax": 59000000,
    "incomeBeforeTaxRatio": 0.0876801902,
    "incomeTaxExpense": 21300000,
    "netIncome": 37700000,
    "netIncomeRatio": 0.0560261554,
    "eps": 0.42,
    "epsdiluted": 0.42,
    "weightedAverageShsOut": 88847000,
    "weightedAverageShsOutDil": 88847000,
    "link": "https://www.sec.gov/Archives/edgar/data/93556/000009355696000010/0000093556-96-000010-index.html",
    "finalLink": "https://www.sec.gov/Archives/edgar/data/93556/"
  },
  {
    "date": "1996-06-29",
    "symbol": "SWK",
    "reportedCurrency": "USD",
    "cik": "0000093556",
    "fillingDate": "1996-08-12",
    "acceptedDate": "1996-08-12 00:00:00",
    "calendarYear": "1996",
    "period": "Q2",
    "revenue": 677200000,
    "costOfRevenue": 434300000,
    "grossProfit": 242900000,
    "grossProfitRatio": 0.3586828116,
    "researchAndDevelopmentExpenses": 0,
    "generalAndAdministrativeExpenses": 0,
    "sellingAndMarketingExpenses": 0,
    "sellingGeneralAndAdministrativeExpenses": 153100000,
    "otherExpenses": 18700000,
    "operatingExpenses": 171800000,
    "costAndExpenses": 606100000,
    "interestIncome": 0,
    "interestExpense": 0,
    "depreciationAndAmortization": 18700000,
    "ebitda": 89800000,
    "ebitdaratio": 0.1326048435,
    "operatingIncome": 71100000,
    "operatingIncomeRatio": 0.10499114,
    "totalOtherIncomeExpensesNet": -13600000,
    "incomeBeforeTax": 57500000,
    "incomeBeforeTaxRatio": 0.0849084465,
    "incomeTaxExpense": 24900000,
    "netIncome": 32600000,
    "netIncomeRatio": 0.0481393975,
    "eps": 0.37,
    "epsdiluted": 0.36,
    "weightedAverageShsOut": 88825000,
    "weightedAverageShsOutDil": 88825000,
    "link": "https://www.sec.gov/Archives/edgar/data/93556/000009355696000008/0000093556-96-000008-index.html",
    "finalLink": "https://www.sec.gov/Archives/edgar/data/93556/"
  },
  {
    "date": "1996-03-30",
    "symbol": "SWK",
    "reportedCurrency": "USD",
    "cik": "0000093556",
    "fillingDate": "1996-05-14",
    "acceptedDate": "1996-05-14 00:00:00",
    "calendarYear": "1996",
    "period": "Q1",
    "revenue": 635300000,
    "costOfRevenue": 409200000,
    "grossProfit": 226100000,
    "grossProfitRatio": 0.3558948528,
    "researchAndDevelopmentExpenses": 0,
    "generalAndAdministrativeExpenses": 0,
    "sellingAndMarketingExpenses": 0,
    "sellingGeneralAndAdministrativeExpenses": 149000000,
    "otherExpenses": 20100000,
    "operatingExpenses": 169100000,
    "costAndExpenses": 578300000,
    "interestIncome": 0,
    "interestExpense": 0,
    "depreciationAndAmortization": 20100000,
    "ebitda": 77100000,
    "ebitdaratio": 0.1213599874,
    "operatingIncome": 57000000,
    "operatingIncomeRatio": 0.0897213915,
    "totalOtherIncomeExpensesNet": -10000000,
    "incomeBeforeTax": 47000000,
    "incomeBeforeTaxRatio": 0.0739807965,
    "incomeTaxExpense": 17400000,
    "netIncome": 29600000,
    "netIncomeRatio": 0.0465921612,
    "eps": 0.33,
    "epsdiluted": 0.33,
    "weightedAverageShsOut": 88815000,
    "weightedAverageShsOutDil": 88815000,
    "link": "https://www.sec.gov/Archives/edgar/data/93556/000009355696000006/0000093556-96-000006-index.html",
    "finalLink": "https://www.sec.gov/Archives/edgar/data/93556/"
  },
  {
    "date": "1995-12-30",
    "symbol": "SWK",
    "reportedCurrency": "USD",
    "cik": "0000093556",
    "fillingDate": "1996-03-27",
    "acceptedDate": "1996-03-27 00:00:00",
    "calendarYear": "1995",
    "period": "Q4",
    "revenue": 669800000,
    "costOfRevenue": 443000000,
    "grossProfit": 226800000,
    "grossProfitRatio": 0.3386085399,
    "researchAndDevelopmentExpenses": 0,
    "generalAndAdministrativeExpenses": 0,
    "sellingAndMarketingExpenses": 0,
    "sellingGeneralAndAdministrativeExpenses": 147800000,
    "otherExpenses": 17500000,
    "operatingExpenses": 165300000,
    "costAndExpenses": 608300000,
    "interestIncome": 0,
    "interestExpense": 0,
    "depreciationAndAmortization": 17500000,
    "ebitda": 79000000,
    "ebitdaratio": 0.1179456554,
    "operatingIncome": 61500000,
    "operatingIncomeRatio": 0.0918184533,
    "totalOtherIncomeExpensesNet": -52700000,
    "incomeBeforeTax": 8800000,
    "incomeBeforeTaxRatio": 0.0131382502,
    "incomeTaxExpense": 8200000,
    "netIncome": 600000,
    "netIncomeRatio": 0.0008957898,
    "eps": 0.0068,
    "epsdiluted": 0.0068,
    "weightedAverageShsOut": 88815000,
    "weightedAverageShsOutDil": 88815000,
    "link": "https://www.sec.gov/Archives/edgar/data/93556/000095012396001342/0000950123-96-001342-index.html",
    "finalLink": "https://www.sec.gov/Archives/edgar/data/93556/"
  },
  {
    "date": "1995-09-30",
    "symbol": "SWK",
    "reportedCurrency": "USD",
    "cik": "0000093556",
    "fillingDate": "1995-11-14",
    "acceptedDate": "1995-11-14 00:00:00",
    "calendarYear": "1995",
    "period": "Q3",
    "revenue": 655700000,
    "costOfRevenue": 427000000,
    "grossProfit": 228700000,
    "grossProfitRatio": 0.3487875553,
    "researchAndDevelopmentExpenses": 0,
    "generalAndAdministrativeExpenses": 0,
    "sellingAndMarketingExpenses": 0,
    "sellingGeneralAndAdministrativeExpenses": 148000000,
    "otherExpenses": 21000000,
    "operatingExpenses": 169000000,
    "costAndExpenses": 596000000,
    "interestIncome": 0,
    "interestExpense": 0,
    "depreciationAndAmortization": 21000000,
    "ebitda": 80700000,
    "ebitdaratio": 0.1230745768,
    "operatingIncome": 59700000,
    "operatingIncomeRatio": 0.0910477352,
    "totalOtherIncomeExpensesNet": -52800000,
    "incomeBeforeTax": 6900000,
    "incomeBeforeTaxRatio": 0.0105231051,
    "incomeTaxExpense": 8600000,
    "netIncome": -1700000,
    "netIncomeRatio": -0.0025926491,
    "eps": -0.0192,
    "epsdiluted": -0.0192,
    "weightedAverageShsOut": 88580000,
    "weightedAverageShsOutDil": 88580000,
    "link": "https://www.sec.gov/Archives/edgar/data/93556/000009355695000016/0000093556-95-000016-index.html",
    "finalLink": "https://www.sec.gov/Archives/edgar/data/93556/"
  }
]