[
  {
    "date": "2025-06-27",
    "symbol": "SWKS",
    "reportedCurrency": "USD",
    "cik": "0000004127",
    "fillingDate": "2025-08-05",
    "acceptedDate": "2025-08-05 17:21:37",
    "calendarYear": "2025",
    "period": "Q3",
    "revenue": 965000000,
    "costOfRevenue": 564200000,
    "grossProfit": 400800000,
    "grossProfitRatio": 0.4153367876,
    "researchAndDevelopmentExpenses": 199400000,
    "generalAndAdministrativeExpenses": 0,
    "sellingAndMarketingExpenses": 0,
    "sellingGeneralAndAdministrativeExpenses": 89300000,
    "otherExpenses": 0,
    "operatingExpenses": 288700000,
    "costAndExpenses": 852900000,
    "interestIncome": 0,
    "interestExpense": 6600000,
    "depreciationAndAmortization": 115900000,
    "ebitda": 234500000,
    "ebitdaratio": 0.2430051813,
    "operatingIncome": 112100000,
    "operatingIncomeRatio": 0.1161658031,
    "totalOtherIncomeExpensesNet": -100000,
    "incomeBeforeTax": 112000000,
    "incomeBeforeTaxRatio": 0.1160621762,
    "incomeTaxExpense": 7000000,
    "netIncome": 105000000,
    "netIncomeRatio": 0.1088082902,
    "eps": 0.7,
    "epsdiluted": 0.7,
    "weightedAverageShsOut": 150000000,
    "weightedAverageShsOutDil": 150300000,
    "link": "https://www.sec.gov/Archives/edgar/data/4127/000000412725000073/0000004127-25-000073-index.htm",
    "finalLink": "https://www.sec.gov/Archives/edgar/data/4127/000000412725000073/swks-20250627.htm"
  },
  {
    "date": "2025-03-28",
    "symbol": "SWKS",
    "reportedCurrency": "USD",
    "cik": "0000004127",
    "fillingDate": "2025-05-07",
    "acceptedDate": "2025-05-07 17:00:18",
    "calendarYear": "2025",
    "period": "Q2",
    "revenue": 953200000,
    "costOfRevenue": 561800000,
    "grossProfit": 391400000,
    "grossProfitRatio": 0.4106168695,
    "researchAndDevelopmentExpenses": 186500000,
    "generalAndAdministrativeExpenses": 0,
    "sellingAndMarketingExpenses": 0,
    "sellingGeneralAndAdministrativeExpenses": 88000000,
    "otherExpenses": 0,
    "operatingExpenses": 274500000,
    "costAndExpenses": 836300000,
    "interestIncome": 0,
    "interestExpense": 6800000,
    "depreciationAndAmortization": 114200000,
    "ebitda": 223400000,
    "ebitdaratio": 0.2343684431,
    "operatingIncome": 116900000,
    "operatingIncomeRatio": 0.12263953,
    "totalOtherIncomeExpensesNet": -14500000,
    "incomeBeforeTax": 102400000,
    "incomeBeforeTaxRatio": 0.1074276123,
    "incomeTaxExpense": 33700000,
    "netIncome": 68700000,
    "netIncomeRatio": 0.0720730172,
    "eps": 0.43,
    "epsdiluted": 0.43,
    "weightedAverageShsOut": 158500000,
    "weightedAverageShsOutDil": 158800000,
    "link": "https://www.sec.gov/Archives/edgar/data/4127/000000412725000040/0000004127-25-000040-index.htm",
    "finalLink": "https://www.sec.gov/Archives/edgar/data/4127/000000412725000040/swks-20250328.htm"
  },
  {
    "date": "2024-12-27",
    "symbol": "SWKS",
    "reportedCurrency": "USD",
    "cik": "0000004127",
    "fillingDate": "2025-02-05",
    "acceptedDate": "2025-02-05 16:33:24",
    "calendarYear": "2025",
    "period": "Q1",
    "revenue": 1068500000,
    "costOfRevenue": 626800000,
    "grossProfit": 441700000,
    "grossProfitRatio": 0.4133832475,
    "researchAndDevelopmentExpenses": 176400000,
    "generalAndAdministrativeExpenses": 0,
    "sellingAndMarketingExpenses": 0,
    "sellingGeneralAndAdministrativeExpenses": 82600000,
    "otherExpenses": 0,
    "operatingExpenses": 259000000,
    "costAndExpenses": 885800000,
    "interestIncome": 0,
    "interestExpense": 6800000,
    "depreciationAndAmortization": 116000000,
    "ebitda": 313200000,
    "ebitdaratio": 0.2931211979,
    "operatingIncome": 182700000,
    "operatingIncomeRatio": 0.1709873655,
    "totalOtherIncomeExpensesNet": 7700000,
    "incomeBeforeTax": 190400000,
    "incomeBeforeTaxRatio": 0.1781937295,
    "incomeTaxExpense": 28400000,
    "netIncome": 162000000,
    "netIncomeRatio": 0.1516144127,
    "eps": 1.01,
    "epsdiluted": 1,
    "weightedAverageShsOut": 160400000,
    "weightedAverageShsOutDil": 161400000,
    "link": "https://www.sec.gov/Archives/edgar/data/4127/000000412725000010/0000004127-25-000010-index.htm",
    "finalLink": "https://www.sec.gov/Archives/edgar/data/4127/000000412725000010/swks-20241227.htm"
  },
  {
    "date": "2024-09-27",
    "symbol": "SWKS",
    "reportedCurrency": "USD",
    "cik": "0000004127",
    "fillingDate": "2024-11-15",
    "acceptedDate": "2024-11-15 16:37:43",
    "calendarYear": "2024",
    "period": "Q4",
    "revenue": 1024900000,
    "costOfRevenue": 595300000,
    "grossProfit": 429600000,
    "grossProfitRatio": 0.4191628452,
    "researchAndDevelopmentExpenses": 163500000,
    "generalAndAdministrativeExpenses": 0,
    "sellingAndMarketingExpenses": 0,
    "sellingGeneralAndAdministrativeExpenses": 74100000,
    "otherExpenses": 0,
    "operatingExpenses": 237600000,
    "costAndExpenses": 832900000,
    "interestIncome": 0,
    "interestExpense": 6900000,
    "depreciationAndAmortization": 115500000,
    "ebitda": 180800000,
    "ebitdaratio": 0.1764074544,
    "operatingIncome": 192000000,
    "operatingIncomeRatio": 0.1873353498,
    "totalOtherIncomeExpensesNet": -133600000,
    "incomeBeforeTax": 58400000,
    "incomeBeforeTaxRatio": 0.0569811689,
    "incomeTaxExpense": -2100000,
    "netIncome": 60500000,
    "netIncomeRatio": 0.0590301493,
    "eps": -3.34,
    "epsdiluted": -3.32,
    "weightedAverageShsOut": 160100000,
    "weightedAverageShsOutDil": 161500000,
    "link": "https://www.sec.gov/Archives/edgar/data/4127/000000412724000131/0000004127-24-000131-index.htm",
    "finalLink": "https://www.sec.gov/Archives/edgar/data/4127/000000412724000131/swks-20240927.htm"
  },
  {
    "date": "2024-06-28",
    "symbol": "SWKS",
    "reportedCurrency": "USD",
    "cik": "0000004127",
    "fillingDate": "2024-07-31",
    "acceptedDate": "2024-07-30 17:56:32",
    "calendarYear": "2024",
    "period": "Q3",
    "revenue": 905500000,
    "costOfRevenue": 541600000,
    "grossProfit": 363900000,
    "grossProfitRatio": 0.4018774158,
    "researchAndDevelopmentExpenses": 160700000,
    "generalAndAdministrativeExpenses": 0,
    "sellingAndMarketingExpenses": 0,
    "sellingGeneralAndAdministrativeExpenses": 71200000,
    "otherExpenses": 0,
    "operatingExpenses": 231900000,
    "costAndExpenses": 773500000,
    "interestIncome": 0,
    "interestExpense": 6600000,
    "depreciationAndAmortization": 112300000,
    "ebitda": 252300000,
    "ebitdaratio": 0.2786305908,
    "operatingIncome": 132000000,
    "operatingIncomeRatio": 0.1457758145,
    "totalOtherIncomeExpensesNet": 1400000,
    "incomeBeforeTax": 133400000,
    "incomeBeforeTaxRatio": 0.1473219216,
    "incomeTaxExpense": 12500000,
    "netIncome": 120900000,
    "netIncomeRatio": 0.1335173937,
    "eps": 0.75,
    "epsdiluted": 0.75,
    "weightedAverageShsOut": 160400000,
    "weightedAverageShsOutDil": 161400000,
    "link": "https://www.sec.gov/Archives/edgar/data/4127/000000412724000070/0000004127-24-000070-index.htm",
    "finalLink": "https://www.sec.gov/Archives/edgar/data/4127/000000412724000070/swks-20240628.htm"
  },
  {
    "date": "2024-03-29",
    "symbol": "SWKS",
    "reportedCurrency": "USD",
    "cik": "0000004127",
    "fillingDate": "2024-05-01",
    "acceptedDate": "2024-04-30 18:07:29",
    "calendarYear": "2024",
    "period": "Q2",
    "revenue": 1046000000,
    "costOfRevenue": 625900000,
    "grossProfit": 420100000,
    "grossProfitRatio": 0.401625239,
    "researchAndDevelopmentExpenses": 154400000,
    "generalAndAdministrativeExpenses": 0,
    "sellingAndMarketingExpenses": 0,
    "sellingGeneralAndAdministrativeExpenses": 76800000,
    "otherExpenses": 0,
    "operatingExpenses": 231200000,
    "costAndExpenses": 857100000,
    "interestIncome": 0,
    "interestExpense": 7100000,
    "depreciationAndAmortization": 110800000,
    "ebitda": 310800000,
    "ebitdaratio": 0.2971319312,
    "operatingIncome": 188900000,
    "operatingIncomeRatio": 0.1805927342,
    "totalOtherIncomeExpensesNet": 4000000,
    "incomeBeforeTax": 192900000,
    "incomeBeforeTaxRatio": 0.184416826,
    "incomeTaxExpense": 9600000,
    "netIncome": 183300000,
    "netIncomeRatio": 0.1752390057,
    "eps": 1.14,
    "epsdiluted": 1.14,
    "weightedAverageShsOut": 160400000,
    "weightedAverageShsOutDil": 161400000,
    "link": "https://www.sec.gov/Archives/edgar/data/4127/000000412724000019/0000004127-24-000019-index.htm",
    "finalLink": "https://www.sec.gov/Archives/edgar/data/4127/000000412724000019/swks-20240329.htm"
  },
  {
    "date": "2023-12-29",
    "symbol": "SWKS",
    "reportedCurrency": "USD",
    "cik": "0000004127",
    "fillingDate": "2024-01-31",
    "acceptedDate": "2024-01-30 18:23:36",
    "calendarYear": "2024",
    "period": "Q1",
    "revenue": 1201500000,
    "costOfRevenue": 695100000,
    "grossProfit": 506400000,
    "grossProfitRatio": 0.4214731586,
    "researchAndDevelopmentExpenses": 153100000,
    "generalAndAdministrativeExpenses": 0,
    "sellingAndMarketingExpenses": 0,
    "sellingGeneralAndAdministrativeExpenses": 78800000,
    "otherExpenses": 0,
    "operatingExpenses": 231900000,
    "costAndExpenses": 927000000,
    "interestIncome": 0,
    "interestExpense": 10000000,
    "depreciationAndAmortization": 112800000,
    "ebitda": 374500000,
    "ebitdaratio": 0.3116937162,
    "operatingIncome": 274500000,
    "operatingIncomeRatio": 0.2284644195,
    "totalOtherIncomeExpensesNet": -22800000,
    "incomeBeforeTax": 251700000,
    "incomeBeforeTaxRatio": 0.2094881398,
    "incomeTaxExpense": 20400000,
    "netIncome": 231300000,
    "netIncomeRatio": 0.1925093633,
    "eps": 1.45,
    "epsdiluted": 1.44,
    "weightedAverageShsOut": 159900000,
    "weightedAverageShsOutDil": 161000000,
    "link": "https://www.sec.gov/Archives/edgar/data/4127/000000412724000007/0000004127-24-000007-index.htm",
    "finalLink": "https://www.sec.gov/Archives/edgar/data/4127/000000412724000007/swks-20231229.htm"
  },
  {
    "date": "2023-09-29",
    "symbol": "SWKS",
    "reportedCurrency": "USD",
    "cik": "0000004127",
    "fillingDate": "2024-01-26",
    "acceptedDate": "2024-01-25 20:11:56",
    "calendarYear": "2023",
    "period": "Q4",
    "revenue": 1218800000,
    "costOfRevenue": 696900000,
    "grossProfit": 521900000,
    "grossProfitRatio": 0.4282080735,
    "researchAndDevelopmentExpenses": 146700000,
    "generalAndAdministrativeExpenses": 77200000,
    "sellingAndMarketingExpenses": -3800000,
    "sellingGeneralAndAdministrativeExpenses": 73400000,
    "otherExpenses": 0,
    "operatingExpenses": 220100000,
    "costAndExpenses": 917000000,
    "interestIncome": 0,
    "interestExpense": 12400000,
    "depreciationAndAmortization": 143200000,
    "ebitda": 401800000,
    "ebitdaratio": 0.3296685264,
    "operatingIncome": 301800000,
    "operatingIncomeRatio": 0.2476206104,
    "totalOtherIncomeExpensesNet": -55600000,
    "incomeBeforeTax": 246200000,
    "incomeBeforeTaxRatio": 0.2020019691,
    "incomeTaxExpense": 1400000,
    "netIncome": 244800000,
    "netIncomeRatio": 0.2008532983,
    "eps": 1.54,
    "epsdiluted": 1.53,
    "weightedAverageShsOut": 159400000,
    "weightedAverageShsOutDil": 160500000,
    "link": "https://www.sec.gov/Archives/edgar/data/4127/000000412724000002/0000004127-24-000002-index.htm",
    "finalLink": "https://www.sec.gov/Archives/edgar/data/4127/000000412724000002/swks-20230929.htm"
  },
  {
    "date": "2023-06-30",
    "symbol": "SWKS",
    "reportedCurrency": "USD",
    "cik": "0000004127",
    "fillingDate": "2023-08-08",
    "acceptedDate": "2023-08-07 18:07:50",
    "calendarYear": "2023",
    "period": "Q3",
    "revenue": 1071200000,
    "costOfRevenue": 610900000,
    "grossProfit": 460300000,
    "grossProfitRatio": 0.4297050037,
    "researchAndDevelopmentExpenses": 148000000,
    "generalAndAdministrativeExpenses": 77200000,
    "sellingAndMarketingExpenses": 0,
    "sellingGeneralAndAdministrativeExpenses": 77200000,
    "otherExpenses": 0,
    "operatingExpenses": 225200000,
    "costAndExpenses": 836100000,
    "interestIncome": 0,
    "interestExpense": 16200000,
    "depreciationAndAmortization": 148700000,
    "ebitda": 387000000,
    "ebitdaratio": 0.3612770724,
    "operatingIncome": 235100000,
    "operatingIncomeRatio": 0.2194734877,
    "totalOtherIncomeExpensesNet": -13000000,
    "incomeBeforeTax": 222100000,
    "incomeBeforeTaxRatio": 0.2073375653,
    "incomeTaxExpense": 26300000,
    "netIncome": 195800000,
    "netIncomeRatio": 0.1827856609,
    "eps": 1.23,
    "epsdiluted": 1.22,
    "weightedAverageShsOut": 159200000,
    "weightedAverageShsOutDil": 160000000,
    "link": "https://www.sec.gov/Archives/edgar/data/4127/000000412723000025/0000004127-23-000025-index.htm",
    "finalLink": "https://www.sec.gov/Archives/edgar/data/4127/000000412723000025/swks-20230630.htm"
  },
  {
    "date": "2023-03-31",
    "symbol": "SWKS",
    "reportedCurrency": "USD",
    "cik": "0000004127",
    "fillingDate": "2023-05-09",
    "acceptedDate": "2023-05-08 17:58:11",
    "calendarYear": "2023",
    "period": "Q2",
    "revenue": 1153100000,
    "costOfRevenue": 629500000,
    "grossProfit": 523600000,
    "grossProfitRatio": 0.4540803053,
    "researchAndDevelopmentExpenses": 148200000,
    "generalAndAdministrativeExpenses": 0,
    "sellingAndMarketingExpenses": 0,
    "sellingGeneralAndAdministrativeExpenses": 79000000,
    "otherExpenses": 0,
    "operatingExpenses": 227200000,
    "costAndExpenses": 856700000,
    "interestIncome": 0,
    "interestExpense": 18900000,
    "depreciationAndAmortization": 150400000,
    "ebitda": 429100000,
    "ebitdaratio": 0.372127309,
    "operatingIncome": 296400000,
    "operatingIncomeRatio": 0.2570462232,
    "totalOtherIncomeExpensesNet": -36600000,
    "incomeBeforeTax": 259800000,
    "incomeBeforeTaxRatio": 0.2253056977,
    "incomeTaxExpense": 27000000,
    "netIncome": 232800000,
    "netIncomeRatio": 0.2018905559,
    "eps": 1.46,
    "epsdiluted": 1.46,
    "weightedAverageShsOut": 159100000,
    "weightedAverageShsOutDil": 159900000,
    "link": "https://www.sec.gov/Archives/edgar/data/4127/000000412723000015/0000004127-23-000015-index.htm",
    "finalLink": "https://www.sec.gov/Archives/edgar/data/4127/000000412723000015/swks-20230331.htm"
  },
  {
    "date": "2022-12-30",
    "symbol": "SWKS",
    "reportedCurrency": "USD",
    "cik": "0000004127",
    "fillingDate": "2023-02-07",
    "acceptedDate": "2023-02-06 18:35:44",
    "calendarYear": "2023",
    "period": "Q1",
    "revenue": 1329300000,
    "costOfRevenue": 713500000,
    "grossProfit": 615800000,
    "grossProfitRatio": 0.4632513353,
    "researchAndDevelopmentExpenses": 163900000,
    "generalAndAdministrativeExpenses": 0,
    "sellingAndMarketingExpenses": 0,
    "sellingGeneralAndAdministrativeExpenses": 84500000,
    "otherExpenses": 0,
    "operatingExpenses": 248400000,
    "costAndExpenses": 961900000,
    "interestIncome": 0,
    "interestExpense": 16900000,
    "depreciationAndAmortization": 171400000,
    "ebitda": 539000000,
    "ebitdaratio": 0.4054765666,
    "operatingIncome": 367400000,
    "operatingIncomeRatio": 0.2763860679,
    "totalOtherIncomeExpensesNet": -16700000,
    "incomeBeforeTax": 350700000,
    "incomeBeforeTaxRatio": 0.2638230648,
    "incomeTaxExpense": 41300000,
    "netIncome": 309400000,
    "netIncomeRatio": 0.2327540811,
    "eps": 1.94,
    "epsdiluted": 1.93,
    "weightedAverageShsOut": 159800000,
    "weightedAverageShsOutDil": 160200000,
    "link": "https://www.sec.gov/Archives/edgar/data/4127/000000412723000010/0000004127-23-000010-index.htm",
    "finalLink": "https://www.sec.gov/Archives/edgar/data/4127/000000412723000010/swks-20221230.htm"
  },
  {
    "date": "2022-09-30",
    "symbol": "SWKS",
    "reportedCurrency": "USD",
    "cik": "0000004127",
    "fillingDate": "2023-01-27",
    "acceptedDate": "2023-01-27 16:20:03",
    "calendarYear": "2022",
    "period": "Q4",
    "revenue": 1407000000,
    "costOfRevenue": 760300000,
    "grossProfit": 646700000,
    "grossProfitRatio": 0.4596304193,
    "researchAndDevelopmentExpenses": 149500000,
    "generalAndAdministrativeExpenses": 0,
    "sellingAndMarketingExpenses": 0,
    "sellingGeneralAndAdministrativeExpenses": 87700000,
    "otherExpenses": 0,
    "operatingExpenses": 237200000,
    "costAndExpenses": 997500000,
    "interestIncome": 0,
    "interestExpense": 14300000,
    "depreciationAndAmortization": 181400000,
    "ebitda": 567900000,
    "ebitdaratio": 0.4036247335,
    "operatingIncome": 409500000,
    "operatingIncomeRatio": 0.2910447761,
    "totalOtherIncomeExpensesNet": -37300000,
    "incomeBeforeTax": 372200000,
    "incomeBeforeTaxRatio": 0.2645344705,
    "incomeTaxExpense": 70000000,
    "netIncome": 302200000,
    "netIncomeRatio": 0.2147832267,
    "eps": 1.88,
    "epsdiluted": 1.88,
    "weightedAverageShsOut": 160400000,
    "weightedAverageShsOutDil": 161100000,
    "link": "https://www.sec.gov/Archives/edgar/data/4127/000000412723000005/0000004127-23-000005-index.htm",
    "finalLink": "https://www.sec.gov/Archives/edgar/data/4127/000000412723000005/swks-20220930.htm"
  },
  {
    "date": "2022-07-01",
    "symbol": "SWKS",
    "reportedCurrency": "USD",
    "cik": "0000004127",
    "fillingDate": "2022-08-05",
    "acceptedDate": "2022-08-04 21:32:00",
    "calendarYear": "2022",
    "period": "Q3",
    "revenue": 1232600000,
    "costOfRevenue": 671200000,
    "grossProfit": 561400000,
    "grossProfitRatio": 0.4554600032,
    "researchAndDevelopmentExpenses": 156500000,
    "generalAndAdministrativeExpenses": 0,
    "sellingAndMarketingExpenses": 0,
    "sellingGeneralAndAdministrativeExpenses": 77000000,
    "otherExpenses": 0,
    "operatingExpenses": 233500000,
    "costAndExpenses": 904700000,
    "interestIncome": 0,
    "interestExpense": 11300000,
    "depreciationAndAmortization": 162900000,
    "ebitda": 488300000,
    "ebitdaratio": 0.3961544702,
    "operatingIncome": 327900000,
    "operatingIncomeRatio": 0.2660230407,
    "totalOtherIncomeExpensesNet": -13800000,
    "incomeBeforeTax": 314100000,
    "incomeBeforeTaxRatio": 0.2548271945,
    "incomeTaxExpense": 46800000,
    "netIncome": 267300000,
    "netIncomeRatio": 0.2168586727,
    "eps": 1.66,
    "epsdiluted": 1.66,
    "weightedAverageShsOut": 160900000,
    "weightedAverageShsOutDil": 161500000,
    "link": "https://www.sec.gov/Archives/edgar/data/4127/000000412722000034/0000004127-22-000034-index.htm",
    "finalLink": "https://www.sec.gov/Archives/edgar/data/4127/000000412722000034/swks-20220701.htm"
  },
  {
    "date": "2022-04-01",
    "symbol": "SWKS",
    "reportedCurrency": "USD",
    "cik": "0000004127",
    "fillingDate": "2022-05-04",
    "acceptedDate": "2022-05-03 19:38:51",
    "calendarYear": "2022",
    "period": "Q2",
    "revenue": 1335600000,
    "costOfRevenue": 719900000,
    "grossProfit": 615700000,
    "grossProfitRatio": 0.4609913148,
    "researchAndDevelopmentExpenses": 160700000,
    "generalAndAdministrativeExpenses": 0,
    "sellingAndMarketingExpenses": 0,
    "sellingGeneralAndAdministrativeExpenses": 83000000,
    "otherExpenses": 0,
    "operatingExpenses": 243700000,
    "costAndExpenses": 963600000,
    "interestIncome": 0,
    "interestExpense": 11400000,
    "depreciationAndAmortization": 164400000,
    "ebitda": 529900000,
    "ebitdaratio": 0.3967505241,
    "operatingIncome": 372000000,
    "operatingIncomeRatio": 0.2785265049,
    "totalOtherIncomeExpensesNet": -17900000,
    "incomeBeforeTax": 354100000,
    "incomeBeforeTaxRatio": 0.2651242887,
    "incomeTaxExpense": 48300000,
    "netIncome": 305800000,
    "netIncomeRatio": 0.2289607667,
    "eps": 1.87,
    "epsdiluted": 1.86,
    "weightedAverageShsOut": 163700000,
    "weightedAverageShsOutDil": 164400000,
    "link": "https://www.sec.gov/Archives/edgar/data/4127/000000412722000015/0000004127-22-000015-index.htm",
    "finalLink": "https://www.sec.gov/Archives/edgar/data/4127/000000412722000015/swks-20220401.htm"
  },
  {
    "date": "2021-12-31",
    "symbol": "SWKS",
    "reportedCurrency": "USD",
    "cik": "0000004127",
    "fillingDate": "2022-02-04",
    "acceptedDate": "2022-02-03 21:03:59",
    "calendarYear": "2022",
    "period": "Q1",
    "revenue": 1510400000,
    "costOfRevenue": 829000000,
    "grossProfit": 681400000,
    "grossProfitRatio": 0.4511387712,
    "researchAndDevelopmentExpenses": 151100000,
    "generalAndAdministrativeExpenses": 0,
    "sellingAndMarketingExpenses": 0,
    "sellingGeneralAndAdministrativeExpenses": 82000000,
    "otherExpenses": 0,
    "operatingExpenses": 233100000,
    "costAndExpenses": 1062099999,
    "interestIncome": 0,
    "interestExpense": 11000000,
    "depreciationAndAmortization": 181500000,
    "ebitda": 628600000,
    "ebitdaratio": 0.4161811441,
    "operatingIncome": 448300000,
    "operatingIncomeRatio": 0.2968087924,
    "totalOtherIncomeExpensesNet": -12200000,
    "incomeBeforeTax": 436100000,
    "incomeBeforeTaxRatio": 0.2887314619,
    "incomeTaxExpense": 36200000,
    "netIncome": 399900000,
    "netIncomeRatio": 0.2647643008,
    "eps": 2.42,
    "epsdiluted": 2.4,
    "weightedAverageShsOut": 165100000,
    "weightedAverageShsOutDil": 166400000,
    "link": "https://www.sec.gov/Archives/edgar/data/4127/000000412722000010/0000004127-22-000010-index.htm",
    "finalLink": "https://www.sec.gov/Archives/edgar/data/4127/000000412722000010/swks-20211231.htm"
  },
  {
    "date": "2021-10-01",
    "symbol": "SWKS",
    "reportedCurrency": "USD",
    "cik": "0000004127",
    "fillingDate": "2021-11-24",
    "acceptedDate": "2021-11-24 16:48:16",
    "calendarYear": "2021",
    "period": "Q4",
    "revenue": 1310900000,
    "costOfRevenue": 707600000,
    "grossProfit": 603300000,
    "grossProfitRatio": 0.4602181707,
    "researchAndDevelopmentExpenses": 149200000,
    "generalAndAdministrativeExpenses": 0,
    "sellingAndMarketingExpenses": 0,
    "sellingGeneralAndAdministrativeExpenses": 59800000,
    "otherExpenses": 0,
    "operatingExpenses": 209000000,
    "costAndExpenses": 916600000,
    "interestIncome": 100000,
    "interestExpense": 10800000,
    "depreciationAndAmortization": 169900000,
    "ebitda": 496900000,
    "ebitdaratio": 0.3790525593,
    "operatingIncome": 394300000,
    "operatingIncomeRatio": 0.3007857197,
    "totalOtherIncomeExpensesNet": -78100000,
    "incomeBeforeTax": 316200000,
    "incomeBeforeTaxRatio": 0.2412083302,
    "incomeTaxExpense": -10100000,
    "netIncome": 326300000,
    "netIncomeRatio": 0.2489129606,
    "eps": 1.97,
    "epsdiluted": 1.95,
    "weightedAverageShsOut": 165200000,
    "weightedAverageShsOutDil": 167300000,
    "link": "https://www.sec.gov/Archives/edgar/data/4127/000000412721000058/0000004127-21-000058-index.htm",
    "finalLink": "https://www.sec.gov/Archives/edgar/data/4127/000000412721000058/swks-20211001.htm"
  },
  {
    "date": "2021-07-02",
    "symbol": "SWKS",
    "reportedCurrency": "USD",
    "cik": "0000004127",
    "fillingDate": "2021-07-30",
    "acceptedDate": "2021-07-29 17:46:32",
    "calendarYear": "2021",
    "period": "Q3",
    "revenue": 1116400000,
    "costOfRevenue": 560200000,
    "grossProfit": 556200000,
    "grossProfitRatio": 0.4982085274,
    "researchAndDevelopmentExpenses": 130800000,
    "generalAndAdministrativeExpenses": 0,
    "sellingAndMarketingExpenses": 0,
    "sellingGeneralAndAdministrativeExpenses": 85100000,
    "otherExpenses": 0,
    "operatingExpenses": 215900000,
    "costAndExpenses": 776100000,
    "interestIncome": 300000,
    "interestExpense": 2600000,
    "depreciationAndAmortization": 91000000,
    "ebitda": 429800000,
    "ebitdaratio": 0.3849874597,
    "operatingIncome": 340300000,
    "operatingIncomeRatio": 0.3048190613,
    "totalOtherIncomeExpensesNet": -4100000,
    "incomeBeforeTax": 336200000,
    "incomeBeforeTaxRatio": 0.3011465425,
    "incomeTaxExpense": -1600000,
    "netIncome": 337800000,
    "netIncomeRatio": 0.3025797205,
    "eps": 2.05,
    "epsdiluted": 2.02,
    "weightedAverageShsOut": 165100000,
    "weightedAverageShsOutDil": 167000000,
    "link": "https://www.sec.gov/Archives/edgar/data/4127/000000412721000050/0000004127-21-000050-index.htm",
    "finalLink": "https://www.sec.gov/Archives/edgar/data/4127/000000412721000050/swks-20210702.htm"
  },
  {
    "date": "2021-04-02",
    "symbol": "SWKS",
    "reportedCurrency": "USD",
    "cik": "0000004127",
    "fillingDate": "2021-04-30",
    "acceptedDate": "2021-04-29 18:34:19",
    "calendarYear": "2021",
    "period": "Q2",
    "revenue": 1171800000,
    "costOfRevenue": 596200000,
    "grossProfit": 575600000,
    "grossProfitRatio": 0.4912101041,
    "researchAndDevelopmentExpenses": 130699999,
    "generalAndAdministrativeExpenses": 0,
    "sellingAndMarketingExpenses": 0,
    "sellingGeneralAndAdministrativeExpenses": 70200000,
    "otherExpenses": 0,
    "operatingExpenses": 200900000,
    "costAndExpenses": 797100000,
    "interestIncome": 0,
    "interestExpense": 0,
    "depreciationAndAmortization": 89300000,
    "ebitda": 464800000,
    "ebitdaratio": 0.3966547192,
    "operatingIncome": 374700000,
    "operatingIncomeRatio": 0.3197644649,
    "totalOtherIncomeExpensesNet": 800000,
    "incomeBeforeTax": 375500000,
    "incomeBeforeTaxRatio": 0.3204471753,
    "incomeTaxExpense": 50500000,
    "netIncome": 325000000,
    "netIncomeRatio": 0.2773510838,
    "eps": 1.97,
    "epsdiluted": 1.95,
    "weightedAverageShsOut": 165000000,
    "weightedAverageShsOutDil": 166800000,
    "link": "https://www.sec.gov/Archives/edgar/data/4127/000000412721000029/0000004127-21-000029-index.htm",
    "finalLink": "https://www.sec.gov/Archives/edgar/data/4127/000000412721000029/swks-20210402.htm"
  },
  {
    "date": "2021-01-01",
    "symbol": "SWKS",
    "reportedCurrency": "USD",
    "cik": "0000004127",
    "fillingDate": "2021-01-29",
    "acceptedDate": "2021-01-28 17:40:37",
    "calendarYear": "2021",
    "period": "Q1",
    "revenue": 1510000000,
    "costOfRevenue": 751100000,
    "grossProfit": 758900000,
    "grossProfitRatio": 0.5025827815,
    "researchAndDevelopmentExpenses": 121600000,
    "generalAndAdministrativeExpenses": 0,
    "sellingAndMarketingExpenses": 0,
    "sellingGeneralAndAdministrativeExpenses": 66599999,
    "otherExpenses": 0,
    "operatingExpenses": 188200000,
    "costAndExpenses": 939300000,
    "interestIncome": 0,
    "interestExpense": 0,
    "depreciationAndAmortization": 86400000,
    "ebitda": 657300000,
    "ebitdaratio": 0.4352980132,
    "operatingIncome": 570700000,
    "operatingIncomeRatio": 0.3779470199,
    "totalOtherIncomeExpensesNet": 200000,
    "incomeBeforeTax": 570900000,
    "incomeBeforeTaxRatio": 0.3780794702,
    "incomeTaxExpense": 61600000,
    "netIncome": 509300000,
    "netIncomeRatio": 0.3372847682,
    "eps": 3.08,
    "epsdiluted": 3.05,
    "weightedAverageShsOut": 165400000,
    "weightedAverageShsOutDil": 167000000,
    "link": "https://www.sec.gov/Archives/edgar/data/4127/000000412721000013/0000004127-21-000013-index.htm",
    "finalLink": "https://www.sec.gov/Archives/edgar/data/4127/000000412721000013/swks-20210101.htm"
  },
  {
    "date": "2020-10-02",
    "symbol": "SWKS",
    "reportedCurrency": "USD",
    "cik": "0000004127",
    "fillingDate": "2021-01-29",
    "acceptedDate": "2021-01-29 16:30:34",
    "calendarYear": "2020",
    "period": "Q4",
    "revenue": 956800000,
    "costOfRevenue": 500700000,
    "grossProfit": 456100000,
    "grossProfitRatio": 0.4766931438,
    "researchAndDevelopmentExpenses": 126300000,
    "generalAndAdministrativeExpenses": 0,
    "sellingAndMarketingExpenses": 0,
    "sellingGeneralAndAdministrativeExpenses": 62200000,
    "otherExpenses": 0,
    "operatingExpenses": 188500000,
    "costAndExpenses": 689200000,
    "interestIncome": 0,
    "interestExpense": 0,
    "depreciationAndAmortization": 90800000,
    "ebitda": 356900000,
    "ebitdaratio": 0.373014214,
    "operatingIncome": 267600000,
    "operatingIncomeRatio": 0.2796822742,
    "totalOtherIncomeExpensesNet": -1500000,
    "incomeBeforeTax": 266100000,
    "incomeBeforeTaxRatio": 0.2781145485,
    "incomeTaxExpense": 19200000,
    "netIncome": 246900000,
    "netIncomeRatio": 0.2580476589,
    "eps": 1.48,
    "epsdiluted": 1.46,
    "weightedAverageShsOut": 166600000,
    "weightedAverageShsOutDil": 168600000,
    "link": "https://www.sec.gov/Archives/edgar/data/4127/000000412721000015/0000004127-21-000015-index.htm",
    "finalLink": "https://www.sec.gov/Archives/edgar/data/4127/000000412721000015/swks-20201002.htm"
  },
  {
    "date": "2020-06-26",
    "symbol": "SWKS",
    "reportedCurrency": "USD",
    "cik": "0000004127",
    "fillingDate": "2020-07-24",
    "acceptedDate": "2020-07-23 17:35:52",
    "calendarYear": "2020",
    "period": "Q3",
    "revenue": 736800000,
    "costOfRevenue": 405500000,
    "grossProfit": 331300000,
    "grossProfitRatio": 0.4496471227,
    "researchAndDevelopmentExpenses": 117000000,
    "generalAndAdministrativeExpenses": 0,
    "sellingAndMarketingExpenses": 0,
    "sellingGeneralAndAdministrativeExpenses": 55000000,
    "otherExpenses": 0,
    "operatingExpenses": 172000000,
    "costAndExpenses": 577500000,
    "interestIncome": 0,
    "interestExpense": 0,
    "depreciationAndAmortization": 90600000,
    "ebitda": 234600000,
    "ebitdaratio": 0.3184039088,
    "operatingIncome": 159300000,
    "operatingIncomeRatio": 0.2162052117,
    "totalOtherIncomeExpensesNet": -15300000,
    "incomeBeforeTax": 144000000,
    "incomeBeforeTaxRatio": 0.1954397394,
    "incomeTaxExpense": 14300000,
    "netIncome": 129700000,
    "netIncomeRatio": 0.1760314875,
    "eps": 0.78,
    "epsdiluted": 0.77,
    "weightedAverageShsOut": 167000000,
    "weightedAverageShsOutDil": 168300000,
    "link": "https://www.sec.gov/Archives/edgar/data/4127/000000412720000046/0000004127-20-000046-index.htm",
    "finalLink": "https://www.sec.gov/Archives/edgar/data/4127/000000412720000046/swks-20200626.htm"
  },
  {
    "date": "2020-03-27",
    "symbol": "SWKS",
    "reportedCurrency": "USD",
    "cik": "0000004127",
    "fillingDate": "2020-05-05",
    "acceptedDate": "2020-05-04 17:34:38",
    "calendarYear": "2020",
    "period": "Q2",
    "revenue": 766100000,
    "costOfRevenue": 393600000,
    "grossProfit": 372500000,
    "grossProfitRatio": 0.4862289518,
    "researchAndDevelopmentExpenses": 113200000,
    "generalAndAdministrativeExpenses": 0,
    "sellingAndMarketingExpenses": 0,
    "sellingGeneralAndAdministrativeExpenses": 58600000,
    "otherExpenses": 0,
    "operatingExpenses": 171800000,
    "costAndExpenses": 565400000,
    "interestIncome": 0,
    "interestExpense": 0,
    "depreciationAndAmortization": 91800000,
    "ebitda": 294800000,
    "ebitdaratio": 0.3848061611,
    "operatingIncome": 200700000,
    "operatingIncomeRatio": 0.2619762433,
    "totalOtherIncomeExpensesNet": 2300000,
    "incomeBeforeTax": 203000000,
    "incomeBeforeTaxRatio": 0.2649784623,
    "incomeTaxExpense": 21900000,
    "netIncome": 181100000,
    "netIncomeRatio": 0.2363921159,
    "eps": 1.07,
    "epsdiluted": 1.06,
    "weightedAverageShsOut": 170000000,
    "weightedAverageShsOutDil": 171100000,
    "link": "https://www.sec.gov/Archives/edgar/data/4127/000000412720000027/0000004127-20-000027-index.htm",
    "finalLink": "https://www.sec.gov/Archives/edgar/data/4127/000000412720000027/q22010qmarch272020.htm"
  },
  {
    "date": "2019-12-27",
    "symbol": "SWKS",
    "reportedCurrency": "USD",
    "cik": "0000004127",
    "fillingDate": "2020-01-24",
    "acceptedDate": "2020-01-24 16:08:15",
    "calendarYear": "2020",
    "period": "Q1",
    "revenue": 896100000,
    "costOfRevenue": 454900000,
    "grossProfit": 441200000,
    "grossProfitRatio": 0.4923557639,
    "researchAndDevelopmentExpenses": 107700000,
    "generalAndAdministrativeExpenses": 0,
    "sellingAndMarketingExpenses": 0,
    "sellingGeneralAndAdministrativeExpenses": 55400000,
    "otherExpenses": 0,
    "operatingExpenses": 163100000,
    "costAndExpenses": 618000000,
    "interestIncome": 0,
    "interestExpense": 0,
    "depreciationAndAmortization": 91200000,
    "ebitda": 369900000,
    "ebitdaratio": 0.4127887513,
    "operatingIncome": 278100000,
    "operatingIncomeRatio": 0.3103448276,
    "totalOtherIncomeExpensesNet": 600000,
    "incomeBeforeTax": 278700000,
    "incomeBeforeTaxRatio": 0.3110143957,
    "incomeTaxExpense": 21600000,
    "netIncome": 257100000,
    "netIncomeRatio": 0.2869099431,
    "eps": 1.51,
    "epsdiluted": 1.5,
    "weightedAverageShsOut": 170200000,
    "weightedAverageShsOutDil": 171600000,
    "link": "https://www.sec.gov/Archives/edgar/data/4127/000000412720000007/0000004127-20-000007-index.htm",
    "finalLink": "https://www.sec.gov/Archives/edgar/data/4127/000000412720000007/q12010qdecember272019.htm"
  },
  {
    "date": "2019-09-27",
    "symbol": "SWKS",
    "reportedCurrency": "USD",
    "cik": "0000004127",
    "fillingDate": "2020-01-27",
    "acceptedDate": "2020-01-27 08:22:03",
    "calendarYear": "2019",
    "period": "Q4",
    "revenue": 827400000,
    "costOfRevenue": 425400000,
    "grossProfit": 402000000,
    "grossProfitRatio": 0.4858593183,
    "researchAndDevelopmentExpenses": 106800000,
    "generalAndAdministrativeExpenses": 0,
    "sellingAndMarketingExpenses": 0,
    "sellingGeneralAndAdministrativeExpenses": 55800000,
    "otherExpenses": 0,
    "operatingExpenses": 162600000,
    "costAndExpenses": 588000000,
    "interestIncome": 0,
    "interestExpense": 0,
    "depreciationAndAmortization": 92900000,
    "ebitda": 326900000,
    "ebitdaratio": 0.3950930626,
    "operatingIncome": 239400000,
    "operatingIncomeRatio": 0.2893401015,
    "totalOtherIncomeExpensesNet": -5400000,
    "incomeBeforeTax": 234000000,
    "incomeBeforeTaxRatio": 0.2828136331,
    "incomeTaxExpense": 23400000,
    "netIncome": 210600000,
    "netIncomeRatio": 0.2545322698,
    "eps": 1.23,
    "epsdiluted": 1.22,
    "weightedAverageShsOut": 171200000,
    "weightedAverageShsOutDil": 172200000,
    "link": "https://www.sec.gov/Archives/edgar/data/4127/000000412720000009/0000004127-20-000009-index.htm",
    "finalLink": "https://www.sec.gov/Archives/edgar/data/4127/000000412720000009/fy1910-kajanuary242020.htm"
  },
  {
    "date": "2019-06-28",
    "symbol": "SWKS",
    "reportedCurrency": "USD",
    "cik": "0000004127",
    "fillingDate": "2019-08-07",
    "acceptedDate": "2019-08-07 17:14:59",
    "calendarYear": "2019",
    "period": "Q3",
    "revenue": 767000000,
    "costOfRevenue": 460000000,
    "grossProfit": 307000000,
    "grossProfitRatio": 0.4002607562,
    "researchAndDevelopmentExpenses": 100600000,
    "generalAndAdministrativeExpenses": 0,
    "sellingAndMarketingExpenses": 0,
    "sellingGeneralAndAdministrativeExpenses": 46800000,
    "otherExpenses": 0,
    "operatingExpenses": 147400000,
    "costAndExpenses": 607400000,
    "interestIncome": 0,
    "interestExpense": 0,
    "depreciationAndAmortization": 93700000,
    "ebitda": 255600000,
    "ebitdaratio": 0.3332464146,
    "operatingIncome": 159600000,
    "operatingIncomeRatio": 0.208083442,
    "totalOtherIncomeExpensesNet": 2300000,
    "incomeBeforeTax": 161900000,
    "incomeBeforeTaxRatio": 0.2110821382,
    "incomeTaxExpense": 17800000,
    "netIncome": 144100000,
    "netIncomeRatio": 0.187874837,
    "eps": 0.83,
    "epsdiluted": 0.83,
    "weightedAverageShsOut": 172600000,
    "weightedAverageShsOutDil": 173400000,
    "link": "https://www.sec.gov/Archives/edgar/data/4127/000000412719000041/0000004127-19-000041-index.htm",
    "finalLink": "https://www.sec.gov/Archives/edgar/data/4127/000000412719000041/q31910qjune282019.htm"
  },
  {
    "date": "2019-03-29",
    "symbol": "SWKS",
    "reportedCurrency": "USD",
    "cik": "0000004127",
    "fillingDate": "2019-05-03",
    "acceptedDate": "2019-05-02 20:02:21",
    "calendarYear": "2019",
    "period": "Q2",
    "revenue": 810400000,
    "costOfRevenue": 415900000,
    "grossProfit": 394500000,
    "grossProfitRatio": 0.4867966436,
    "researchAndDevelopmentExpenses": 107500000,
    "generalAndAdministrativeExpenses": 0,
    "sellingAndMarketingExpenses": 0,
    "sellingGeneralAndAdministrativeExpenses": 47900000,
    "otherExpenses": 0,
    "operatingExpenses": 155400000,
    "costAndExpenses": 571300000,
    "interestIncome": 0,
    "interestExpense": 0,
    "depreciationAndAmortization": 92000000,
    "ebitda": 333300000,
    "ebitdaratio": 0.411278381,
    "operatingIncome": 239100000,
    "operatingIncomeRatio": 0.2950394867,
    "totalOtherIncomeExpensesNet": 2200000,
    "incomeBeforeTax": 241300000,
    "incomeBeforeTaxRatio": 0.2977541955,
    "incomeTaxExpense": 27300000,
    "netIncome": 214000000,
    "netIncomeRatio": 0.2640671273,
    "eps": 1.23,
    "epsdiluted": 1.23,
    "weightedAverageShsOut": 173800000,
    "weightedAverageShsOutDil": 174600000,
    "link": "https://www.sec.gov/Archives/edgar/data/4127/000000412719000022/0000004127-19-000022-index.htm",
    "finalLink": "https://www.sec.gov/Archives/edgar/data/4127/000000412719000022/q21910qmarch292019.htm"
  },
  {
    "date": "2018-12-28",
    "symbol": "SWKS",
    "reportedCurrency": "USD",
    "cik": "0000004127",
    "fillingDate": "2019-02-06",
    "acceptedDate": "2019-02-05 18:02:21",
    "calendarYear": "2019",
    "period": "Q1",
    "revenue": 972000000,
    "costOfRevenue": 494300000,
    "grossProfit": 477700000,
    "grossProfitRatio": 0.4914609053,
    "researchAndDevelopmentExpenses": 109200000,
    "generalAndAdministrativeExpenses": 0,
    "sellingAndMarketingExpenses": 0,
    "sellingGeneralAndAdministrativeExpenses": 47800000,
    "otherExpenses": 0,
    "operatingExpenses": 157000000,
    "costAndExpenses": 651300000,
    "interestIncome": 0,
    "interestExpense": 0,
    "depreciationAndAmortization": 93000000,
    "ebitda": 416800000,
    "ebitdaratio": 0.4288065844,
    "operatingIncome": 320700000,
    "operatingIncomeRatio": 0.3299382716,
    "totalOtherIncomeExpensesNet": 3100000,
    "incomeBeforeTax": 323800000,
    "incomeBeforeTaxRatio": 0.333127572,
    "incomeTaxExpense": 38900000,
    "netIncome": 284900000,
    "netIncomeRatio": 0.2931069959,
    "eps": 1.61,
    "epsdiluted": 1.6,
    "weightedAverageShsOut": 176600000,
    "weightedAverageShsOutDil": 177700000,
    "link": "https://www.sec.gov/Archives/edgar/data/4127/000000412719000013/0000004127-19-000013-index.htm",
    "finalLink": "https://www.sec.gov/Archives/edgar/data/4127/000000412719000013/q11910qdecember282018.htm"
  },
  {
    "date": "2018-09-28",
    "symbol": "SWKS",
    "reportedCurrency": "USD",
    "cik": "0000004127",
    "fillingDate": "2019-01-25",
    "acceptedDate": "2019-01-25 16:32:35",
    "calendarYear": "2018",
    "period": "Q4",
    "revenue": 1008400000,
    "costOfRevenue": 511100000,
    "grossProfit": 497300000,
    "grossProfitRatio": 0.4931574772,
    "researchAndDevelopmentExpenses": 103000000,
    "generalAndAdministrativeExpenses": 0,
    "sellingAndMarketingExpenses": 0,
    "sellingGeneralAndAdministrativeExpenses": 58500000,
    "otherExpenses": 0,
    "operatingExpenses": 161500000,
    "costAndExpenses": 672600000,
    "interestIncome": 0,
    "interestExpense": 0,
    "depreciationAndAmortization": 83800000,
    "ebitda": 427200000,
    "ebitdaratio": 0.4236414121,
    "operatingIncome": 335800000,
    "operatingIncomeRatio": 0.3330027767,
    "totalOtherIncomeExpensesNet": 7600000,
    "incomeBeforeTax": 343400000,
    "incomeBeforeTaxRatio": 0.3405394685,
    "incomeTaxExpense": 57900000,
    "netIncome": 285500000,
    "netIncomeRatio": 0.2831217771,
    "eps": 1.6,
    "epsdiluted": 1.58,
    "weightedAverageShsOut": 178600000,
    "weightedAverageShsOutDil": 180200000,
    "link": "https://www.sec.gov/Archives/edgar/data/4127/000000412719000005/0000004127-19-000005-index.htm",
    "finalLink": "https://www.sec.gov/Archives/edgar/data/4127/000000412719000005/fy1810-kajanuary252019.htm"
  },
  {
    "date": "2018-06-29",
    "symbol": "SWKS",
    "reportedCurrency": "USD",
    "cik": "0000004127",
    "fillingDate": "2018-07-20",
    "acceptedDate": "2018-07-20 16:03:34",
    "calendarYear": "2018",
    "period": "Q3",
    "revenue": 894300000,
    "costOfRevenue": 446600000,
    "grossProfit": 447700000,
    "grossProfitRatio": 0.5006150062,
    "researchAndDevelopmentExpenses": 96800000,
    "generalAndAdministrativeExpenses": 0,
    "sellingAndMarketingExpenses": 0,
    "sellingGeneralAndAdministrativeExpenses": 52400000,
    "otherExpenses": 0,
    "operatingExpenses": 149200000,
    "costAndExpenses": 595800000,
    "interestIncome": 0,
    "interestExpense": 0,
    "depreciationAndAmortization": 74700000,
    "ebitda": 385500000,
    "ebitdaratio": 0.4310634015,
    "operatingIncome": 298500000,
    "operatingIncomeRatio": 0.3337806105,
    "totalOtherIncomeExpensesNet": 12300000,
    "incomeBeforeTax": 310800000,
    "incomeBeforeTaxRatio": 0.3475343844,
    "incomeTaxExpense": 24300000,
    "netIncome": 286500000,
    "netIncomeRatio": 0.3203622945,
    "eps": 1.58,
    "epsdiluted": 1.57,
    "weightedAverageShsOut": 181200000,
    "weightedAverageShsOutDil": 182800000,
    "link": "https://www.sec.gov/Archives/edgar/data/4127/000000412718000032/0000004127-18-000032-index.htm",
    "finalLink": "https://www.sec.gov/Archives/edgar/data/4127/000000412718000032/q31810qjune292018.htm"
  },
  {
    "date": "2018-03-30",
    "symbol": "SWKS",
    "reportedCurrency": "USD",
    "cik": "0000004127",
    "fillingDate": "2018-05-04",
    "acceptedDate": "2018-05-04 16:03:52",
    "calendarYear": "2018",
    "period": "Q2",
    "revenue": 913400000,
    "costOfRevenue": 458800000,
    "grossProfit": 454600000,
    "grossProfitRatio": 0.4977008977,
    "researchAndDevelopmentExpenses": 106700000,
    "generalAndAdministrativeExpenses": 0,
    "sellingAndMarketingExpenses": 0,
    "sellingGeneralAndAdministrativeExpenses": 57500000,
    "otherExpenses": 0,
    "operatingExpenses": 164200000,
    "costAndExpenses": 623000000,
    "interestIncome": 0,
    "interestExpense": 0,
    "depreciationAndAmortization": 71600000,
    "ebitda": 363900000,
    "ebitdaratio": 0.3984015765,
    "operatingIncome": 290400000,
    "operatingIncomeRatio": 0.3179329976,
    "totalOtherIncomeExpensesNet": 1900000,
    "incomeBeforeTax": 292300000,
    "incomeBeforeTaxRatio": 0.3200131377,
    "incomeTaxExpense": 16300000,
    "netIncome": 276000000,
    "netIncomeRatio": 0.302167725,
    "eps": 1.51,
    "epsdiluted": 1.5,
    "weightedAverageShsOut": 182500000,
    "weightedAverageShsOutDil": 184300000,
    "link": "https://www.sec.gov/Archives/edgar/data/4127/000000412718000021/0000004127-18-000021-index.htm",
    "finalLink": "https://www.sec.gov/Archives/edgar/data/4127/000000412718000021/q21810qmar302018.htm"
  },
  {
    "date": "2017-12-29",
    "symbol": "SWKS",
    "reportedCurrency": "USD",
    "cik": "0000004127",
    "fillingDate": "2018-02-05",
    "acceptedDate": "2018-02-05 17:16:15",
    "calendarYear": "2018",
    "period": "Q1",
    "revenue": 1051900000,
    "costOfRevenue": 519100000,
    "grossProfit": 532799999,
    "grossProfitRatio": 0.5065120249,
    "researchAndDevelopmentExpenses": 98000000,
    "generalAndAdministrativeExpenses": 0,
    "sellingAndMarketingExpenses": 0,
    "sellingGeneralAndAdministrativeExpenses": 51300000,
    "otherExpenses": 0,
    "operatingExpenses": 149300000,
    "costAndExpenses": 668400000,
    "interestIncome": 0,
    "interestExpense": 0,
    "depreciationAndAmortization": 67600000,
    "ebitda": 453200000,
    "ebitdaratio": 0.4308394334,
    "operatingIncome": 383500000,
    "operatingIncomeRatio": 0.364578382,
    "totalOtherIncomeExpensesNet": 2100000,
    "incomeBeforeTax": 385600000,
    "incomeBeforeTaxRatio": 0.3665747695,
    "incomeTaxExpense": 315200000,
    "netIncome": 70400000,
    "netIncomeRatio": 0.0669265139,
    "eps": 0.38,
    "epsdiluted": 0.38,
    "weightedAverageShsOut": 183100000,
    "weightedAverageShsOutDil": 185500000,
    "link": "https://www.sec.gov/Archives/edgar/data/4127/000000412718000011/0000004127-18-000011-index.htm",
    "finalLink": "https://www.sec.gov/Archives/edgar/data/4127/000000412718000011/q11810qdecember292017.htm"
  },
  {
    "date": "2017-09-29",
    "symbol": "SWKS",
    "reportedCurrency": "USD",
    "cik": "0000004127",
    "fillingDate": "2018-01-26",
    "acceptedDate": "2018-01-26 17:15:27",
    "calendarYear": "2017",
    "period": "Q4",
    "revenue": 984600000,
    "costOfRevenue": 490700000,
    "grossProfit": 493900000,
    "grossProfitRatio": 0.5016250254,
    "researchAndDevelopmentExpenses": 91800000,
    "generalAndAdministrativeExpenses": 0,
    "sellingAndMarketingExpenses": 0,
    "sellingGeneralAndAdministrativeExpenses": 56400000,
    "otherExpenses": 0,
    "operatingExpenses": 148200000,
    "costAndExpenses": 638900000,
    "interestIncome": 0,
    "interestExpense": 0,
    "depreciationAndAmortization": 65400000,
    "ebitda": 413100000,
    "ebitdaratio": 0.4195612431,
    "operatingIncome": 345700000,
    "operatingIncomeRatio": 0.3511070485,
    "totalOtherIncomeExpensesNet": 2000000,
    "incomeBeforeTax": 347700000,
    "incomeBeforeTaxRatio": 0.3531383303,
    "incomeTaxExpense": 66400000,
    "netIncome": 281300000,
    "netIncomeRatio": 0.2856997766,
    "eps": 1.53,
    "epsdiluted": 1.51,
    "weightedAverageShsOut": 183400000,
    "weightedAverageShsOutDil": 185700000,
    "link": "https://www.sec.gov/Archives/edgar/data/4127/000000412718000004/0000004127-18-000004-index.htm",
    "finalLink": "https://www.sec.gov/Archives/edgar/data/4127/000000412718000004/fy1710-kajanuary262018.htm"
  },
  {
    "date": "2017-06-30",
    "symbol": "SWKS",
    "reportedCurrency": "USD",
    "cik": "0000004127",
    "fillingDate": "2017-07-27",
    "acceptedDate": "2017-07-27 16:10:23",
    "calendarYear": "2017",
    "period": "Q3",
    "revenue": 900800000,
    "costOfRevenue": 454300000,
    "grossProfit": 446500000,
    "grossProfitRatio": 0.4956705151,
    "researchAndDevelopmentExpenses": 92000000,
    "generalAndAdministrativeExpenses": 0,
    "sellingAndMarketingExpenses": 0,
    "sellingGeneralAndAdministrativeExpenses": 50800000,
    "otherExpenses": 0,
    "operatingExpenses": 142800000,
    "costAndExpenses": 597100000,
    "interestIncome": 0,
    "interestExpense": 0,
    "depreciationAndAmortization": 62700000,
    "ebitda": 369500000,
    "ebitdaratio": 0.4101909414,
    "operatingIncome": 303700000,
    "operatingIncomeRatio": 0.3371447602,
    "totalOtherIncomeExpensesNet": 3100000,
    "incomeBeforeTax": 306800000,
    "incomeBeforeTaxRatio": 0.3405861456,
    "incomeTaxExpense": 60600000,
    "netIncome": 246200000,
    "netIncomeRatio": 0.273312611,
    "eps": 1.34,
    "epsdiluted": 1.32,
    "weightedAverageShsOut": 184200000,
    "weightedAverageShsOutDil": 186600000,
    "link": "https://www.sec.gov/Archives/edgar/data/4127/000000412717000027/0000004127-17-000027-index.htm",
    "finalLink": "https://www.sec.gov/Archives/edgar/data/4127/000000412717000027/q31710qjun302017.htm"
  },
  {
    "date": "2017-03-31",
    "symbol": "SWKS",
    "reportedCurrency": "USD",
    "cik": "0000004127",
    "fillingDate": "2017-05-03",
    "acceptedDate": "2017-05-03 16:16:01",
    "calendarYear": "2017",
    "period": "Q2",
    "revenue": 851700000,
    "costOfRevenue": 433300000,
    "grossProfit": 418400000,
    "grossProfitRatio": 0.4912527885,
    "researchAndDevelopmentExpenses": 89400000,
    "generalAndAdministrativeExpenses": 0,
    "sellingAndMarketingExpenses": 0,
    "sellingGeneralAndAdministrativeExpenses": 47800000,
    "otherExpenses": 0,
    "operatingExpenses": 137200000,
    "costAndExpenses": 570500000,
    "interestIncome": 0,
    "interestExpense": 0,
    "depreciationAndAmortization": 62900000,
    "ebitda": 344300000,
    "ebitdaratio": 0.4042503229,
    "operatingIncome": 281200000,
    "operatingIncomeRatio": 0.330163203,
    "totalOtherIncomeExpensesNet": 200000,
    "incomeBeforeTax": 281400000,
    "incomeBeforeTaxRatio": 0.3303980275,
    "incomeTaxExpense": 56500000,
    "netIncome": 224900000,
    "netIncomeRatio": 0.2640601151,
    "eps": 1.22,
    "epsdiluted": 1.2,
    "weightedAverageShsOut": 184800000,
    "weightedAverageShsOutDil": 187100000,
    "link": "https://www.sec.gov/Archives/edgar/data/4127/000000412717000018/0000004127-17-000018-index.htm",
    "finalLink": "https://www.sec.gov/Archives/edgar/data/4127/000000412717000018/q21710qmar312017.htm"
  },
  {
    "date": "2016-12-30",
    "symbol": "SWKS",
    "reportedCurrency": "USD",
    "cik": "0000004127",
    "fillingDate": "2017-02-07",
    "acceptedDate": "2017-02-07 16:09:04",
    "calendarYear": "2017",
    "period": "Q1",
    "revenue": 914300000,
    "costOfRevenue": 458900000,
    "grossProfit": 455400000,
    "grossProfitRatio": 0.4980859674,
    "researchAndDevelopmentExpenses": 82000000,
    "generalAndAdministrativeExpenses": 0,
    "sellingAndMarketingExpenses": 0,
    "sellingGeneralAndAdministrativeExpenses": 50900000,
    "otherExpenses": 0,
    "operatingExpenses": 132900000,
    "costAndExpenses": 591800000,
    "interestIncome": 0,
    "interestExpense": 0,
    "depreciationAndAmortization": 63800000,
    "ebitda": 384900000,
    "ebitdaratio": 0.4209777972,
    "operatingIncome": 322500000,
    "operatingIncomeRatio": 0.3527288636,
    "totalOtherIncomeExpensesNet": -1400000,
    "incomeBeforeTax": 321100000,
    "incomeBeforeTaxRatio": 0.3511976375,
    "incomeTaxExpense": 63300000,
    "netIncome": 257800000,
    "netIncomeRatio": 0.2819643443,
    "eps": 1.39,
    "epsdiluted": 1.38,
    "weightedAverageShsOut": 184800000,
    "weightedAverageShsOutDil": 187300000,
    "link": "https://www.sec.gov/Archives/edgar/data/4127/000000412717000012/0000004127-17-000012-index.htm",
    "finalLink": "https://www.sec.gov/Archives/edgar/data/4127/000000412717000012/q11710qdecember302016.htm"
  },
  {
    "date": "2016-09-30",
    "symbol": "SWKS",
    "reportedCurrency": "USD",
    "cik": "0000004127",
    "fillingDate": "2016-11-22",
    "acceptedDate": "2016-11-22 16:24:26",
    "calendarYear": "2016",
    "period": "Q4",
    "revenue": 835400000,
    "costOfRevenue": 417400000,
    "grossProfit": 418000000,
    "grossProfitRatio": 0.5003591094,
    "researchAndDevelopmentExpenses": 73200000,
    "generalAndAdministrativeExpenses": 0,
    "sellingAndMarketingExpenses": 0,
    "sellingGeneralAndAdministrativeExpenses": 53300000,
    "otherExpenses": 0,
    "operatingExpenses": 126500000,
    "costAndExpenses": 543900000,
    "interestIncome": 0,
    "interestExpense": 0,
    "depreciationAndAmortization": 61200000,
    "ebitda": 352300000,
    "ebitdaratio": 0.4217141489,
    "operatingIncome": 291500000,
    "operatingIncomeRatio": 0.3489346421,
    "totalOtherIncomeExpensesNet": -400000,
    "incomeBeforeTax": 291100000,
    "incomeBeforeTaxRatio": 0.3484558295,
    "incomeTaxExpense": 44300000,
    "netIncome": 246800000,
    "netIncomeRatio": 0.2954273402,
    "eps": 1.33,
    "epsdiluted": 1.31,
    "weightedAverageShsOut": 185700000,
    "weightedAverageShsOutDil": 188800000,
    "link": "https://www.sec.gov/Archives/edgar/data/4127/000000412716000068/0000004127-16-000068-index.htm",
    "finalLink": "https://www.sec.gov/Archives/edgar/data/4127/000000412716000068/fy1610k93016.htm"
  },
  {
    "date": "2016-07-01",
    "symbol": "SWKS",
    "reportedCurrency": "USD",
    "cik": "0000004127",
    "fillingDate": "2016-08-03",
    "acceptedDate": "2016-08-03 17:16:49",
    "calendarYear": "2016",
    "period": "Q3",
    "revenue": 751700000,
    "costOfRevenue": 373400000,
    "grossProfit": 378300000,
    "grossProfitRatio": 0.503259279,
    "researchAndDevelopmentExpenses": 77900000,
    "generalAndAdministrativeExpenses": 0,
    "sellingAndMarketingExpenses": 0,
    "sellingGeneralAndAdministrativeExpenses": 46900000,
    "otherExpenses": -2400000,
    "operatingExpenses": 134800000,
    "costAndExpenses": 508200000,
    "interestIncome": 0,
    "interestExpense": 12200000,
    "depreciationAndAmortization": 10000000,
    "ebitda": 308100000,
    "ebitdaratio": 0.4098709592,
    "operatingIncome": 238600000,
    "operatingIncomeRatio": 0.3174138619,
    "totalOtherIncomeExpensesNet": -2400000,
    "incomeBeforeTax": 236200000,
    "incomeBeforeTaxRatio": 0.3142210988,
    "incomeTaxExpense": 51200000,
    "netIncome": 185000000,
    "netIncomeRatio": 0.24610882,
    "eps": 0.98,
    "epsdiluted": 0.97,
    "weightedAverageShsOut": 188700000,
    "weightedAverageShsOutDil": 191700000,
    "link": "https://www.sec.gov/Archives/edgar/data/4127/000000412716000062/0000004127-16-000062-index.htm",
    "finalLink": "https://www.sec.gov/Archives/edgar/data/4127/000000412716000062/q31610qjul12016.htm"
  },
  {
    "date": "2016-04-01",
    "symbol": "SWKS",
    "reportedCurrency": "USD",
    "cik": "0000004127",
    "fillingDate": "2016-05-04",
    "acceptedDate": "2016-05-04 16:07:50",
    "calendarYear": "2016",
    "period": "Q2",
    "revenue": 775100000,
    "costOfRevenue": 384700000,
    "grossProfit": 390400000,
    "grossProfitRatio": 0.5036769449,
    "researchAndDevelopmentExpenses": 79800000,
    "generalAndAdministrativeExpenses": 0,
    "sellingAndMarketingExpenses": 0,
    "sellingGeneralAndAdministrativeExpenses": 44000000,
    "otherExpenses": -2600000,
    "operatingExpenses": 132400000,
    "costAndExpenses": 517100000,
    "interestIncome": 0,
    "interestExpense": 3200000,
    "depreciationAndAmortization": 8600000,
    "ebitda": 320100000,
    "ebitdaratio": 0.4129789705,
    "operatingIncome": 257700000,
    "operatingIncomeRatio": 0.3324732293,
    "totalOtherIncomeExpensesNet": -2600000,
    "incomeBeforeTax": 255100000,
    "incomeBeforeTaxRatio": 0.3291188234,
    "incomeTaxExpense": 47000000,
    "netIncome": 208100000,
    "netIncomeRatio": 0.2684814863,
    "eps": 1.09,
    "epsdiluted": 1.08,
    "weightedAverageShsOut": 190200000,
    "weightedAverageShsOutDil": 193300000,
    "link": "https://www.sec.gov/Archives/edgar/data/4127/000000412716000049/0000004127-16-000049-index.htm",
    "finalLink": "https://www.sec.gov/Archives/edgar/data/4127/000000412716000049/q21610qapr12016.htm"
  },
  {
    "date": "2016-01-01",
    "symbol": "SWKS",
    "reportedCurrency": "USD",
    "cik": "0000004127",
    "fillingDate": "2016-02-03",
    "acceptedDate": "2016-02-03 16:24:47",
    "calendarYear": "2016",
    "period": "Q1",
    "revenue": 926800000,
    "costOfRevenue": 454700000,
    "grossProfit": 472100000,
    "grossProfitRatio": 0.5093871385,
    "researchAndDevelopmentExpenses": 81500000,
    "generalAndAdministrativeExpenses": 0,
    "sellingAndMarketingExpenses": 0,
    "sellingGeneralAndAdministrativeExpenses": 51700000,
    "otherExpenses": -800000,
    "operatingExpenses": 141600000,
    "costAndExpenses": 596300000,
    "interestIncome": 0,
    "interestExpense": 0,
    "depreciationAndAmortization": 8400000,
    "ebitda": 390400000,
    "ebitdaratio": 0.4212343548,
    "operatingIncome": 330500000,
    "operatingIncomeRatio": 0.3566033664,
    "totalOtherIncomeExpensesNet": 87700000,
    "incomeBeforeTax": 418200000,
    "incomeBeforeTaxRatio": 0.4512300388,
    "incomeTaxExpense": 62900000,
    "netIncome": 355300000,
    "netIncomeRatio": 0.3833621062,
    "eps": 1.87,
    "epsdiluted": 1.82,
    "weightedAverageShsOut": 190400000,
    "weightedAverageShsOutDil": 194700000,
    "link": "https://www.sec.gov/Archives/edgar/data/4127/000000412716000044/0000004127-16-000044-index.htm",
    "finalLink": "https://www.sec.gov/Archives/edgar/data/4127/000000412716000044/q11610qjanuary12016.htm"
  },
  {
    "date": "2015-10-02",
    "symbol": "SWKS",
    "reportedCurrency": "USD",
    "cik": "0000004127",
    "fillingDate": "2015-11-24",
    "acceptedDate": "2015-11-24 16:12:08",
    "calendarYear": "2015",
    "period": "Q4",
    "revenue": 880800000,
    "costOfRevenue": 444600000,
    "grossProfit": 436200000,
    "grossProfitRatio": 0.4952316076,
    "researchAndDevelopmentExpenses": 82400000,
    "generalAndAdministrativeExpenses": 0,
    "sellingAndMarketingExpenses": 0,
    "sellingGeneralAndAdministrativeExpenses": 47400000,
    "otherExpenses": -1400000,
    "operatingExpenses": 138100000,
    "costAndExpenses": 582700000,
    "interestIncome": 0,
    "interestExpense": 2400000,
    "depreciationAndAmortization": 8300000,
    "ebitda": 352300000,
    "ebitdaratio": 0.3999772934,
    "operatingIncome": 297600000,
    "operatingIncomeRatio": 0.3378746594,
    "totalOtherIncomeExpensesNet": -1400000,
    "incomeBeforeTax": 296200000,
    "incomeBeforeTaxRatio": 0.3362851953,
    "incomeTaxExpense": 67000000,
    "netIncome": 229200000,
    "netIncomeRatio": 0.2602179837,
    "eps": 1.21,
    "epsdiluted": 1.18,
    "weightedAverageShsOut": 189600000,
    "weightedAverageShsOutDil": 194800000,
    "link": "https://www.sec.gov/Archives/edgar/data/4127/000000412715000037/0000004127-15-000037-index.htm",
    "finalLink": "https://www.sec.gov/Archives/edgar/data/4127/000000412715000037/fy1510k1022015.htm"
  },
  {
    "date": "2015-07-03",
    "symbol": "SWKS",
    "reportedCurrency": "USD",
    "cik": "0000004127",
    "fillingDate": "2015-08-05",
    "acceptedDate": "2015-08-05 16:10:31",
    "calendarYear": "2015",
    "period": "Q3",
    "revenue": 810000000,
    "costOfRevenue": 416900000,
    "grossProfit": 393100000,
    "grossProfitRatio": 0.485308642,
    "researchAndDevelopmentExpenses": 76800000,
    "generalAndAdministrativeExpenses": 0,
    "sellingAndMarketingExpenses": 0,
    "sellingGeneralAndAdministrativeExpenses": 48600000,
    "otherExpenses": 600000,
    "operatingExpenses": 133800000,
    "costAndExpenses": 550700000,
    "interestIncome": 0,
    "interestExpense": 400000,
    "depreciationAndAmortization": 8400000,
    "ebitda": 309600000,
    "ebitdaratio": 0.3822222222,
    "operatingIncome": 258800000,
    "operatingIncomeRatio": 0.3195061728,
    "totalOtherIncomeExpensesNet": 600000,
    "incomeBeforeTax": 259400000,
    "incomeBeforeTaxRatio": 0.3202469136,
    "incomeTaxExpense": 52000000,
    "netIncome": 207400000,
    "netIncomeRatio": 0.2560493827,
    "eps": 1.09,
    "epsdiluted": 1.06,
    "weightedAverageShsOut": 190000000,
    "weightedAverageShsOutDil": 195400000,
    "link": "https://www.sec.gov/Archives/edgar/data/4127/000000412715000027/0000004127-15-000027-index.htm",
    "finalLink": "https://www.sec.gov/Archives/edgar/data/4127/000000412715000027/q31510qjul32015.htm"
  },
  {
    "date": "2015-04-03",
    "symbol": "SWKS",
    "reportedCurrency": "USD",
    "cik": "0000004127",
    "fillingDate": "2015-05-06",
    "acceptedDate": "2015-05-06 16:21:12",
    "calendarYear": "2015",
    "period": "Q2",
    "revenue": 762100000,
    "costOfRevenue": 409900000,
    "grossProfit": 352200000,
    "grossProfitRatio": 0.4621440756,
    "researchAndDevelopmentExpenses": 75500000,
    "generalAndAdministrativeExpenses": 0,
    "sellingAndMarketingExpenses": 0,
    "sellingGeneralAndAdministrativeExpenses": 47400000,
    "otherExpenses": 600000,
    "operatingExpenses": 131200000,
    "costAndExpenses": 541100000,
    "interestIncome": 0,
    "interestExpense": 1600000,
    "depreciationAndAmortization": 8300000,
    "ebitda": 268100000,
    "ebitdaratio": 0.3517911035,
    "operatingIncome": 219900000,
    "operatingIncomeRatio": 0.2885448104,
    "totalOtherIncomeExpensesNet": 600000,
    "incomeBeforeTax": 220500000,
    "incomeBeforeTaxRatio": 0.2893321086,
    "incomeTaxExpense": 54000000,
    "netIncome": 166500000,
    "netIncomeRatio": 0.2184752657,
    "eps": 0.88,
    "epsdiluted": 0.85,
    "weightedAverageShsOut": 189900000,
    "weightedAverageShsOutDil": 195200000,
    "link": "https://www.sec.gov/Archives/edgar/data/4127/000000412715000012/0000004127-15-000012-index.htm",
    "finalLink": "https://www.sec.gov/Archives/edgar/data/4127/000000412715000012/q21510qapr32015.htm"
  },
  {
    "date": "2015-01-02",
    "symbol": "SWKS",
    "reportedCurrency": "USD",
    "cik": "0000004127",
    "fillingDate": "2015-02-04",
    "acceptedDate": "2015-02-04 16:05:49",
    "calendarYear": "2015",
    "period": "Q1",
    "revenue": 805500000,
    "costOfRevenue": 432500000,
    "grossProfit": 373000000,
    "grossProfitRatio": 0.4630664184,
    "researchAndDevelopmentExpenses": 68500000,
    "generalAndAdministrativeExpenses": 0,
    "sellingAndMarketingExpenses": 0,
    "sellingGeneralAndAdministrativeExpenses": 47900000,
    "otherExpenses": 700000,
    "operatingExpenses": 124900000,
    "costAndExpenses": 557400000,
    "interestIncome": 0,
    "interestExpense": 1900000,
    "depreciationAndAmortization": 8500000,
    "ebitda": 292300000,
    "ebitdaratio": 0.3628801986,
    "operatingIncome": 246800000,
    "operatingIncomeRatio": 0.3063935444,
    "totalOtherIncomeExpensesNet": 700000,
    "incomeBeforeTax": 247500000,
    "incomeBeforeTaxRatio": 0.3072625698,
    "incomeTaxExpense": 52300000,
    "netIncome": 195200000,
    "netIncomeRatio": 0.2423339541,
    "eps": 1.03,
    "epsdiluted": 1.01,
    "weightedAverageShsOut": 188700000,
    "weightedAverageShsOutDil": 194200000,
    "link": "https://www.sec.gov/Archives/edgar/data/4127/000000412715000006/0000004127-15-000006-index.htm",
    "finalLink": "https://www.sec.gov/Archives/edgar/data/4127/000000412715000006/q11510qjan22015.htm"
  },
  {
    "date": "2014-10-03",
    "symbol": "SWKS",
    "reportedCurrency": "USD",
    "cik": "0000004127",
    "fillingDate": "2014-11-25",
    "acceptedDate": "2014-11-25 16:07:44",
    "calendarYear": "2014",
    "period": "Q4",
    "revenue": 718200000,
    "costOfRevenue": 394200000,
    "grossProfit": 324000000,
    "grossProfitRatio": 0.4511278195,
    "researchAndDevelopmentExpenses": 68000000,
    "generalAndAdministrativeExpenses": 0,
    "sellingAndMarketingExpenses": 0,
    "sellingGeneralAndAdministrativeExpenses": 50200000,
    "otherExpenses": 100000,
    "operatingExpenses": 125600000,
    "costAndExpenses": 519800000,
    "interestIncome": 0,
    "interestExpense": 500000,
    "depreciationAndAmortization": 7400000,
    "ebitda": 236100000,
    "ebitdaratio": 0.3287385129,
    "operatingIncome": 198100000,
    "operatingIncomeRatio": 0.27582846,
    "totalOtherIncomeExpensesNet": 100000,
    "incomeBeforeTax": 198200000,
    "incomeBeforeTaxRatio": 0.275967697,
    "incomeTaxExpense": 23300000,
    "netIncome": 174900000,
    "netIncomeRatio": 0.2435254804,
    "eps": 0.93,
    "epsdiluted": 0.9,
    "weightedAverageShsOut": 187500000,
    "weightedAverageShsOutDil": 193800000,
    "link": "https://www.sec.gov/Archives/edgar/data/4127/000000412714000046/0000004127-14-000046-index.htm",
    "finalLink": "https://www.sec.gov/Archives/edgar/data/4127/000000412714000046/fy1410k1032014.htm"
  },
  {
    "date": "2014-06-27",
    "symbol": "SWKS",
    "reportedCurrency": "USD",
    "cik": "0000004127",
    "fillingDate": "2014-07-30",
    "acceptedDate": "2014-07-30 16:11:17",
    "calendarYear": "2014",
    "period": "Q3",
    "revenue": 587000000,
    "costOfRevenue": 322800000,
    "grossProfit": 264200000,
    "grossProfitRatio": 0.4500851789,
    "researchAndDevelopmentExpenses": 64200000,
    "generalAndAdministrativeExpenses": 0,
    "sellingAndMarketingExpenses": 0,
    "sellingGeneralAndAdministrativeExpenses": 45800000,
    "otherExpenses": 5700000,
    "operatingExpenses": 115700000,
    "costAndExpenses": 438500000,
    "interestIncome": 0,
    "interestExpense": 0,
    "depreciationAndAmortization": 5700000,
    "ebitda": 148500000,
    "ebitdaratio": 0.2529812606,
    "operatingIncome": 148500000,
    "operatingIncomeRatio": 0.2529812606,
    "totalOtherIncomeExpensesNet": 0,
    "incomeBeforeTax": 148500000,
    "incomeBeforeTaxRatio": 0.2529812606,
    "incomeTaxExpense": 37100000,
    "netIncome": 111400000,
    "netIncomeRatio": 0.1897785349,
    "eps": 0.59,
    "epsdiluted": 0.58,
    "weightedAverageShsOut": 187500000,
    "weightedAverageShsOutDil": 193200000,
    "link": "https://www.sec.gov/Archives/edgar/data/4127/000000412714000034/0000004127-14-000034-index.htm",
    "finalLink": "https://www.sec.gov/Archives/edgar/data/4127/000000412714000034/q31410qjun272014.htm"
  },
  {
    "date": "2014-03-28",
    "symbol": "SWKS",
    "reportedCurrency": "USD",
    "cik": "0000004127",
    "fillingDate": "2014-05-02",
    "acceptedDate": "2014-05-02 16:05:12",
    "calendarYear": "2014",
    "period": "Q2",
    "revenue": 481000000,
    "costOfRevenue": 268600000,
    "grossProfit": 212400000,
    "grossProfitRatio": 0.4415800416,
    "researchAndDevelopmentExpenses": 61600000,
    "generalAndAdministrativeExpenses": 0,
    "sellingAndMarketingExpenses": 0,
    "sellingGeneralAndAdministrativeExpenses": 41900000,
    "otherExpenses": -100000,
    "operatingExpenses": 109800000,
    "costAndExpenses": 378400000,
    "interestIncome": 0,
    "interestExpense": 100000,
    "depreciationAndAmortization": 6300000,
    "ebitda": 102600000,
    "ebitdaratio": 0.2133056133,
    "operatingIncome": 102600000,
    "operatingIncomeRatio": 0.2133056133,
    "totalOtherIncomeExpensesNet": -100000,
    "incomeBeforeTax": 102500000,
    "incomeBeforeTaxRatio": 0.2130977131,
    "incomeTaxExpense": 25600000,
    "netIncome": 76900000,
    "netIncomeRatio": 0.1598752599,
    "eps": 0.41,
    "epsdiluted": 0.4,
    "weightedAverageShsOut": 187400000,
    "weightedAverageShsOutDil": 192200000,
    "link": "https://www.sec.gov/Archives/edgar/data/4127/000000412714000018/0000004127-14-000018-index.htm",
    "finalLink": "https://www.sec.gov/Archives/edgar/data/4127/000000412714000018/q21410qmar282014.htm"
  },
  {
    "date": "2013-12-27",
    "symbol": "SWKS",
    "reportedCurrency": "USD",
    "cik": "0000004127",
    "fillingDate": "2014-01-29",
    "acceptedDate": "2014-01-29 16:28:36",
    "calendarYear": "2014",
    "period": "Q1",
    "revenue": 505200000,
    "costOfRevenue": 283200000,
    "grossProfit": 222000000,
    "grossProfitRatio": 0.4394299287,
    "researchAndDevelopmentExpenses": 58400000,
    "generalAndAdministrativeExpenses": 0,
    "sellingAndMarketingExpenses": 0,
    "sellingGeneralAndAdministrativeExpenses": 41100000,
    "otherExpenses": 6500000,
    "operatingExpenses": 106000000,
    "costAndExpenses": 389200000,
    "interestIncome": 0,
    "interestExpense": 0,
    "depreciationAndAmortization": 6500000,
    "ebitda": 116000000,
    "ebitdaratio": 0.2296120348,
    "operatingIncome": 116000000,
    "operatingIncomeRatio": 0.2296120348,
    "totalOtherIncomeExpensesNet": 0,
    "incomeBeforeTax": 116000000,
    "incomeBeforeTaxRatio": 0.2296120348,
    "incomeTaxExpense": 21500000,
    "netIncome": 94500000,
    "netIncomeRatio": 0.1870546318,
    "eps": 0.51,
    "epsdiluted": 0.49,
    "weightedAverageShsOut": 186200000,
    "weightedAverageShsOutDil": 191200000,
    "link": "https://www.sec.gov/Archives/edgar/data/4127/000000412714000008/0000004127-14-000008-index.htm",
    "finalLink": "https://www.sec.gov/Archives/edgar/data/4127/000000412714000008/q11410qdec272013.htm"
  },
  {
    "date": "2013-09-27",
    "symbol": "SWKS",
    "reportedCurrency": "USD",
    "cik": "0000004127",
    "fillingDate": "2014-01-27",
    "acceptedDate": "2014-01-27 16:13:10",
    "calendarYear": "2013",
    "period": "Q4",
    "revenue": 477000000,
    "costOfRevenue": 267900000,
    "grossProfit": 209100000,
    "grossProfitRatio": 0.4383647799,
    "researchAndDevelopmentExpenses": 55300000,
    "generalAndAdministrativeExpenses": 0,
    "sellingAndMarketingExpenses": 0,
    "sellingGeneralAndAdministrativeExpenses": 41600000,
    "otherExpenses": 300000,
    "operatingExpenses": 103600000,
    "costAndExpenses": 371500000,
    "interestIncome": 0,
    "interestExpense": 0,
    "depreciationAndAmortization": 6700000,
    "ebitda": 112500000,
    "ebitdaratio": 0.2358490566,
    "operatingIncome": 105500000,
    "operatingIncomeRatio": 0.2211740042,
    "totalOtherIncomeExpensesNet": 300000,
    "incomeBeforeTax": 105800000,
    "incomeBeforeTaxRatio": 0.221802935,
    "incomeTaxExpense": 21600000,
    "netIncome": 84200000,
    "netIncomeRatio": 0.1765199161,
    "eps": 0.45,
    "epsdiluted": 0.44,
    "weightedAverageShsOut": 185200000,
    "weightedAverageShsOutDil": 190300000,
    "link": "https://www.sec.gov/Archives/edgar/data/4127/000000412714000006/0000004127-14-000006-index.htm",
    "finalLink": "https://www.sec.gov/Archives/edgar/data/4127/000000412714000006/fy1310-kajanuary272014.htm"
  },
  {
    "date": "2013-06-28",
    "symbol": "SWKS",
    "reportedCurrency": "USD",
    "cik": "0000004127",
    "fillingDate": "2013-07-31",
    "acceptedDate": "2013-07-31 16:01:46",
    "calendarYear": "2013",
    "period": "Q3",
    "revenue": 436100000,
    "costOfRevenue": 247900000,
    "grossProfit": 188200000,
    "grossProfitRatio": 0.4315523962,
    "researchAndDevelopmentExpenses": 56600000,
    "generalAndAdministrativeExpenses": 0,
    "sellingAndMarketingExpenses": 0,
    "sellingGeneralAndAdministrativeExpenses": 40300000,
    "otherExpenses": 200000,
    "operatingExpenses": 103900000,
    "costAndExpenses": 351800000,
    "interestIncome": 0,
    "interestExpense": 0,
    "depreciationAndAmortization": 7000000,
    "ebitda": 84300000,
    "ebitdaratio": 0.193304288,
    "operatingIncome": 84300000,
    "operatingIncomeRatio": 0.193304288,
    "totalOtherIncomeExpensesNet": 200000,
    "incomeBeforeTax": 84500000,
    "incomeBeforeTaxRatio": 0.1937628984,
    "incomeTaxExpense": 18800000,
    "netIncome": 65700000,
    "netIncomeRatio": 0.1506535198,
    "eps": 0.35,
    "epsdiluted": 0.34,
    "weightedAverageShsOut": 186600000,
    "weightedAverageShsOutDil": 191200000,
    "link": "https://www.sec.gov/Archives/edgar/data/4127/000000412713000034/0000004127-13-000034-index.htm",
    "finalLink": "https://www.sec.gov/Archives/edgar/data/4127/000000412713000034/q31310qjun282013.htm"
  },
  {
    "date": "2013-03-29",
    "symbol": "SWKS",
    "reportedCurrency": "USD",
    "cik": "0000004127",
    "fillingDate": "2013-05-01",
    "acceptedDate": "2013-05-01 16:12:45",
    "calendarYear": "2013",
    "period": "Q2",
    "revenue": 425200000,
    "costOfRevenue": 248500000,
    "grossProfit": 176700000,
    "grossProfitRatio": 0.4155691439,
    "researchAndDevelopmentExpenses": 56300000,
    "generalAndAdministrativeExpenses": 0,
    "sellingAndMarketingExpenses": 0,
    "sellingGeneralAndAdministrativeExpenses": 39700000,
    "otherExpenses": -1400000,
    "operatingExpenses": 103200000,
    "costAndExpenses": 351700000,
    "interestIncome": 0,
    "interestExpense": 4800000,
    "depreciationAndAmortization": 7200000,
    "ebitda": 99200000,
    "ebitdaratio": 0.2333019755,
    "operatingIncome": 68700000,
    "operatingIncomeRatio": 0.1615710254,
    "totalOtherIncomeExpensesNet": -1400000,
    "incomeBeforeTax": 67300000,
    "incomeBeforeTaxRatio": 0.1582784572,
    "incomeTaxExpense": 5600000,
    "netIncome": 61700000,
    "netIncomeRatio": 0.1451081844,
    "eps": 0.33,
    "epsdiluted": 0.32,
    "weightedAverageShsOut": 188700000,
    "weightedAverageShsOutDil": 193100000,
    "link": "https://www.sec.gov/Archives/edgar/data/4127/000000412713000019/0000004127-13-000019-index.htm",
    "finalLink": "https://www.sec.gov/Archives/edgar/data/4127/000000412713000019/q21310qmar292013.htm"
  },
  {
    "date": "2012-12-28",
    "symbol": "SWKS",
    "reportedCurrency": "USD",
    "cik": "0000004127",
    "fillingDate": "2013-01-31",
    "acceptedDate": "2013-01-31 16:53:19",
    "calendarYear": "2013",
    "period": "Q1",
    "revenue": 453723000,
    "costOfRevenue": 261158000,
    "grossProfit": 192565000,
    "grossProfitRatio": 0.4244109291,
    "researchAndDevelopmentExpenses": 58054000,
    "generalAndAdministrativeExpenses": 0,
    "sellingAndMarketingExpenses": 0,
    "sellingGeneralAndAdministrativeExpenses": 38128000,
    "otherExpenses": 270000,
    "operatingExpenses": 104338000,
    "costAndExpenses": 365496000,
    "interestIncome": 0,
    "interestExpense": 11000,
    "depreciationAndAmortization": 8156000,
    "ebitda": 114900000,
    "ebitdaratio": 0.2532382092,
    "operatingIncome": 86583000,
    "operatingIncomeRatio": 0.190827884,
    "totalOtherIncomeExpensesNet": 242000,
    "incomeBeforeTax": 86842000,
    "incomeBeforeTaxRatio": 0.1913987168,
    "incomeTaxExpense": 20349000,
    "netIncome": 66493000,
    "netIncomeRatio": 0.1465497671,
    "eps": 0.35,
    "epsdiluted": 0.34,
    "weightedAverageShsOut": 189377000,
    "weightedAverageShsOutDil": 194001000,
    "link": "https://www.sec.gov/Archives/edgar/data/4127/000000412713000006/0000004127-13-000006-index.htm",
    "finalLink": "https://www.sec.gov/Archives/edgar/data/4127/000000412713000006/q11310qdec282012.htm"
  },
  {
    "date": "2012-09-28",
    "symbol": "SWKS",
    "reportedCurrency": "USD",
    "cik": "0000004127",
    "fillingDate": "2013-01-28",
    "acceptedDate": "2013-01-28 16:28:17",
    "calendarYear": "2012",
    "period": "Q4",
    "revenue": 421113000,
    "costOfRevenue": 243440000,
    "grossProfit": 177673000,
    "grossProfitRatio": 0.4219128832,
    "researchAndDevelopmentExpenses": 56557000,
    "generalAndAdministrativeExpenses": 0,
    "sellingAndMarketingExpenses": 0,
    "sellingGeneralAndAdministrativeExpenses": 37824000,
    "otherExpenses": -15000,
    "operatingExpenses": 102865000,
    "costAndExpenses": 346305000,
    "interestIncome": 0,
    "interestExpense": 69000,
    "depreciationAndAmortization": 8484000,
    "ebitda": 83277000,
    "ebitdaratio": 0.1977545219,
    "operatingIncome": 74808000,
    "operatingIncomeRatio": 0.1776435304,
    "totalOtherIncomeExpensesNet": -84000,
    "incomeBeforeTax": 74724000,
    "incomeBeforeTaxRatio": 0.177444059,
    "incomeTaxExpense": 13122000,
    "netIncome": 61602000,
    "netIncomeRatio": 0.1462837766,
    "eps": 0.33,
    "epsdiluted": 0.32,
    "weightedAverageShsOut": 187926000,
    "weightedAverageShsOutDil": 194229000,
    "link": "https://www.sec.gov/Archives/edgar/data/4127/000000412713000002/0000004127-13-000002-index.htm",
    "finalLink": "https://www.sec.gov/Archives/edgar/data/4127/000000412713000002/fy1210-kajanuary2013.htm"
  },
  {
    "date": "2012-06-29",
    "symbol": "SWKS",
    "reportedCurrency": "USD",
    "cik": "0000004127",
    "fillingDate": "2012-08-01",
    "acceptedDate": "2012-08-01 16:52:58",
    "calendarYear": "2012",
    "period": "Q3",
    "revenue": 389038000,
    "costOfRevenue": 223736000,
    "grossProfit": 165302000,
    "grossProfitRatio": 0.4248993672,
    "researchAndDevelopmentExpenses": 56050000,
    "generalAndAdministrativeExpenses": 0,
    "sellingAndMarketingExpenses": 0,
    "sellingGeneralAndAdministrativeExpenses": 37463000,
    "otherExpenses": 8608000,
    "operatingExpenses": 102121000,
    "costAndExpenses": 325857000,
    "interestIncome": 0,
    "interestExpense": 10000,
    "depreciationAndAmortization": 8608000,
    "ebitda": 71789000,
    "ebitdaratio": 0.1845295318,
    "operatingIncome": 62044000,
    "operatingIncomeRatio": 0.1594805649,
    "totalOtherIncomeExpensesNet": 86000,
    "incomeBeforeTax": 62130000,
    "incomeBeforeTaxRatio": 0.159701623,
    "incomeTaxExpense": 12813000,
    "netIncome": 49317000,
    "netIncomeRatio": 0.1267665369,
    "eps": 0.26,
    "epsdiluted": 0.26,
    "weightedAverageShsOut": 186269000,
    "weightedAverageShsOutDil": 192457000,
    "link": "https://www.sec.gov/Archives/edgar/data/4127/000000412712000028/0000004127-12-000028-index.htm",
    "finalLink": "https://www.sec.gov/Archives/edgar/data/4127/000000412712000028/q31210qjune292012.htm"
  },
  {
    "date": "2012-03-30",
    "symbol": "SWKS",
    "reportedCurrency": "USD",
    "cik": "0000004127",
    "fillingDate": "2012-05-08",
    "acceptedDate": "2012-05-08 16:38:50",
    "calendarYear": "2012",
    "period": "Q2",
    "revenue": 364690000,
    "costOfRevenue": 212418000,
    "grossProfit": 152272000,
    "grossProfitRatio": 0.4175381831,
    "researchAndDevelopmentExpenses": 52986000,
    "generalAndAdministrativeExpenses": 0,
    "sellingAndMarketingExpenses": 0,
    "sellingGeneralAndAdministrativeExpenses": 40237000,
    "otherExpenses": 9340000,
    "operatingExpenses": 102563000,
    "costAndExpenses": 314981000,
    "interestIncome": 0,
    "interestExpense": 107000,
    "depreciationAndAmortization": 9340000,
    "ebitda": 59049000,
    "ebitdaratio": 0.1619155996,
    "operatingIncome": 43814000,
    "operatingIncomeRatio": 0.1201403932,
    "totalOtherIncomeExpensesNet": -414000,
    "incomeBeforeTax": 43460000,
    "incomeBeforeTaxRatio": 0.1191697058,
    "incomeTaxExpense": 9427000,
    "netIncome": 34033000,
    "netIncomeRatio": 0.0933203543,
    "eps": 0.18,
    "epsdiluted": 0.18,
    "weightedAverageShsOut": 185206000,
    "weightedAverageShsOutDil": 191016000,
    "link": "https://www.sec.gov/Archives/edgar/data/4127/000000412712000021/0000004127-12-000021-index.htm",
    "finalLink": "https://www.sec.gov/Archives/edgar/data/4127/000000412712000021/q21210qmarch302012.htm"
  },
  {
    "date": "2011-12-30",
    "symbol": "SWKS",
    "reportedCurrency": "USD",
    "cik": "0000004127",
    "fillingDate": "2012-02-07",
    "acceptedDate": "2012-02-07 16:54:50",
    "calendarYear": "2012",
    "period": "Q1",
    "revenue": 393740000,
    "costOfRevenue": 221890000,
    "grossProfit": 171850000,
    "grossProfitRatio": 0.436455529,
    "researchAndDevelopmentExpenses": 46941000,
    "generalAndAdministrativeExpenses": 0,
    "sellingAndMarketingExpenses": 0,
    "sellingGeneralAndAdministrativeExpenses": 42909000,
    "otherExpenses": 6312000,
    "operatingExpenses": 96162000,
    "costAndExpenses": 318052000,
    "interestIncome": 0,
    "interestExpense": 481000,
    "depreciationAndAmortization": 6312000,
    "ebitda": 82000000,
    "ebitdaratio": 0.2082592574,
    "operatingIncome": 74968000,
    "operatingIncomeRatio": 0.1903997562,
    "totalOtherIncomeExpensesNet": -306000,
    "incomeBeforeTax": 74662000,
    "incomeBeforeTaxRatio": 0.1896225936,
    "incomeTaxExpense": 17536000,
    "netIncome": 57126000,
    "netIncomeRatio": 0.1450855895,
    "eps": 0.31,
    "epsdiluted": 0.3,
    "weightedAverageShsOut": 183956000,
    "weightedAverageShsOutDil": 189682000,
    "link": "https://www.sec.gov/Archives/edgar/data/4127/000000412712000010/0000004127-12-000010-index.htm",
    "finalLink": "https://www.sec.gov/Archives/edgar/data/4127/000000412712000010/swks1230201110q.htm"
  },
  {
    "date": "2011-09-30",
    "symbol": "SWKS",
    "reportedCurrency": "USD",
    "cik": "0000004127",
    "fillingDate": "2012-01-30",
    "acceptedDate": "2012-01-30 17:03:32",
    "calendarYear": "2011",
    "period": "Q4",
    "revenue": 402316000,
    "costOfRevenue": 227756000,
    "grossProfit": 174560000,
    "grossProfitRatio": 0.4338877897,
    "researchAndDevelopmentExpenses": 47409000,
    "generalAndAdministrativeExpenses": 0,
    "sellingAndMarketingExpenses": 0,
    "sellingGeneralAndAdministrativeExpenses": 39071000,
    "otherExpenses": 9496000,
    "operatingExpenses": 95976000,
    "costAndExpenses": 323732000,
    "interestIncome": 0,
    "interestExpense": 473000,
    "depreciationAndAmortization": 9496000,
    "ebitda": 104543000,
    "ebitdaratio": 0.2598529514,
    "operatingIncome": 77696000,
    "operatingIncomeRatio": 0.1931218246,
    "totalOtherIncomeExpensesNet": 210000,
    "incomeBeforeTax": 77906000,
    "incomeBeforeTaxRatio": 0.1936438024,
    "incomeTaxExpense": 13697000,
    "netIncome": 64209000,
    "netIncomeRatio": 0.1595984251,
    "eps": 0.35,
    "epsdiluted": 0.34,
    "weightedAverageShsOut": 183591000,
    "weightedAverageShsOutDil": 190786000,
    "link": "https://www.sec.gov/Archives/edgar/data/4127/000000412712000008/0000004127-12-000008-index.htm",
    "finalLink": "https://www.sec.gov/Archives/edgar/data/4127/000000412712000008/a10-kajanuary302012.htm"
  },
  {
    "date": "2011-07-01",
    "symbol": "SWKS",
    "reportedCurrency": "USD",
    "cik": "0000004127",
    "fillingDate": "2011-08-09",
    "acceptedDate": "2011-08-09 16:13:19",
    "calendarYear": "2011",
    "period": "Q3",
    "revenue": 356075000,
    "costOfRevenue": 199850000,
    "grossProfit": 156225000,
    "grossProfitRatio": 0.4387418381,
    "researchAndDevelopmentExpenses": 43067000,
    "generalAndAdministrativeExpenses": 0,
    "sellingAndMarketingExpenses": 0,
    "sellingGeneralAndAdministrativeExpenses": 35451000,
    "otherExpenses": 4006000,
    "operatingExpenses": 82524000,
    "costAndExpenses": 282374000,
    "interestIncome": 0,
    "interestExpense": 465000,
    "depreciationAndAmortization": 4006000,
    "ebitda": 77707000,
    "ebitdaratio": 0.218232114,
    "operatingIncome": 72226000,
    "operatingIncomeRatio": 0.2028392895,
    "totalOtherIncomeExpensesNet": -467000,
    "incomeBeforeTax": 71759000,
    "incomeBeforeTaxRatio": 0.201527768,
    "incomeTaxExpense": 20211000,
    "netIncome": 51548000,
    "netIncomeRatio": 0.1447672541,
    "eps": 0.28,
    "epsdiluted": 0.27,
    "weightedAverageShsOut": 183750000,
    "weightedAverageShsOutDil": 191380000,
    "link": "https://www.sec.gov/Archives/edgar/data/4127/000119312511216494/0001193125-11-216494-index.htm",
    "finalLink": "https://www.sec.gov/Archives/edgar/data/4127/000119312511216494/d10q.htm"
  },
  {
    "date": "2011-04-01",
    "symbol": "SWKS",
    "reportedCurrency": "USD",
    "cik": "0000004127",
    "fillingDate": "2011-05-11",
    "acceptedDate": "2011-05-11 15:37:07",
    "calendarYear": "2011",
    "period": "Q2",
    "revenue": 325411000,
    "costOfRevenue": 184430000,
    "grossProfit": 140981000,
    "grossProfitRatio": 0.4332398106,
    "researchAndDevelopmentExpenses": 39618000,
    "generalAndAdministrativeExpenses": 0,
    "sellingAndMarketingExpenses": 0,
    "sellingGeneralAndAdministrativeExpenses": 31665000,
    "otherExpenses": 1638000,
    "operatingExpenses": 72921000,
    "costAndExpenses": 257351000,
    "interestIncome": 0,
    "interestExpense": 461000,
    "depreciationAndAmortization": 1638000,
    "ebitda": 84582000,
    "ebitdaratio": 0.2599236043,
    "operatingIncome": 68060000,
    "operatingIncomeRatio": 0.2091508892,
    "totalOtherIncomeExpensesNet": -575000,
    "incomeBeforeTax": 67485000,
    "incomeBeforeTaxRatio": 0.207383893,
    "incomeTaxExpense": 17525000,
    "netIncome": 49960000,
    "netIncomeRatio": 0.1535289219,
    "eps": 0.27,
    "epsdiluted": 0.26,
    "weightedAverageShsOut": 183471000,
    "weightedAverageShsOutDil": 191961000,
    "link": "https://www.sec.gov/Archives/edgar/data/4127/000095012311048857/0000950123-11-048857-index.htm",
    "finalLink": "https://www.sec.gov/Archives/edgar/data/4127/000095012311048857/a58326e10vq.htm"
  },
  {
    "date": "2010-12-31",
    "symbol": "SWKS",
    "reportedCurrency": "USD",
    "cik": "0000004127",
    "fillingDate": "2011-02-08",
    "acceptedDate": "2011-02-08 16:57:45",
    "calendarYear": "2011",
    "period": "Q1",
    "revenue": 335120000,
    "costOfRevenue": 186582000,
    "grossProfit": 148538000,
    "grossProfitRatio": 0.443238243,
    "researchAndDevelopmentExpenses": 38543000,
    "generalAndAdministrativeExpenses": 0,
    "sellingAndMarketingExpenses": 0,
    "sellingGeneralAndAdministrativeExpenses": 31051000,
    "otherExpenses": 1602000,
    "operatingExpenses": 71196000,
    "costAndExpenses": 257778000,
    "interestIncome": 0,
    "interestExpense": 537000,
    "depreciationAndAmortization": 1602000,
    "ebitda": 78875000,
    "ebitdaratio": 0.2353634519,
    "operatingIncome": 77342000,
    "operatingIncomeRatio": 0.2307889711,
    "totalOtherIncomeExpensesNet": -606000,
    "incomeBeforeTax": 76736000,
    "incomeBeforeTaxRatio": 0.2289806636,
    "incomeTaxExpense": 15868000,
    "netIncome": 60868000,
    "netIncomeRatio": 0.1816304607,
    "eps": 0.34,
    "epsdiluted": 0.32,
    "weightedAverageShsOut": 180706000,
    "weightedAverageShsOutDil": 188541000,
    "link": "https://www.sec.gov/Archives/edgar/data/4127/000095012311010342/0000950123-11-010342-index.htm",
    "finalLink": "https://www.sec.gov/Archives/edgar/data/4127/000095012311010342/a57989e10vq.htm"
  },
  {
    "date": "2010-10-01",
    "symbol": "SWKS",
    "reportedCurrency": "USD",
    "cik": "0000004127",
    "fillingDate": "2011-01-31",
    "acceptedDate": "2011-01-31 17:04:22",
    "calendarYear": "2010",
    "period": "Q4",
    "revenue": 313283000,
    "costOfRevenue": 177124000,
    "grossProfit": 136159000,
    "grossProfitRatio": 0.4346198166,
    "researchAndDevelopmentExpenses": 35409000,
    "generalAndAdministrativeExpenses": 0,
    "sellingAndMarketingExpenses": 0,
    "sellingGeneralAndAdministrativeExpenses": 33689000,
    "otherExpenses": 1634000,
    "operatingExpenses": 70732000,
    "costAndExpenses": 247856000,
    "interestIncome": 0,
    "interestExpense": 627000,
    "depreciationAndAmortization": 14052000,
    "ebitda": 79434000,
    "ebitdaratio": 0.2535534964,
    "operatingIncome": 65427000,
    "operatingIncomeRatio": 0.2088431227,
    "totalOtherIncomeExpensesNet": -672000,
    "incomeBeforeTax": 64755000,
    "incomeBeforeTaxRatio": 0.2066980972,
    "incomeTaxExpense": 17951000,
    "netIncome": 46804000,
    "netIncomeRatio": 0.1493984672,
    "eps": 0.26,
    "epsdiluted": 0.25,
    "weightedAverageShsOut": 180706000,
    "weightedAverageShsOutDil": 188541000,
    "link": "https://www.sec.gov/Archives/edgar/data/4127/000095012311007361/0000950123-11-007361-index.htm",
    "finalLink": "https://www.sec.gov/Archives/edgar/data/4127/000095012311007361/a58459e10vkza.htm"
  },
  {
    "date": "2010-07-02",
    "symbol": "SWKS",
    "reportedCurrency": "USD",
    "cik": "0000004127",
    "fillingDate": "2010-08-10",
    "acceptedDate": "2010-08-10 16:19:30",
    "calendarYear": "2010",
    "period": "Q3",
    "revenue": 275370000,
    "costOfRevenue": 157104000,
    "grossProfit": 118266000,
    "grossProfitRatio": 0.4294803355,
    "researchAndDevelopmentExpenses": 34882000,
    "generalAndAdministrativeExpenses": 0,
    "sellingAndMarketingExpenses": 0,
    "sellingGeneralAndAdministrativeExpenses": 29451000,
    "otherExpenses": 1501000,
    "operatingExpenses": 65834000,
    "costAndExpenses": 222938000,
    "interestIncome": 0,
    "interestExpense": 867000,
    "depreciationAndAmortization": 1501000,
    "ebitda": 66942000,
    "ebitdaratio": 0.2430983767,
    "operatingIncome": 53472000,
    "operatingIncomeRatio": 0.1941823728,
    "totalOtherIncomeExpensesNet": -803000,
    "incomeBeforeTax": 52669000,
    "incomeBeforeTaxRatio": 0.1912662963,
    "incomeTaxExpense": 17933000,
    "netIncome": 34736000,
    "netIncomeRatio": 0.1261430076,
    "eps": 0.2,
    "epsdiluted": 0.19,
    "weightedAverageShsOut": 175495000,
    "weightedAverageShsOutDil": 183889000,
    "link": "https://www.sec.gov/Archives/edgar/data/4127/000095012310075643/0000950123-10-075643-index.htm",
    "finalLink": "https://www.sec.gov/Archives/edgar/data/4127/000095012310075643/a56124e10vq.htm"
  },
  {
    "date": "2010-04-02",
    "symbol": "SWKS",
    "reportedCurrency": "USD",
    "cik": "0000004127",
    "fillingDate": "2010-05-11",
    "acceptedDate": "2010-05-11 16:30:28",
    "calendarYear": "2010",
    "period": "Q2",
    "revenue": 238058000,
    "costOfRevenue": 138204000,
    "grossProfit": 99854000,
    "grossProfitRatio": 0.4194524024,
    "researchAndDevelopmentExpenses": 32060000,
    "generalAndAdministrativeExpenses": 0,
    "sellingAndMarketingExpenses": 0,
    "sellingGeneralAndAdministrativeExpenses": 27982000,
    "otherExpenses": 1500000,
    "operatingExpenses": 61542000,
    "costAndExpenses": 199746000,
    "interestIncome": 0,
    "interestExpense": 1183000,
    "depreciationAndAmortization": 1500000,
    "ebitda": 50911000,
    "ebitdaratio": 0.2138596476,
    "operatingIncome": 38312000,
    "operatingIncomeRatio": 0.1609355703,
    "totalOtherIncomeExpensesNet": -1464000,
    "incomeBeforeTax": 36848000,
    "incomeBeforeTaxRatio": 0.1547858085,
    "incomeTaxExpense": 9104000,
    "netIncome": 27744000,
    "netIncomeRatio": 0.1165430273,
    "eps": 0.16,
    "epsdiluted": 0.15,
    "weightedAverageShsOut": 174449000,
    "weightedAverageShsOutDil": 182924000,
    "link": "https://www.sec.gov/Archives/edgar/data/4127/000095012310047885/0000950123-10-047885-index.htm",
    "finalLink": "https://www.sec.gov/Archives/edgar/data/4127/000095012310047885/a56032e10vq.htm"
  },
  {
    "date": "2010-01-01",
    "symbol": "SWKS",
    "reportedCurrency": "USD",
    "cik": "0000004127",
    "fillingDate": "2010-02-09",
    "acceptedDate": "2010-02-09 16:37:35",
    "calendarYear": "2010",
    "period": "Q1",
    "revenue": 245138000,
    "costOfRevenue": 142584000,
    "grossProfit": 102554000,
    "grossProfitRatio": 0.4183521119,
    "researchAndDevelopmentExpenses": 31789000,
    "generalAndAdministrativeExpenses": 0,
    "sellingAndMarketingExpenses": 0,
    "sellingGeneralAndAdministrativeExpenses": 26731000,
    "otherExpenses": 1501000,
    "operatingExpenses": 60021000,
    "costAndExpenses": 202605000,
    "interestIncome": 0,
    "interestExpense": 1569000,
    "depreciationAndAmortization": 1501000,
    "ebitda": 44034000,
    "ebitdaratio": 0.1796294332,
    "operatingIncome": 42533000,
    "operatingIncomeRatio": 0.1735063515,
    "totalOtherIncomeExpensesNet": -1731000,
    "incomeBeforeTax": 40802000,
    "incomeBeforeTaxRatio": 0.1664450228,
    "incomeTaxExpense": 12792000,
    "netIncome": 28010000,
    "netIncomeRatio": 0.1142621707,
    "eps": 0.16,
    "epsdiluted": 0.16,
    "weightedAverageShsOut": 172717000,
    "weightedAverageShsOutDil": 179404000,
    "link": "https://www.sec.gov/Archives/edgar/data/4127/000095012310010467/0000950123-10-010467-index.htm",
    "finalLink": "https://www.sec.gov/Archives/edgar/data/4127/000095012310010467/a55061e10vq.htm"
  },
  {
    "date": "2009-10-02",
    "symbol": "SWKS",
    "reportedCurrency": "USD",
    "cik": "0000004127",
    "fillingDate": "2009-11-30",
    "acceptedDate": "2009-11-30 17:14:41",
    "calendarYear": "2009",
    "period": "Q4",
    "revenue": 228146000,
    "costOfRevenue": 135618000,
    "grossProfit": 92528000,
    "grossProfitRatio": 0.4055648576,
    "researchAndDevelopmentExpenses": 31090000,
    "generalAndAdministrativeExpenses": 0,
    "sellingAndMarketingExpenses": 0,
    "sellingGeneralAndAdministrativeExpenses": 26311000,
    "otherExpenses": 2175000,
    "operatingExpenses": 59576000,
    "costAndExpenses": 195194000,
    "interestIncome": 0,
    "interestExpense": 807000,
    "depreciationAndAmortization": 12597000,
    "ebitda": 39844000,
    "ebitdaratio": 0.1746425535,
    "operatingIncome": 32952000,
    "operatingIncomeRatio": 0.1444338275,
    "totalOtherIncomeExpensesNet": -6512000,
    "incomeBeforeTax": 26440000,
    "incomeBeforeTaxRatio": 0.1158907016,
    "incomeTaxExpense": -29565000,
    "netIncome": 56005000,
    "netIncomeRatio": 0.2454787724,
    "eps": 0.34,
    "epsdiluted": 0.32,
    "weightedAverageShsOut": 172717000,
    "weightedAverageShsOutDil": 179404000,
    "link": "https://www.sec.gov/Archives/edgar/data/4127/000095012309066947/0000950123-09-066947-index.htm",
    "finalLink": "https://www.sec.gov/Archives/edgar/data/4127/000095012309066947/a54461e10vk.htm"
  },
  {
    "date": "2009-07-03",
    "symbol": "SWKS",
    "reportedCurrency": "USD",
    "cik": "0000004127",
    "fillingDate": "2009-08-11",
    "acceptedDate": "2009-08-11 17:02:24",
    "calendarYear": "2009",
    "period": "Q3",
    "revenue": 191213000,
    "costOfRevenue": 114263000,
    "grossProfit": 76950000,
    "grossProfitRatio": 0.4024307971,
    "researchAndDevelopmentExpenses": 29666000,
    "generalAndAdministrativeExpenses": 0,
    "sellingAndMarketingExpenses": 0,
    "sellingGeneralAndAdministrativeExpenses": 24215000,
    "otherExpenses": 1548000,
    "operatingExpenses": 55429000,
    "costAndExpenses": 169692000,
    "interestIncome": 0,
    "interestExpense": 890000,
    "depreciationAndAmortization": 1548000,
    "ebitda": 34213000,
    "ebitdaratio": 0.178926119,
    "operatingIncome": 21521000,
    "operatingIncomeRatio": 0.1125498789,
    "totalOtherIncomeExpensesNet": -922000,
    "incomeBeforeTax": 20599000,
    "incomeBeforeTaxRatio": 0.107728031,
    "incomeTaxExpense": 750000,
    "netIncome": 19849000,
    "netIncomeRatio": 0.1038057036,
    "eps": 0.12,
    "epsdiluted": 0.12,
    "weightedAverageShsOut": 167062000,
    "weightedAverageShsOutDil": 169525000,
    "link": "https://www.sec.gov/Archives/edgar/data/4127/000095012309033585/0000950123-09-033585-index.htm",
    "finalLink": "https://www.sec.gov/Archives/edgar/data/4127/000095012309033585/a53416e10vq.htm"
  },
  {
    "date": "2009-04-03",
    "symbol": "SWKS",
    "reportedCurrency": "USD",
    "cik": "0000004127",
    "fillingDate": "2009-05-13",
    "acceptedDate": "2009-05-13 17:25:56",
    "calendarYear": "2009",
    "period": "Q2",
    "revenue": 172990000,
    "costOfRevenue": 108115000,
    "grossProfit": 64875000,
    "grossProfitRatio": 0.3750216776,
    "researchAndDevelopmentExpenses": 28596000,
    "generalAndAdministrativeExpenses": 0,
    "sellingAndMarketingExpenses": 0,
    "sellingGeneralAndAdministrativeExpenses": 22794000,
    "otherExpenses": 1246000,
    "operatingExpenses": 52636000,
    "costAndExpenses": 160751000,
    "interestIncome": 0,
    "interestExpense": 808000,
    "depreciationAndAmortization": 12850000,
    "ebitda": 9094000,
    "ebitdaratio": 0.0525695127,
    "operatingIncome": -3743000,
    "operatingIncomeRatio": -0.0216370888,
    "totalOtherIncomeExpensesNet": -1910000,
    "incomeBeforeTax": -4564000,
    "incomeBeforeTaxRatio": -0.0263830279,
    "incomeTaxExpense": 25000,
    "netIncome": -4589000,
    "netIncomeRatio": -0.0265275449,
    "eps": -0.0276,
    "epsdiluted": -0.0276,
    "weightedAverageShsOut": 165997000,
    "weightedAverageShsOutDil": 165997000,
    "link": "https://www.sec.gov/Archives/edgar/data/4127/000095013409010567/0000950134-09-010567-index.htm",
    "finalLink": "https://www.sec.gov/Archives/edgar/data/4127/000095013409010567/a52495e10vq.htm"
  },
  {
    "date": "2009-01-02",
    "symbol": "SWKS",
    "reportedCurrency": "USD",
    "cik": "0000004127",
    "fillingDate": "2009-02-11",
    "acceptedDate": "2009-02-11 17:18:20",
    "calendarYear": "2009",
    "period": "Q1",
    "revenue": 210228000,
    "costOfRevenue": 126361000,
    "grossProfit": 83867000,
    "grossProfitRatio": 0.3989335388,
    "researchAndDevelopmentExpenses": 34644000,
    "generalAndAdministrativeExpenses": 0,
    "sellingAndMarketingExpenses": 0,
    "sellingGeneralAndAdministrativeExpenses": 27101000,
    "otherExpenses": 1149000,
    "operatingExpenses": 62894000,
    "costAndExpenses": 189255000,
    "interestIncome": 0,
    "interestExpense": 2456000,
    "depreciationAndAmortization": 12360000,
    "ebitda": 29896000,
    "ebitdaratio": 0.142207508,
    "operatingIncome": 20973000,
    "operatingIncomeRatio": 0.0997631143,
    "totalOtherIncomeExpensesNet": 2298000,
    "incomeBeforeTax": 23271000,
    "incomeBeforeTaxRatio": 0.1106941035,
    "incomeTaxExpense": 1247000,
    "netIncome": 22024000,
    "netIncomeRatio": 0.1047624484,
    "eps": 0.14,
    "epsdiluted": 0.14,
    "weightedAverageShsOut": 164855000,
    "weightedAverageShsOutDil": 165188000,
    "link": "https://www.sec.gov/Archives/edgar/data/4127/000089256909000066/0000892569-09-000066-index.htm",
    "finalLink": "https://www.sec.gov/Archives/edgar/data/4127/000089256909000066/a51295e10vq.htm"
  },
  {
    "date": "2008-10-03",
    "symbol": "SWKS",
    "reportedCurrency": "USD",
    "cik": "0000004127",
    "fillingDate": "2008-12-02",
    "acceptedDate": "2008-12-02 17:21:28",
    "calendarYear": "2008",
    "period": "Q4",
    "revenue": 232566000,
    "costOfRevenue": 138742000,
    "grossProfit": 93824000,
    "grossProfitRatio": 0.4034295641,
    "researchAndDevelopmentExpenses": 38777000,
    "generalAndAdministrativeExpenses": 0,
    "sellingAndMarketingExpenses": 0,
    "sellingGeneralAndAdministrativeExpenses": 25399000,
    "otherExpenses": 1101000,
    "operatingExpenses": 65277000,
    "costAndExpenses": 204019000,
    "interestIncome": 0,
    "interestExpense": 14529000,
    "depreciationAndAmortization": 13110000,
    "ebitda": 41657000,
    "ebitdaratio": 0.1791190458,
    "operatingIncome": 27980000,
    "operatingIncomeRatio": 0.1203099335,
    "totalOtherIncomeExpensesNet": -7545000,
    "incomeBeforeTax": 20435000,
    "incomeBeforeTaxRatio": 0.0878675301,
    "incomeTaxExpense": -34354000,
    "netIncome": 54789000,
    "netIncomeRatio": 0.2355847372,
    "eps": 0.33,
    "epsdiluted": 0.33,
    "weightedAverageShsOut": 164855000,
    "weightedAverageShsOutDil": 165188000,
    "link": "https://www.sec.gov/Archives/edgar/data/4127/000089256908001542/0000892569-08-001542-index.htm",
    "finalLink": "https://www.sec.gov/Archives/edgar/data/4127/000089256908001542/a50645e10vk.htm"
  },
  {
    "date": "2008-07-27",
    "symbol": "SWKS",
    "reportedCurrency": "USD",
    "cik": "0000004127",
    "fillingDate": "2008-08-06",
    "acceptedDate": "2008-08-06 13:16:25",
    "calendarYear": "2008",
    "period": "Q3",
    "revenue": 215210000,
    "costOfRevenue": 128776000,
    "grossProfit": 86434000,
    "grossProfitRatio": 0.4016263185,
    "researchAndDevelopmentExpenses": 36561000,
    "generalAndAdministrativeExpenses": 0,
    "sellingAndMarketingExpenses": 0,
    "sellingGeneralAndAdministrativeExpenses": 25975000,
    "otherExpenses": 1101000,
    "operatingExpenses": 63637000,
    "costAndExpenses": 192413000,
    "interestIncome": 0,
    "interestExpense": 0,
    "depreciationAndAmortization": 13291000,
    "ebitda": 22797000,
    "ebitdaratio": 0.1059290925,
    "operatingIncome": 22797000,
    "operatingIncomeRatio": 0.1059290925,
    "totalOtherIncomeExpensesNet": -594000,
    "incomeBeforeTax": 22203000,
    "incomeBeforeTaxRatio": 0.1031689977,
    "incomeTaxExpense": 1737000,
    "netIncome": 20466000,
    "netIncomeRatio": 0.0950978114,
    "eps": 0.13,
    "epsdiluted": 0.12,
    "weightedAverageShsOut": 162095000,
    "weightedAverageShsOutDil": 164649000,
    "link": "https://www.sec.gov/Archives/edgar/data/4127/000089256908001072/0000892569-08-001072-index.htm",
    "finalLink": "https://www.sec.gov/Archives/edgar/data/4127/000089256908001072/a42669e10vq.htm"
  },
  {
    "date": "2008-03-28",
    "symbol": "SWKS",
    "reportedCurrency": "USD",
    "cik": "0000004127",
    "fillingDate": "2008-05-07",
    "acceptedDate": "2008-05-07 17:03:57",
    "calendarYear": "2008",
    "period": "Q2",
    "revenue": 201708000,
    "costOfRevenue": 121341000,
    "grossProfit": 80367000,
    "grossProfitRatio": 0.3984323874,
    "researchAndDevelopmentExpenses": 36581000,
    "generalAndAdministrativeExpenses": 0,
    "sellingAndMarketingExpenses": 0,
    "sellingGeneralAndAdministrativeExpenses": 23346000,
    "otherExpenses": 1871000,
    "operatingExpenses": 61798000,
    "costAndExpenses": 183139000,
    "interestIncome": 0,
    "interestExpense": 0,
    "depreciationAndAmortization": 13668000,
    "ebitda": 18569000,
    "ebitdaratio": 0.0920588177,
    "operatingIncome": 18569000,
    "operatingIncomeRatio": 0.0920588177,
    "totalOtherIncomeExpensesNet": 114000,
    "incomeBeforeTax": 18683000,
    "incomeBeforeTaxRatio": 0.0926239911,
    "incomeTaxExpense": 2010000,
    "netIncome": 16673000,
    "netIncomeRatio": 0.0826590914,
    "eps": 0.1,
    "epsdiluted": 0.1,
    "weightedAverageShsOut": 161165000,
    "weightedAverageShsOutDil": 162982000,
    "link": "https://www.sec.gov/Archives/edgar/data/4127/000089256908000778/0000892569-08-000778-index.htm",
    "finalLink": "https://www.sec.gov/Archives/edgar/data/4127/000089256908000778/a40452e10vq.htm"
  },
  {
    "date": "2007-12-28",
    "symbol": "SWKS",
    "reportedCurrency": "USD",
    "cik": "0000004127",
    "fillingDate": "2008-02-06",
    "acceptedDate": "2008-02-06 16:45:28",
    "calendarYear": "2008",
    "period": "Q1",
    "revenue": 210533000,
    "costOfRevenue": 128195000,
    "grossProfit": 82338000,
    "grossProfitRatio": 0.3910930828,
    "researchAndDevelopmentExpenses": 34094000,
    "generalAndAdministrativeExpenses": 0,
    "sellingAndMarketingExpenses": 0,
    "sellingGeneralAndAdministrativeExpenses": 25287000,
    "otherExpenses": 1932000,
    "operatingExpenses": 61313000,
    "costAndExpenses": 189508000,
    "interestIncome": 0,
    "interestExpense": 0,
    "depreciationAndAmortization": 13329000,
    "ebitda": 21025000,
    "ebitdaratio": 0.0998655793,
    "operatingIncome": 21025000,
    "operatingIncomeRatio": 0.0998655793,
    "totalOtherIncomeExpensesNet": -158000,
    "incomeBeforeTax": 20867000,
    "incomeBeforeTaxRatio": 0.0991151031,
    "incomeTaxExpense": 1789000,
    "netIncome": 19078000,
    "netIncomeRatio": 0.0906176229,
    "eps": 0.12,
    "epsdiluted": 0.12,
    "weightedAverageShsOut": 160319000,
    "weightedAverageShsOutDil": 162836000,
    "link": "https://www.sec.gov/Archives/edgar/data/4127/000089256908000102/0000892569-08-000102-index.htm",
    "finalLink": "https://www.sec.gov/Archives/edgar/data/4127/000089256908000102/a37655e10vq.htm"
  },
  {
    "date": "2007-09-28",
    "symbol": "SWKS",
    "reportedCurrency": "USD",
    "cik": "0000004127",
    "fillingDate": "2007-11-27",
    "acceptedDate": "2007-11-27 16:35:04",
    "calendarYear": "2007",
    "period": "Q4",
    "revenue": 190454000,
    "costOfRevenue": 115719000,
    "grossProfit": 74735000,
    "grossProfitRatio": 0.3924044651,
    "researchAndDevelopmentExpenses": 33731000,
    "generalAndAdministrativeExpenses": 0,
    "sellingAndMarketingExpenses": 0,
    "sellingGeneralAndAdministrativeExpenses": 22298000,
    "otherExpenses": 536000,
    "operatingExpenses": 56565000,
    "costAndExpenses": 172284000,
    "interestIncome": 0,
    "interestExpense": 0,
    "depreciationAndAmortization": 11455000,
    "ebitda": 29625000,
    "ebitdaratio": 0.1555493715,
    "operatingIncome": 18170000,
    "operatingIncomeRatio": 0.0954036145,
    "totalOtherIncomeExpensesNet": 6276000,
    "incomeBeforeTax": 18558000,
    "incomeBeforeTaxRatio": 0.0974408519,
    "incomeTaxExpense": -3435000,
    "netIncome": 21993000,
    "netIncomeRatio": 0.115476703,
    "eps": 0.14,
    "epsdiluted": 0.14,
    "weightedAverageShsOut": 160319000,
    "weightedAverageShsOutDil": 162836000,
    "link": "https://www.sec.gov/Archives/edgar/data/4127/000089256907001468/0000892569-07-001468-index.htm",
    "finalLink": "https://www.sec.gov/Archives/edgar/data/4127/000089256907001468/a35868e10vk.htm"
  },
  {
    "date": "2007-06-29",
    "symbol": "SWKS",
    "reportedCurrency": "USD",
    "cik": "0000004127",
    "fillingDate": "2007-08-08",
    "acceptedDate": "2007-08-08 16:08:29",
    "calendarYear": "2007",
    "period": "Q3",
    "revenue": 175050000,
    "costOfRevenue": 106418000,
    "grossProfit": 68632000,
    "grossProfitRatio": 0.3920708369,
    "researchAndDevelopmentExpenses": 30549000,
    "generalAndAdministrativeExpenses": 0,
    "sellingAndMarketingExpenses": 0,
    "sellingGeneralAndAdministrativeExpenses": 24874000,
    "otherExpenses": 536000,
    "operatingExpenses": 55959000,
    "costAndExpenses": 162377000,
    "interestIncome": 0,
    "interestExpense": 0,
    "depreciationAndAmortization": 11045000,
    "ebitda": 23718000,
    "ebitdaratio": 0.1354927164,
    "operatingIncome": 12416000,
    "operatingIncomeRatio": 0.0709283062,
    "totalOtherIncomeExpensesNet": 201000,
    "incomeBeforeTax": 12617000,
    "incomeBeforeTaxRatio": 0.0720765496,
    "incomeTaxExpense": 1194000,
    "netIncome": 11423000,
    "netIncomeRatio": 0.0652556412,
    "eps": 0.07,
    "epsdiluted": 0.07,
    "weightedAverageShsOut": 158606000,
    "weightedAverageShsOutDil": 160032000,
    "link": "https://www.sec.gov/Archives/edgar/data/4127/000095013707011698/0000950137-07-011698-index.htm",
    "finalLink": "https://www.sec.gov/Archives/edgar/data/4127/000095013707011698/a32644e10vq.htm"
  },
  {
    "date": "2007-03-30",
    "symbol": "SWKS",
    "reportedCurrency": "USD",
    "cik": "0000004127",
    "fillingDate": "2007-05-09",
    "acceptedDate": "2007-05-09 13:15:02",
    "calendarYear": "2007",
    "period": "Q2",
    "revenue": 180210000,
    "costOfRevenue": 111508000,
    "grossProfit": 68702000,
    "grossProfitRatio": 0.3812330059,
    "researchAndDevelopmentExpenses": 31383000,
    "generalAndAdministrativeExpenses": 0,
    "sellingAndMarketingExpenses": 0,
    "sellingGeneralAndAdministrativeExpenses": 23750000,
    "otherExpenses": 536000,
    "operatingExpenses": 55669000,
    "costAndExpenses": 167177000,
    "interestIncome": 0,
    "interestExpense": 0,
    "depreciationAndAmortization": 10843000,
    "ebitda": 13033000,
    "ebitdaratio": 0.0723211808,
    "operatingIncome": 13033000,
    "operatingIncomeRatio": 0.0723211808,
    "totalOtherIncomeExpensesNet": -1211000,
    "incomeBeforeTax": 11822000,
    "incomeBeforeTaxRatio": 0.065601243,
    "incomeTaxExpense": -375000,
    "netIncome": 12197000,
    "netIncomeRatio": 0.0676821486,
    "eps": 0.08,
    "epsdiluted": 0.08,
    "weightedAverageShsOut": 160687000,
    "weightedAverageShsOutDil": 161972000,
    "link": "https://www.sec.gov/Archives/edgar/data/4127/000095013707007074/0000950137-07-007074-index.htm",
    "finalLink": "https://www.sec.gov/Archives/edgar/data/4127/000095013707007074/a29995e10vq.htm"
  },
  {
    "date": "2006-12-29",
    "symbol": "SWKS",
    "reportedCurrency": "USD",
    "cik": "0000004127",
    "fillingDate": "2007-02-07",
    "acceptedDate": "2007-02-07 15:57:21",
    "calendarYear": "2007",
    "period": "Q1",
    "revenue": 196030000,
    "costOfRevenue": 120714000,
    "grossProfit": 75316000,
    "grossProfitRatio": 0.384206499,
    "researchAndDevelopmentExpenses": 30412000,
    "generalAndAdministrativeExpenses": 0,
    "sellingAndMarketingExpenses": 0,
    "sellingGeneralAndAdministrativeExpenses": 24028000,
    "otherExpenses": 536000,
    "operatingExpenses": 54976000,
    "costAndExpenses": 175690000,
    "interestIncome": 0,
    "interestExpense": 9885000,
    "depreciationAndAmortization": 10349000,
    "ebitda": 30689000,
    "ebitdaratio": 0.1565525685,
    "operatingIncome": 14867000,
    "operatingIncomeRatio": 0.0758404326,
    "totalOtherIncomeExpensesNet": -1094000,
    "incomeBeforeTax": 13773000,
    "incomeBeforeTaxRatio": 0.0702596541,
    "incomeTaxExpense": 1736000,
    "netIncome": 12037000,
    "netIncomeRatio": 0.0614038668,
    "eps": 0.07,
    "epsdiluted": 0.07,
    "weightedAverageShsOut": 161183000,
    "weightedAverageShsOutDil": 162880000,
    "link": "https://www.sec.gov/Archives/edgar/data/4127/000095013707001647/0000950137-07-001647-index.htm",
    "finalLink": "https://www.sec.gov/Archives/edgar/data/4127/000095013707001647/a26990e10vq.htm"
  },
  {
    "date": "2006-09-29",
    "symbol": "SWKS",
    "reportedCurrency": "USD",
    "cik": "0000004127",
    "fillingDate": "2006-12-13",
    "acceptedDate": "2006-12-13 16:58:58",
    "calendarYear": "2006",
    "period": "Q4",
    "revenue": 193133000,
    "costOfRevenue": 147874000,
    "grossProfit": 45259000,
    "grossProfitRatio": 0.2343411017,
    "researchAndDevelopmentExpenses": 40500000,
    "generalAndAdministrativeExpenses": 0,
    "sellingAndMarketingExpenses": 0,
    "sellingGeneralAndAdministrativeExpenses": 60505000,
    "otherExpenses": 536000,
    "operatingExpenses": 101541000,
    "costAndExpenses": 249415000,
    "interestIncome": 0,
    "interestExpense": 53660000,
    "depreciationAndAmortization": 10927000,
    "ebitda": -45355000,
    "ebitdaratio": -0.2348381685,
    "operatingIncome": -83237000,
    "operatingIncomeRatio": -0.4309827942,
    "totalOtherIncomeExpensesNet": -1529000,
    "incomeBeforeTax": -84766000,
    "incomeBeforeTaxRatio": -0.4388996184,
    "incomeTaxExpense": 11604000,
    "netIncome": -96370000,
    "netIncomeRatio": -0.4989825664,
    "eps": -0.6,
    "epsdiluted": -0.59,
    "weightedAverageShsOut": 161183000,
    "weightedAverageShsOutDil": 162880000,
    "link": "https://www.sec.gov/Archives/edgar/data/4127/000089256906001446/0000892569-06-001446-index.htm",
    "finalLink": "https://www.sec.gov/Archives/edgar/data/4127/000089256906001446/a25760e10vk.htm"
  },
  {
    "date": "2006-06-30",
    "symbol": "SWKS",
    "reportedCurrency": "USD",
    "cik": "0000004127",
    "fillingDate": "2006-08-09",
    "acceptedDate": "2006-08-09 17:10:23",
    "calendarYear": "2006",
    "period": "Q3",
    "revenue": 197058000,
    "costOfRevenue": 123711000,
    "grossProfit": 73347000,
    "grossProfitRatio": 0.3722102122,
    "researchAndDevelopmentExpenses": 40619000,
    "generalAndAdministrativeExpenses": 0,
    "sellingAndMarketingExpenses": 0,
    "sellingGeneralAndAdministrativeExpenses": 26333000,
    "otherExpenses": 536000,
    "operatingExpenses": 67488000,
    "costAndExpenses": 191199000,
    "interestIncome": 0,
    "interestExpense": 0,
    "depreciationAndAmortization": 10555000,
    "ebitda": 5859000,
    "ebitdaratio": 0.0297323631,
    "operatingIncome": 5859000,
    "operatingIncomeRatio": 0.0297323631,
    "totalOtherIncomeExpensesNet": -1409000,
    "incomeBeforeTax": 4450000,
    "incomeBeforeTaxRatio": 0.0225821839,
    "incomeTaxExpense": 1445000,
    "netIncome": 3005000,
    "netIncomeRatio": 0.0152493175,
    "eps": 0.02,
    "epsdiluted": 0.02,
    "weightedAverageShsOut": 159699000,
    "weightedAverageShsOutDil": 160876000,
    "link": "https://www.sec.gov/Archives/edgar/data/4127/000089256906000971/0000892569-06-000971-index.htm",
    "finalLink": "https://www.sec.gov/Archives/edgar/data/4127/000089256906000971/a22795e10vq.htm"
  },
  {
    "date": "2006-03-31",
    "symbol": "SWKS",
    "reportedCurrency": "USD",
    "cik": "0000004127",
    "fillingDate": "2006-05-10",
    "acceptedDate": "2006-05-10 16:22:11",
    "calendarYear": "2006",
    "period": "Q2",
    "revenue": 185234000,
    "costOfRevenue": 115884000,
    "grossProfit": 69350000,
    "grossProfitRatio": 0.3743913105,
    "researchAndDevelopmentExpenses": 40557000,
    "generalAndAdministrativeExpenses": 0,
    "sellingAndMarketingExpenses": 0,
    "sellingGeneralAndAdministrativeExpenses": 25710000,
    "otherExpenses": 536000,
    "operatingExpenses": 66803000,
    "costAndExpenses": 182687000,
    "interestIncome": 0,
    "interestExpense": 0,
    "depreciationAndAmortization": 10792000,
    "ebitda": 2547000,
    "ebitdaratio": 0.0137501755,
    "operatingIncome": 2547000,
    "operatingIncomeRatio": 0.0137501755,
    "totalOtherIncomeExpensesNet": -2016000,
    "incomeBeforeTax": 531000,
    "incomeBeforeTaxRatio": 0.0028666444,
    "incomeTaxExpense": -395000,
    "netIncome": 926000,
    "netIncomeRatio": 0.0049990822,
    "eps": 0.01,
    "epsdiluted": 0.01,
    "weightedAverageShsOut": 159084000,
    "weightedAverageShsOutDil": 159629000,
    "link": "https://www.sec.gov/Archives/edgar/data/4127/000095013706005726/0000950137-06-005726-index.htm",
    "finalLink": "https://www.sec.gov/Archives/edgar/data/4127/000095013706005726/a20409e10vq.htm"
  },
  {
    "date": "2005-12-31",
    "symbol": "SWKS",
    "reportedCurrency": "USD",
    "cik": "0000004127",
    "fillingDate": "2006-02-08",
    "acceptedDate": "2006-02-08 17:25:21",
    "calendarYear": "2006",
    "period": "Q1",
    "revenue": 198325000,
    "costOfRevenue": 123602000,
    "grossProfit": 74723000,
    "grossProfitRatio": 0.3767704525,
    "researchAndDevelopmentExpenses": 42430000,
    "generalAndAdministrativeExpenses": 0,
    "sellingAndMarketingExpenses": 0,
    "sellingGeneralAndAdministrativeExpenses": 23253000,
    "otherExpenses": 536000,
    "operatingExpenses": 66219000,
    "costAndExpenses": 189821000,
    "interestIncome": 0,
    "interestExpense": 0,
    "depreciationAndAmortization": 10079000,
    "ebitda": 8504000,
    "ebitdaratio": 0.0428791126,
    "operatingIncome": 8504000,
    "operatingIncomeRatio": 0.0428791126,
    "totalOtherIncomeExpensesNet": -1493000,
    "incomeBeforeTax": 7011000,
    "incomeBeforeTaxRatio": 0.0353510652,
    "incomeTaxExpense": 2724000,
    "netIncome": 4287000,
    "netIncomeRatio": 0.0216160343,
    "eps": 0.03,
    "epsdiluted": 0.027,
    "weightedAverageShsOut": 158573000,
    "weightedAverageShsOutDil": 158827000,
    "link": "https://www.sec.gov/Archives/edgar/data/4127/000089256906000098/0000892569-06-000098-index.htm",
    "finalLink": "https://www.sec.gov/Archives/edgar/data/4127/000089256906000098/a17028e10vq.htm"
  },
  {
    "date": "2005-09-30",
    "symbol": "SWKS",
    "reportedCurrency": "USD",
    "cik": "0000004127",
    "fillingDate": "2005-12-14",
    "acceptedDate": "2005-12-14 17:25:06",
    "calendarYear": "2005",
    "period": "Q4",
    "revenue": 190174000,
    "costOfRevenue": 120894000,
    "grossProfit": 69280000,
    "grossProfitRatio": 0.3642979587,
    "researchAndDevelopmentExpenses": 36603000,
    "generalAndAdministrativeExpenses": 0,
    "sellingAndMarketingExpenses": 0,
    "sellingGeneralAndAdministrativeExpenses": 25043000,
    "otherExpenses": 536000,
    "operatingExpenses": 62182000,
    "costAndExpenses": 183076000,
    "interestIncome": 0,
    "interestExpense": 288000,
    "depreciationAndAmortization": 10263000,
    "ebitda": 17361000,
    "ebitdaratio": 0.0912900817,
    "operatingIncome": 7098000,
    "operatingIncomeRatio": 0.0373237141,
    "totalOtherIncomeExpensesNet": -2017000,
    "incomeBeforeTax": 5081000,
    "incomeBeforeTaxRatio": 0.0267176375,
    "incomeTaxExpense": 2020000,
    "netIncome": 3061000,
    "netIncomeRatio": 0.016095786,
    "eps": 0.019,
    "epsdiluted": 0.019,
    "weightedAverageShsOut": 158573000,
    "weightedAverageShsOutDil": 158827000,
    "link": "https://www.sec.gov/Archives/edgar/data/4127/000089256905001238/0000892569-05-001238-index.htm",
    "finalLink": "https://www.sec.gov/Archives/edgar/data/4127/000089256905001238/a15329e10vk.htm"
  },
  {
    "date": "2005-07-01",
    "symbol": "SWKS",
    "reportedCurrency": "USD",
    "cik": "0000004127",
    "fillingDate": "2005-08-10",
    "acceptedDate": "2005-08-10 16:16:20",
    "calendarYear": "2005",
    "period": "Q3",
    "revenue": 191532000,
    "costOfRevenue": 113658000,
    "grossProfit": 77874000,
    "grossProfitRatio": 0.4065848005,
    "researchAndDevelopmentExpenses": 39823000,
    "generalAndAdministrativeExpenses": 0,
    "sellingAndMarketingExpenses": 0,
    "sellingGeneralAndAdministrativeExpenses": 25745000,
    "otherExpenses": 536000,
    "operatingExpenses": 66104000,
    "costAndExpenses": 179762000,
    "interestIncome": 0,
    "interestExpense": 611000,
    "depreciationAndAmortization": 9975000,
    "ebitda": 11770000,
    "ebitdaratio": 0.0614518723,
    "operatingIncome": 11770000,
    "operatingIncomeRatio": 0.0614518723,
    "totalOtherIncomeExpensesNet": -2147000,
    "incomeBeforeTax": 9623000,
    "incomeBeforeTaxRatio": 0.0502422572,
    "incomeTaxExpense": 2234000,
    "netIncome": 7389000,
    "netIncomeRatio": 0.0385784099,
    "eps": 0.05,
    "epsdiluted": 0.05,
    "weightedAverageShsOut": 157809000,
    "weightedAverageShsOutDil": 158682000,
    "link": "https://www.sec.gov/Archives/edgar/data/4127/000095013705009995/0000950137-05-009995-index.htm",
    "finalLink": "https://www.sec.gov/Archives/edgar/data/4127/000095013705009995/a11622e10vq.htm"
  },
  {
    "date": "2005-04-01",
    "symbol": "SWKS",
    "reportedCurrency": "USD",
    "cik": "0000004127",
    "fillingDate": "2005-05-11",
    "acceptedDate": "2005-05-11 17:09:57",
    "calendarYear": "2005",
    "period": "Q2",
    "revenue": 190505000,
    "costOfRevenue": 117906000,
    "grossProfit": 72599000,
    "grossProfitRatio": 0.3810871106,
    "researchAndDevelopmentExpenses": 38676000,
    "generalAndAdministrativeExpenses": 0,
    "sellingAndMarketingExpenses": 0,
    "sellingGeneralAndAdministrativeExpenses": 25058000,
    "otherExpenses": 545000,
    "operatingExpenses": 64279000,
    "costAndExpenses": 182185000,
    "interestIncome": 0,
    "interestExpense": 1501000,
    "depreciationAndAmortization": 10411000,
    "ebitda": 8320000,
    "ebitdaratio": 0.0436733944,
    "operatingIncome": 8320000,
    "operatingIncomeRatio": 0.0436733944,
    "totalOtherIncomeExpensesNet": -2568000,
    "incomeBeforeTax": 5752000,
    "incomeBeforeTaxRatio": 0.0301934332,
    "incomeTaxExpense": 4508000,
    "netIncome": 1244000,
    "netIncomeRatio": 0.0065300123,
    "eps": 0.01,
    "epsdiluted": 0.01,
    "weightedAverageShsOut": 157235000,
    "weightedAverageShsOutDil": 158435000,
    "link": "https://www.sec.gov/Archives/edgar/data/4127/000000412705000023/0000004127-05-000023-index.htm",
    "finalLink": "https://www.sec.gov/Archives/edgar/data/4127/000000412705000023/q2_05.htm"
  },
  {
    "date": "2004-12-31",
    "symbol": "SWKS",
    "reportedCurrency": "USD",
    "cik": "0000004127",
    "fillingDate": "2005-02-07",
    "acceptedDate": "2005-02-07 16:40:30",
    "calendarYear": "2005",
    "period": "Q1",
    "revenue": 220160000,
    "costOfRevenue": 132141000,
    "grossProfit": 88019000,
    "grossProfitRatio": 0.3997956032,
    "researchAndDevelopmentExpenses": 37113000,
    "generalAndAdministrativeExpenses": 0,
    "sellingAndMarketingExpenses": 0,
    "sellingGeneralAndAdministrativeExpenses": 27224000,
    "otherExpenses": 737000,
    "operatingExpenses": 65074000,
    "costAndExpenses": 197215000,
    "interestIncome": 0,
    "interestExpense": 1291000,
    "depreciationAndAmortization": 10578000,
    "ebitda": 22945000,
    "ebitdaratio": 0.1042196584,
    "operatingIncome": 22945000,
    "operatingIncomeRatio": 0.1042196584,
    "totalOtherIncomeExpensesNet": -2412000,
    "incomeBeforeTax": 20533000,
    "incomeBeforeTaxRatio": 0.0932639898,
    "incomeTaxExpense": 6616000,
    "netIncome": 13917000,
    "netIncomeRatio": 0.0632131177,
    "eps": 0.09,
    "epsdiluted": 0.0876,
    "weightedAverageShsOut": 156440000,
    "weightedAverageShsOutDil": 158905000,
    "link": "https://www.sec.gov/Archives/edgar/data/4127/000000412705000007/0000004127-05-000007-index.htm",
    "finalLink": "https://www.sec.gov/Archives/edgar/data/4127/000000412705000007/q1_05.htm"
  },
  {
    "date": "2004-10-01",
    "symbol": "SWKS",
    "reportedCurrency": "USD",
    "cik": "0000004127",
    "fillingDate": "2004-12-13",
    "acceptedDate": "2004-12-13 17:02:47",
    "calendarYear": "2004",
    "period": "Q4",
    "revenue": 218067000,
    "costOfRevenue": 121744000,
    "grossProfit": 96323000,
    "grossProfitRatio": 0.4417128681,
    "researchAndDevelopmentExpenses": 42983000,
    "generalAndAdministrativeExpenses": 0,
    "sellingAndMarketingExpenses": 0,
    "sellingGeneralAndAdministrativeExpenses": 32159000,
    "otherExpenses": 2344000,
    "operatingExpenses": 77486000,
    "costAndExpenses": 199230000,
    "interestIncome": 0,
    "interestExpense": 4087000,
    "depreciationAndAmortization": 11082000,
    "ebitda": 29919000,
    "ebitdaratio": 0.137200952,
    "operatingIncome": 18837000,
    "operatingIncomeRatio": 0.0863817084,
    "totalOtherIncomeExpensesNet": -3020000,
    "incomeBeforeTax": 15817000,
    "incomeBeforeTaxRatio": 0.0725327537,
    "incomeTaxExpense": 1186000,
    "netIncome": 14631000,
    "netIncomeRatio": 0.0670940582,
    "eps": 0.093,
    "epsdiluted": 0.092,
    "weightedAverageShsOut": 156440000,
    "weightedAverageShsOutDil": 158905000,
    "link": "https://www.sec.gov/Archives/edgar/data/4127/000000412704000082/0000004127-04-000082-index.htm",
    "finalLink": "https://www.sec.gov/Archives/edgar/data/4127/000000412704000082/tenk.htm"
  },
  {
    "date": "2004-07-02",
    "symbol": "SWKS",
    "reportedCurrency": "USD",
    "cik": "0000004127",
    "fillingDate": "2004-08-16",
    "acceptedDate": "2004-08-16 15:13:19",
    "calendarYear": "2004",
    "period": "Q3",
    "revenue": 207377000,
    "costOfRevenue": 126528000,
    "grossProfit": 80849000,
    "grossProfitRatio": 0.3898648355,
    "researchAndDevelopmentExpenses": 36964000,
    "generalAndAdministrativeExpenses": 0,
    "sellingAndMarketingExpenses": 0,
    "sellingGeneralAndAdministrativeExpenses": 25306000,
    "otherExpenses": 768000,
    "operatingExpenses": 63038000,
    "costAndExpenses": 189566000,
    "interestIncome": 0,
    "interestExpense": 2818000,
    "depreciationAndAmortization": 10278000,
    "ebitda": 17811000,
    "ebitdaratio": 0.0858870559,
    "operatingIncome": 17811000,
    "operatingIncomeRatio": 0.0858870559,
    "totalOtherIncomeExpensesNet": -3214000,
    "incomeBeforeTax": 14597000,
    "incomeBeforeTaxRatio": 0.0703887123,
    "incomeTaxExpense": 1567000,
    "netIncome": 13030000,
    "netIncomeRatio": 0.062832426,
    "eps": 0.09,
    "epsdiluted": 0.08,
    "weightedAverageShsOut": 153062000,
    "weightedAverageShsOutDil": 155274000,
    "link": "https://www.sec.gov/Archives/edgar/data/4127/000000412704000037/0000004127-04-000037-index.htm",
    "finalLink": "https://www.sec.gov/Archives/edgar/data/4127/000000412704000037/q3_04.htm"
  },
  {
    "date": "2004-04-02",
    "symbol": "SWKS",
    "reportedCurrency": "USD",
    "cik": "0000004127",
    "fillingDate": "2004-05-17",
    "acceptedDate": "2004-05-17 16:12:30",
    "calendarYear": "2004",
    "period": "Q2",
    "revenue": 183471000,
    "costOfRevenue": 114167000,
    "grossProfit": 69304000,
    "grossProfitRatio": 0.3777381712,
    "researchAndDevelopmentExpenses": 35992000,
    "generalAndAdministrativeExpenses": 0,
    "sellingAndMarketingExpenses": 0,
    "sellingGeneralAndAdministrativeExpenses": 21154000,
    "otherExpenses": 16528000,
    "operatingExpenses": 73674000,
    "costAndExpenses": 187841000,
    "interestIncome": 0,
    "interestExpense": 20556000,
    "depreciationAndAmortization": 9741000,
    "ebitda": 5371000,
    "ebitdaratio": 0.0292743812,
    "operatingIncome": -4370000,
    "operatingIncomeRatio": -0.0238184781,
    "totalOtherIncomeExpensesNet": -5100000,
    "incomeBeforeTax": -9470000,
    "incomeBeforeTaxRatio": -0.0516157867,
    "incomeTaxExpense": -49000,
    "netIncome": -9421000,
    "netIncomeRatio": -0.0513487145,
    "eps": -0.0631,
    "epsdiluted": -0.0631,
    "weightedAverageShsOut": 149396000,
    "weightedAverageShsOutDil": 149396000,
    "link": "https://www.sec.gov/Archives/edgar/data/4127/000089256904000664/0000892569-04-000664-index.htm",
    "finalLink": "https://www.sec.gov/Archives/edgar/data/4127/000089256904000664/a99134e10vq.htm"
  },
  {
    "date": "2004-01-02",
    "symbol": "SWKS",
    "reportedCurrency": "USD",
    "cik": "0000004127",
    "fillingDate": "2004-02-17",
    "acceptedDate": "2004-02-17 09:49:25",
    "calendarYear": "2004",
    "period": "Q1",
    "revenue": 175108000,
    "costOfRevenue": 108368000,
    "grossProfit": 66740000,
    "grossProfitRatio": 0.3811362131,
    "researchAndDevelopmentExpenses": 36694000,
    "generalAndAdministrativeExpenses": 0,
    "sellingAndMarketingExpenses": 0,
    "sellingGeneralAndAdministrativeExpenses": 18904000,
    "otherExpenses": 769000,
    "operatingExpenses": 56367000,
    "costAndExpenses": 164735000,
    "interestIncome": 0,
    "interestExpense": 4468000,
    "depreciationAndAmortization": 9947000,
    "ebitda": 10373000,
    "ebitdaratio": 0.0592377276,
    "operatingIncome": 10373000,
    "operatingIncomeRatio": 0.0592377276,
    "totalOtherIncomeExpensesNet": -4921000,
    "incomeBeforeTax": 5452000,
    "incomeBeforeTaxRatio": 0.0311350709,
    "incomeTaxExpense": 1280000,
    "netIncome": 4172000,
    "netIncomeRatio": 0.0238252964,
    "eps": 0.03,
    "epsdiluted": 0.0276,
    "weightedAverageShsOut": 148784000,
    "weightedAverageShsOutDil": 150997000,
    "link": "https://www.sec.gov/Archives/edgar/data/4127/000000412704000020/0000004127-04-000020-index.htm",
    "finalLink": "https://www.sec.gov/Archives/edgar/data/4127/000000412704000020/q1.htm"
  },
  {
    "date": "2003-09-27",
    "symbol": "SWKS",
    "reportedCurrency": "USD",
    "cik": "0000004127",
    "fillingDate": "2003-12-22",
    "acceptedDate": "2003-12-22 14:50:11",
    "calendarYear": "2003",
    "period": "Q4",
    "revenue": 150032000,
    "costOfRevenue": 97425000,
    "grossProfit": 52607000,
    "grossProfitRatio": 0.3506385304,
    "researchAndDevelopmentExpenses": 37924000,
    "generalAndAdministrativeExpenses": 0,
    "sellingAndMarketingExpenses": 0,
    "sellingGeneralAndAdministrativeExpenses": 17024000,
    "otherExpenses": 35569000,
    "operatingExpenses": 90517000,
    "costAndExpenses": 187942000,
    "interestIncome": 0,
    "interestExpense": 438013000,
    "depreciationAndAmortization": 11153000,
    "ebitda": -26757000,
    "ebitdaratio": -0.1783419537,
    "operatingIncome": -37910000,
    "operatingIncomeRatio": -0.2526794284,
    "totalOtherIncomeExpensesNet": -5967000,
    "incomeBeforeTax": -43877000,
    "incomeBeforeTaxRatio": -0.2924509438,
    "incomeTaxExpense": -950000,
    "netIncome": -440066000,
    "netIncomeRatio": -2.9331475952,
    "eps": -2.96,
    "epsdiluted": -2.91,
    "weightedAverageShsOut": 148784000,
    "weightedAverageShsOutDil": 150997000,
    "link": "https://www.sec.gov/Archives/edgar/data/4127/000000412703000048/0000004127-03-000048-index.htm",
    "finalLink": "https://www.sec.gov/Archives/edgar/data/4127/000000412703000048/tenk.htm"
  },
  {
    "date": "2003-06-27",
    "symbol": "SWKS",
    "reportedCurrency": "USD",
    "cik": "0000004127",
    "fillingDate": "2003-08-11",
    "acceptedDate": "2003-08-11 16:18:51",
    "calendarYear": "2003",
    "period": "Q3",
    "revenue": 150199000,
    "costOfRevenue": 94121000,
    "grossProfit": 56078000,
    "grossProfitRatio": 0.3733580117,
    "researchAndDevelopmentExpenses": 36428000,
    "generalAndAdministrativeExpenses": 0,
    "sellingAndMarketingExpenses": 0,
    "sellingGeneralAndAdministrativeExpenses": 19711000,
    "otherExpenses": 1075000,
    "operatingExpenses": 57214000,
    "costAndExpenses": 151335000,
    "interestIncome": 0,
    "interestExpense": 4505000,
    "depreciationAndAmortization": 10882000,
    "ebitda": 9746000,
    "ebitdaratio": 0.0648872496,
    "operatingIncome": -1136000,
    "operatingIncomeRatio": -0.0075632994,
    "totalOtherIncomeExpensesNet": -4787000,
    "incomeBeforeTax": -5923000,
    "incomeBeforeTaxRatio": -0.0394343504,
    "incomeTaxExpense": 263000,
    "netIncome": -6186000,
    "netIncomeRatio": -0.0411853608,
    "eps": -0.0446,
    "epsdiluted": -0.0446,
    "weightedAverageShsOut": 138729000,
    "weightedAverageShsOutDil": 138729000,
    "link": "https://www.sec.gov/Archives/edgar/data/4127/000000412703000038/0000004127-03-000038-index.htm",
    "finalLink": "https://www.sec.gov/Archives/edgar/data/4127/000000412703000038/third_quarter.htm"
  },
  {
    "date": "2003-03-28",
    "symbol": "SWKS",
    "reportedCurrency": "USD",
    "cik": "0000004127",
    "fillingDate": "2003-05-12",
    "acceptedDate": "2003-05-12 15:18:18",
    "calendarYear": "2003",
    "period": "Q2",
    "revenue": 157364000,
    "costOfRevenue": 93845000,
    "grossProfit": 63519000,
    "grossProfitRatio": 0.4036437813,
    "researchAndDevelopmentExpenses": 40109000,
    "generalAndAdministrativeExpenses": 0,
    "sellingAndMarketingExpenses": 0,
    "sellingGeneralAndAdministrativeExpenses": 23235000,
    "otherExpenses": 1108000,
    "operatingExpenses": 64452000,
    "costAndExpenses": 158297000,
    "interestIncome": 0,
    "interestExpense": 3795000,
    "depreciationAndAmortization": 10909000,
    "ebitda": 9976000,
    "ebitdaratio": 0.0633944231,
    "operatingIncome": -933000,
    "operatingIncomeRatio": -0.0059289291,
    "totalOtherIncomeExpensesNet": -4421000,
    "incomeBeforeTax": -5354000,
    "incomeBeforeTaxRatio": -0.0340230294,
    "incomeTaxExpense": 601000,
    "netIncome": -5955000,
    "netIncomeRatio": -0.0378422002,
    "eps": -0.0431,
    "epsdiluted": -0.0431,
    "weightedAverageShsOut": 138141000,
    "weightedAverageShsOutDil": 138141000,
    "link": "https://www.sec.gov/Archives/edgar/data/4127/000000412703000006/0000004127-03-000006-index.htm",
    "finalLink": "https://www.sec.gov/Archives/edgar/data/4127/000000412703000006/secondquarter.htm"
  },
  {
    "date": "2002-12-27",
    "symbol": "SWKS",
    "reportedCurrency": "USD",
    "cik": "0000004127",
    "fillingDate": "2003-02-10",
    "acceptedDate": "2003-02-10 14:48:56",
    "calendarYear": "2003",
    "period": "Q1",
    "revenue": 160194000,
    "costOfRevenue": 95074000,
    "grossProfit": 65120000,
    "grossProfitRatio": 0.4065071101,
    "researchAndDevelopmentExpenses": 37301000,
    "generalAndAdministrativeExpenses": 0,
    "sellingAndMarketingExpenses": 0,
    "sellingGeneralAndAdministrativeExpenses": 20252000,
    "otherExpenses": 1127000,
    "operatingExpenses": 58680000,
    "costAndExpenses": 153754000,
    "interestIncome": 0,
    "interestExpense": 4088000,
    "depreciationAndAmortization": 10506000,
    "ebitda": 16946000,
    "ebitdaratio": 0.1057842366,
    "operatingIncome": 6440000,
    "operatingIncomeRatio": 0.040201256,
    "totalOtherIncomeExpensesNet": -4911000,
    "incomeBeforeTax": 1529000,
    "incomeBeforeTaxRatio": 0.0095446771,
    "incomeTaxExpense": 738000,
    "netIncome": 791000,
    "netIncomeRatio": 0.004937763,
    "eps": -2.87,
    "epsdiluted": -2.87,
    "weightedAverageShsOut": 137896000,
    "weightedAverageShsOutDil": 137896000,
    "link": "https://www.sec.gov/Archives/edgar/data/4127/000095013503000830/0000950135-03-000830-index.htm",
    "finalLink": "https://www.sec.gov/Archives/edgar/data/4127/000095013503000830/b45488sse10vq.txt"
  },
  {
    "date": "2002-09-27",
    "symbol": "SWKS",
    "reportedCurrency": "USD",
    "cik": "0000004127",
    "fillingDate": "2002-12-23",
    "acceptedDate": "2002-12-23 08:02:39",
    "calendarYear": "2002",
    "period": "Q4",
    "revenue": 150673000,
    "costOfRevenue": 89962000,
    "grossProfit": 60711000,
    "grossProfitRatio": 0.4029321776,
    "researchAndDevelopmentExpenses": 37149000,
    "generalAndAdministrativeExpenses": 0,
    "sellingAndMarketingExpenses": 0,
    "sellingGeneralAndAdministrativeExpenses": 18075000,
    "otherExpenses": 2546000,
    "operatingExpenses": 57770000,
    "costAndExpenses": 147732000,
    "interestIncome": 0,
    "interestExpense": 5642000,
    "depreciationAndAmortization": 13668000,
    "ebitda": 16609000,
    "ebitdaratio": 0.110232092,
    "operatingIncome": 2941000,
    "operatingIncomeRatio": 0.019519091,
    "totalOtherIncomeExpensesNet": -4225000,
    "incomeBeforeTax": -1284000,
    "incomeBeforeTaxRatio": -0.0085217657,
    "incomeTaxExpense": 199000,
    "netIncome": -1483000,
    "netIncomeRatio": -0.0098425066,
    "eps": -0.0108,
    "epsdiluted": -0.0106,
    "weightedAverageShsOut": 137896000,
    "weightedAverageShsOutDil": 140109000,
    "link": "https://www.sec.gov/Archives/edgar/data/4127/000095013502005681/0000950135-02-005681-index.htm",
    "finalLink": "https://www.sec.gov/Archives/edgar/data/4127/000095013502005681/b45002sse10vk.txt"
  },
  {
    "date": "2002-06-28",
    "symbol": "SWKS",
    "reportedCurrency": "USD",
    "cik": "0000004127",
    "fillingDate": "2002-08-12",
    "acceptedDate": "2002-08-12 17:13:04",
    "calendarYear": "2002",
    "period": "Q3",
    "revenue": 112980000,
    "costOfRevenue": 92917000,
    "grossProfit": 20063000,
    "grossProfitRatio": 0.1775801027,
    "researchAndDevelopmentExpenses": 31653000,
    "generalAndAdministrativeExpenses": 0,
    "sellingAndMarketingExpenses": 0,
    "sellingGeneralAndAdministrativeExpenses": 10380000,
    "otherExpenses": 118416000,
    "operatingExpenses": 160449000,
    "costAndExpenses": 253366000,
    "interestIncome": 0,
    "interestExpense": 246071000,
    "depreciationAndAmortization": 3579000,
    "ebitda": -136807000,
    "ebitdaratio": -1.2108957338,
    "operatingIncome": -205886000,
    "operatingIncomeRatio": -1.822322535,
    "totalOtherIncomeExpensesNet": -117000,
    "incomeBeforeTax": -206003000,
    "incomeBeforeTaxRatio": -1.8233581165,
    "incomeTaxExpense": -24058000,
    "netIncome": -181945000,
    "netIncomeRatio": -1.6104177731,
    "eps": -1.92,
    "epsdiluted": -1.92,
    "weightedAverageShsOut": 94519000,
    "weightedAverageShsOutDil": 94519000,
    "link": "https://www.sec.gov/Archives/edgar/data/4127/000095013502003667/0000950135-02-003667-index.htm",
    "finalLink": "https://www.sec.gov/Archives/edgar/data/4127/000095013502003667/b43705swe10vq.txt"
  },
  {
    "date": "2002-03-31",
    "symbol": "SWKS",
    "reportedCurrency": "USD",
    "cik": "0000004127",
    "fillingDate": "2002-07-01",
    "acceptedDate": "2002-07-01 17:18:11",
    "calendarYear": "2002",
    "period": "Q2",
    "revenue": 28190000,
    "costOfRevenue": 21886000,
    "grossProfit": 6304000,
    "grossProfitRatio": 0.2236253991,
    "researchAndDevelopmentExpenses": 12312000,
    "generalAndAdministrativeExpenses": 0,
    "sellingAndMarketingExpenses": 0,
    "sellingGeneralAndAdministrativeExpenses": 9827000,
    "otherExpenses": 0,
    "operatingExpenses": 22139000,
    "costAndExpenses": 44025000,
    "interestIncome": 0,
    "interestExpense": 0,
    "depreciationAndAmortization": 5472000,
    "ebitda": -10363000,
    "ebitdaratio": -0.3676126286,
    "operatingIncome": -13707000,
    "operatingIncomeRatio": -0.486236254,
    "totalOtherIncomeExpensesNet": 1020000,
    "incomeBeforeTax": -12687000,
    "incomeBeforeTaxRatio": -0.4500532104,
    "incomeTaxExpense": -4188000,
    "netIncome": -8499000,
    "netIncomeRatio": -0.30148989,
    "eps": -0.0899,
    "epsdiluted": -0.0899,
    "weightedAverageShsOut": 94519000,
    "weightedAverageShsOutDil": 94519000,
    "link": "https://www.sec.gov/Archives/edgar/data/4127/000095013502003198/0000950135-02-003198-index.htm",
    "finalLink": "https://www.sec.gov/Archives/edgar/data/4127/000095013502003198/b43490aie10vk.txt"
  },
  {
    "date": "2001-12-30",
    "symbol": "SWKS",
    "reportedCurrency": "USD",
    "cik": "0000004127",
    "fillingDate": "2002-02-13",
    "acceptedDate": "2002-02-13 00:00:00",
    "calendarYear": "2002",
    "period": "Q1",
    "revenue": 33090000,
    "costOfRevenue": 21935000,
    "grossProfit": 11155000,
    "grossProfitRatio": 0.3371109096,
    "researchAndDevelopmentExpenses": 9557000,
    "generalAndAdministrativeExpenses": 0,
    "sellingAndMarketingExpenses": 0,
    "sellingGeneralAndAdministrativeExpenses": 5546000,
    "otherExpenses": 0,
    "operatingExpenses": 15103000,
    "costAndExpenses": 37038000,
    "interestIncome": 0,
    "interestExpense": 3075000,
    "depreciationAndAmortization": 5267000,
    "ebitda": 1319000,
    "ebitdaratio": 0.0398609852,
    "operatingIncome": -6076000,
    "operatingIncomeRatio": -0.1836204291,
    "totalOtherIncomeExpensesNet": 1181000,
    "incomeBeforeTax": -4895000,
    "incomeBeforeTaxRatio": -0.1479298882,
    "incomeTaxExpense": -1615000,
    "netIncome": -3280000,
    "netIncomeRatio": -0.0991236023,
    "eps": -0.0743,
    "epsdiluted": -0.0743,
    "weightedAverageShsOut": 44162000,
    "weightedAverageShsOutDil": 44162000,
    "link": "https://www.sec.gov/Archives/edgar/data/4127/000095013502000755/0000950135-02-000755-index.htm",
    "finalLink": "https://www.sec.gov/Archives/edgar/data/4127/000095013502000755/b41944aie10-q.txt"
  },
  {
    "date": "2001-09-30",
    "symbol": "SWKS",
    "reportedCurrency": "USD",
    "cik": "0000004127",
    "fillingDate": "2001-11-14",
    "acceptedDate": "2001-11-14 00:00:00",
    "calendarYear": "2001",
    "period": "Q4",
    "revenue": 33001000,
    "costOfRevenue": 22358000,
    "grossProfit": 10643000,
    "grossProfitRatio": 0.3225053786,
    "researchAndDevelopmentExpenses": 9906000,
    "generalAndAdministrativeExpenses": 0,
    "sellingAndMarketingExpenses": 0,
    "sellingGeneralAndAdministrativeExpenses": 6063000,
    "otherExpenses": 0,
    "operatingExpenses": 15969000,
    "costAndExpenses": 38327000,
    "interestIncome": 0,
    "interestExpense": 0,
    "depreciationAndAmortization": 5157000,
    "ebitda": -5326000,
    "ebitdaratio": -0.1613890488,
    "operatingIncome": -5326000,
    "operatingIncomeRatio": -0.1613890488,
    "totalOtherIncomeExpensesNet": 1465000,
    "incomeBeforeTax": -3861000,
    "incomeBeforeTaxRatio": -0.1169964547,
    "incomeTaxExpense": -1274000,
    "netIncome": -2587000,
    "netIncomeRatio": -0.0783915639,
    "eps": -0.0587,
    "epsdiluted": -0.0587,
    "weightedAverageShsOut": 44037000,
    "weightedAverageShsOutDil": 44037000,
    "link": "https://www.sec.gov/Archives/edgar/data/4127/000095013501503532/0000950135-01-503532-index.htm",
    "finalLink": "https://www.sec.gov/Archives/edgar/data/4127/000095013501503532/b40835aie10-q.txt"
  },
  {
    "date": "2001-07-01",
    "symbol": "SWKS",
    "reportedCurrency": "USD",
    "cik": "0000004127",
    "fillingDate": "2001-08-13",
    "acceptedDate": "2001-08-13 00:00:00",
    "calendarYear": "2001",
    "period": "Q3",
    "revenue": 32221000,
    "costOfRevenue": 23425000,
    "grossProfit": 8796000,
    "grossProfitRatio": 0.2729896651,
    "researchAndDevelopmentExpenses": 9803000,
    "generalAndAdministrativeExpenses": 0,
    "sellingAndMarketingExpenses": 0,
    "sellingGeneralAndAdministrativeExpenses": 6708000,
    "otherExpenses": 0,
    "operatingExpenses": 16511000,
    "costAndExpenses": 39936000,
    "interestIncome": 0,
    "interestExpense": 0,
    "depreciationAndAmortization": 5108000,
    "ebitda": -15000000,
    "ebitdaratio": -0.4655348996,
    "operatingIncome": -7715000,
    "operatingIncomeRatio": -0.2394401167,
    "totalOtherIncomeExpensesNet": 24949000,
    "incomeBeforeTax": -5851000,
    "incomeBeforeTaxRatio": -0.1815896465,
    "incomeTaxExpense": -1931000,
    "netIncome": -3920000,
    "netIncomeRatio": -0.1216597871,
    "eps": -0.0453,
    "epsdiluted": -0.0453,
    "weightedAverageShsOut": 86619000,
    "weightedAverageShsOutDil": 86619000,
    "link": "https://www.sec.gov/Archives/edgar/data/4127/000095013501502453/0000950135-01-502453-index.htm",
    "finalLink": "https://www.sec.gov/Archives/edgar/data/4127/000095013501502453/b40289aie10-q.txt"
  },
  {
    "date": "2001-04-01",
    "symbol": "SWKS",
    "reportedCurrency": "USD",
    "cik": "0000004127",
    "fillingDate": "2001-06-29",
    "acceptedDate": "2001-06-29 00:00:00",
    "calendarYear": "2001",
    "period": "Q2",
    "revenue": 53995000,
    "costOfRevenue": 33702000,
    "grossProfit": 20293000,
    "grossProfitRatio": 0.3758310955,
    "researchAndDevelopmentExpenses": 9783000,
    "generalAndAdministrativeExpenses": 0,
    "sellingAndMarketingExpenses": 0,
    "sellingGeneralAndAdministrativeExpenses": 9318000,
    "otherExpenses": 0,
    "operatingExpenses": 19101000,
    "costAndExpenses": 52803000,
    "interestIncome": 0,
    "interestExpense": 0,
    "depreciationAndAmortization": 4518000,
    "ebitda": 5710000,
    "ebitdaratio": 0.1057505325,
    "operatingIncome": 1192000,
    "operatingIncomeRatio": 0.0220761182,
    "totalOtherIncomeExpensesNet": 2642000,
    "incomeBeforeTax": 3834000,
    "incomeBeforeTaxRatio": 0.0710065747,
    "incomeTaxExpense": 449000,
    "netIncome": 3385000,
    "netIncomeRatio": 0.0626909899,
    "eps": 0.078,
    "epsdiluted": 0.078,
    "weightedAverageShsOut": 43470000,
    "weightedAverageShsOutDil": 43601000,
    "link": "https://www.sec.gov/Archives/edgar/data/4127/000095013501501847/0000950135-01-501847-index.htm",
    "finalLink": "https://www.sec.gov/Archives/edgar/data/4127/000095013501501847/b39786aie10-k.txt"
  },
  {
    "date": "2000-12-31",
    "symbol": "SWKS",
    "reportedCurrency": "USD",
    "cik": "0000004127",
    "fillingDate": "2001-02-14",
    "acceptedDate": "2001-02-14 00:00:00",
    "calendarYear": "2001",
    "period": "Q1",
    "revenue": 78684000,
    "costOfRevenue": 42326000,
    "grossProfit": 36358000,
    "grossProfitRatio": 0.4620761527,
    "researchAndDevelopmentExpenses": 9534000,
    "generalAndAdministrativeExpenses": 0,
    "sellingAndMarketingExpenses": 0,
    "sellingGeneralAndAdministrativeExpenses": 11405000,
    "otherExpenses": 0,
    "operatingExpenses": 20939000,
    "costAndExpenses": 63265000,
    "interestIncome": 0,
    "interestExpense": 0,
    "depreciationAndAmortization": 4333000,
    "ebitda": 19752000,
    "ebitdaratio": 0.2510294342,
    "operatingIncome": 15419000,
    "operatingIncomeRatio": 0.1959610594,
    "totalOtherIncomeExpensesNet": 2127000,
    "incomeBeforeTax": 17546000,
    "incomeBeforeTaxRatio": 0.2229932388,
    "incomeTaxExpense": 5966000,
    "netIncome": 11580000,
    "netIncomeRatio": 0.1471709623,
    "eps": 0.27,
    "epsdiluted": 0.26,
    "weightedAverageShsOut": 43147000,
    "weightedAverageShsOutDil": 44784000,
    "link": "https://www.sec.gov/Archives/edgar/data/4127/000095013501000657/0000950135-01-000657-index.htm",
    "finalLink": "https://www.sec.gov/Archives/edgar/data/4127/000095013501000657/b38295aie10-q.txt"
  },
  {
    "date": "2000-10-01",
    "symbol": "SWKS",
    "reportedCurrency": "USD",
    "cik": "0000004127",
    "fillingDate": "2000-11-15",
    "acceptedDate": "2000-11-15 00:00:00",
    "calendarYear": "2000",
    "period": "Q4",
    "revenue": 73201000,
    "costOfRevenue": 39454000,
    "grossProfit": 33747000,
    "grossProfitRatio": 0.4610182921,
    "researchAndDevelopmentExpenses": 8814000,
    "generalAndAdministrativeExpenses": 0,
    "sellingAndMarketingExpenses": 0,
    "sellingGeneralAndAdministrativeExpenses": 10839000,
    "otherExpenses": 0,
    "operatingExpenses": 19653000,
    "costAndExpenses": 59107000,
    "interestIncome": 0,
    "interestExpense": 0,
    "depreciationAndAmortization": 3589000,
    "ebitda": 17683000,
    "ebitdaratio": 0.2415677381,
    "operatingIncome": 14094000,
    "operatingIncomeRatio": 0.1925383533,
    "totalOtherIncomeExpensesNet": 1916000,
    "incomeBeforeTax": 16010000,
    "incomeBeforeTaxRatio": 0.2187128591,
    "incomeTaxExpense": 5443000,
    "netIncome": 10567000,
    "netIncomeRatio": 0.1443559514,
    "eps": 0.25,
    "epsdiluted": 0.24,
    "weightedAverageShsOut": 42867000,
    "weightedAverageShsOutDil": 44737000,
    "link": "https://www.sec.gov/Archives/edgar/data/4127/000095013500005112/0000950135-00-005112-index.htm",
    "finalLink": "https://www.sec.gov/Archives/edgar/data/4127/000095013500005112/b37183ale10-q.txt"
  },
  {
    "date": "2000-07-02",
    "symbol": "SWKS",
    "reportedCurrency": "USD",
    "cik": "0000004127",
    "fillingDate": "2000-08-14",
    "acceptedDate": "2000-08-14 00:00:00",
    "calendarYear": "2000",
    "period": "Q3",
    "revenue": 65688000,
    "costOfRevenue": 36150000,
    "grossProfit": 29538000,
    "grossProfitRatio": 0.4496711728,
    "researchAndDevelopmentExpenses": 7895000,
    "generalAndAdministrativeExpenses": 0,
    "sellingAndMarketingExpenses": 0,
    "sellingGeneralAndAdministrativeExpenses": 11688000,
    "otherExpenses": 0,
    "operatingExpenses": 19583000,
    "costAndExpenses": 55733000,
    "interestIncome": 0,
    "interestExpense": 0,
    "depreciationAndAmortization": 3570000,
    "ebitda": 13525000,
    "ebitdaratio": 0.2058975764,
    "operatingIncome": 9955000,
    "operatingIncomeRatio": 0.1515497503,
    "totalOtherIncomeExpensesNet": 1925000,
    "incomeBeforeTax": 11880000,
    "incomeBeforeTaxRatio": 0.1808549507,
    "incomeTaxExpense": 4039000,
    "netIncome": 7841000,
    "netIncomeRatio": 0.1193673121,
    "eps": 0.18,
    "epsdiluted": 0.18,
    "weightedAverageShsOut": 42662000,
    "weightedAverageShsOutDil": 44786000,
    "link": "https://www.sec.gov/Archives/edgar/data/4127/000095013500004021/0000950135-00-004021-index.htm",
    "finalLink": "https://www.sec.gov/Archives/edgar/data/4127/000095013500004021/e10-q.txt"
  },
  {
    "date": "2000-04-02",
    "symbol": "SWKS",
    "reportedCurrency": "USD",
    "cik": "0000004127",
    "fillingDate": "2000-06-30",
    "acceptedDate": "2000-06-30 00:00:00",
    "calendarYear": "2000",
    "period": "Q2",
    "revenue": 56868000,
    "costOfRevenue": 31725000,
    "grossProfit": 25143000,
    "grossProfitRatio": 0.4421291412,
    "researchAndDevelopmentExpenses": 6312000,
    "generalAndAdministrativeExpenses": 0,
    "sellingAndMarketingExpenses": 0,
    "sellingGeneralAndAdministrativeExpenses": 9117000,
    "otherExpenses": 0,
    "operatingExpenses": 15429000,
    "costAndExpenses": 47154000,
    "interestIncome": 0,
    "interestExpense": 0,
    "depreciationAndAmortization": 2872000,
    "ebitda": 12586000,
    "ebitdaratio": 0.221319547,
    "operatingIncome": 9714000,
    "operatingIncomeRatio": 0.170816628,
    "totalOtherIncomeExpensesNet": 1995000,
    "incomeBeforeTax": 11709000,
    "incomeBeforeTaxRatio": 0.2058978687,
    "incomeTaxExpense": 3399000,
    "netIncome": 8310000,
    "netIncomeRatio": 0.1461278751,
    "eps": 0.19,
    "epsdiluted": 0.19,
    "weightedAverageShsOut": 42662000,
    "weightedAverageShsOutDil": 44786000,
    "link": "https://www.sec.gov/Archives/edgar/data/4127/000095013500003477/0000950135-00-003477-index.htm",
    "finalLink": "https://www.sec.gov/Archives/edgar/data/4127/000095013500003477/e10-k405.txt"
  },
  {
    "date": "1999-12-26",
    "symbol": "SWKS",
    "reportedCurrency": "USD",
    "cik": "0000004127",
    "fillingDate": "2000-02-09",
    "acceptedDate": "2000-02-09 00:00:00",
    "calendarYear": "2000",
    "period": "Q1",
    "revenue": 47463000,
    "costOfRevenue": 26484000,
    "grossProfit": 20979000,
    "grossProfitRatio": 0.4420074584,
    "researchAndDevelopmentExpenses": 5332000,
    "generalAndAdministrativeExpenses": 0,
    "sellingAndMarketingExpenses": 0,
    "sellingGeneralAndAdministrativeExpenses": 7598000,
    "otherExpenses": 0,
    "operatingExpenses": 12930000,
    "costAndExpenses": 39414000,
    "interestIncome": 0,
    "interestExpense": 0,
    "depreciationAndAmortization": 2435000,
    "ebitda": 10484000,
    "ebitdaratio": 0.2208878495,
    "operatingIncome": 8049000,
    "operatingIncomeRatio": 0.1695847292,
    "totalOtherIncomeExpensesNet": 1790000,
    "incomeBeforeTax": 9839000,
    "incomeBeforeTaxRatio": 0.2072983166,
    "incomeTaxExpense": 3542000,
    "netIncome": 6297000,
    "netIncomeRatio": 0.1326717654,
    "eps": 0.19,
    "epsdiluted": 0.18,
    "weightedAverageShsOut": 32923000,
    "weightedAverageShsOutDil": 34050826,
    "link": "https://www.sec.gov/Archives/edgar/data/4127/000095013500000506/0000950135-00-000506-index.html",
    "finalLink": "https://www.sec.gov/Archives/edgar/data/4127/000095013500000506/"
  },
  {
    "date": "1999-09-26",
    "symbol": "SWKS",
    "reportedCurrency": "USD",
    "cik": "0000004127",
    "fillingDate": "1999-11-10",
    "acceptedDate": "1999-11-10 00:00:00",
    "calendarYear": "1999",
    "period": "Q4",
    "revenue": 41769000,
    "costOfRevenue": 23356000,
    "grossProfit": 18413000,
    "grossProfitRatio": 0.4408293232,
    "researchAndDevelopmentExpenses": 4698000,
    "generalAndAdministrativeExpenses": 0,
    "sellingAndMarketingExpenses": 0,
    "sellingGeneralAndAdministrativeExpenses": 6854000,
    "otherExpenses": 0,
    "operatingExpenses": 11552000,
    "costAndExpenses": 34908000,
    "interestIncome": 0,
    "interestExpense": 0,
    "depreciationAndAmortization": 2373000,
    "ebitda": 9234000,
    "ebitdaratio": 0.2210730446,
    "operatingIncome": 6861000,
    "operatingIncomeRatio": 0.164260576,
    "totalOtherIncomeExpensesNet": 1552000,
    "incomeBeforeTax": 8413000,
    "incomeBeforeTaxRatio": 0.2014173191,
    "incomeTaxExpense": 3029000,
    "netIncome": 5384000,
    "netIncomeRatio": 0.128899423,
    "eps": 0.16,
    "epsdiluted": 0.16,
    "weightedAverageShsOut": 32923000,
    "weightedAverageShsOutDil": 34050826,
    "link": "https://www.sec.gov/Archives/edgar/data/4127/000095013599005102/0000950135-99-005102-index.html",
    "finalLink": "https://www.sec.gov/Archives/edgar/data/4127/000095013599005102/"
  },
  {
    "date": "1999-06-27",
    "symbol": "SWKS",
    "reportedCurrency": "USD",
    "cik": "0000004127",
    "fillingDate": "1999-08-11",
    "acceptedDate": "1999-08-11 00:00:00",
    "calendarYear": "1999",
    "period": "Q3",
    "revenue": 38605000,
    "costOfRevenue": 21500000,
    "grossProfit": 17105000,
    "grossProfitRatio": 0.4430773216,
    "researchAndDevelopmentExpenses": 4386000,
    "generalAndAdministrativeExpenses": 0,
    "sellingAndMarketingExpenses": 0,
    "sellingGeneralAndAdministrativeExpenses": 6434000,
    "otherExpenses": 0,
    "operatingExpenses": 10820000,
    "costAndExpenses": 32320000,
    "interestIncome": 0,
    "interestExpense": 0,
    "depreciationAndAmortization": 2225000,
    "ebitda": 8510000,
    "ebitdaratio": 0.2204377671,
    "operatingIncome": 6285000,
    "operatingIncomeRatio": 0.1628027458,
    "totalOtherIncomeExpensesNet": 573000,
    "incomeBeforeTax": 6858000,
    "incomeBeforeTaxRatio": 0.1776453827,
    "incomeTaxExpense": 2469000,
    "netIncome": 4389000,
    "netIncomeRatio": 0.1136899365,
    "eps": 0.13,
    "epsdiluted": 0.13,
    "weightedAverageShsOut": 32923000,
    "weightedAverageShsOutDil": 34050826,
    "link": "https://www.sec.gov/Archives/edgar/data/4127/000095013599003902/0000950135-99-003902-index.html",
    "finalLink": "https://www.sec.gov/Archives/edgar/data/4127/000095013599003902/"
  },
  {
    "date": "1999-03-28",
    "symbol": "SWKS",
    "reportedCurrency": "USD",
    "cik": "0000004127",
    "fillingDate": "1999-06-25",
    "acceptedDate": "1999-06-25 00:00:00",
    "calendarYear": "1999",
    "period": "Q2",
    "revenue": 34269000,
    "costOfRevenue": 19085000,
    "grossProfit": 15184000,
    "grossProfitRatio": 0.4430826695,
    "researchAndDevelopmentExpenses": 3576000,
    "generalAndAdministrativeExpenses": 0,
    "sellingAndMarketingExpenses": 0,
    "sellingGeneralAndAdministrativeExpenses": 6039000,
    "otherExpenses": 0,
    "operatingExpenses": 9615000,
    "costAndExpenses": 28700000,
    "interestIncome": 0,
    "interestExpense": 0,
    "depreciationAndAmortization": 2077000,
    "ebitda": 7646000,
    "ebitdaratio": 0.2231171029,
    "operatingIncome": 5569000,
    "operatingIncomeRatio": 0.1625083895,
    "totalOtherIncomeExpensesNet": 254000,
    "incomeBeforeTax": 5823000,
    "incomeBeforeTaxRatio": 0.1699203362,
    "incomeTaxExpense": -2705000,
    "netIncome": 8528000,
    "netIncomeRatio": 0.24885465,
    "eps": 0.26,
    "epsdiluted": 0.25,
    "weightedAverageShsOut": 32923000,
    "weightedAverageShsOutDil": 34050826,
    "link": "https://www.sec.gov/Archives/edgar/data/4127/000095013599003292/0000950135-99-003292-index.html",
    "finalLink": "https://www.sec.gov/Archives/edgar/data/4127/000095013599003292/"
  },
  {
    "date": "1998-12-27",
    "symbol": "SWKS",
    "reportedCurrency": "USD",
    "cik": "0000004127",
    "fillingDate": "1999-02-10",
    "acceptedDate": "1999-02-10 00:00:00",
    "calendarYear": "1999",
    "period": "Q1",
    "revenue": 32489000,
    "costOfRevenue": 18151000,
    "grossProfit": 14338000,
    "grossProfitRatio": 0.4413186001,
    "researchAndDevelopmentExpenses": 3397000,
    "generalAndAdministrativeExpenses": 0,
    "sellingAndMarketingExpenses": 0,
    "sellingGeneralAndAdministrativeExpenses": 5809000,
    "otherExpenses": 0,
    "operatingExpenses": 9206000,
    "costAndExpenses": 27357000,
    "interestIncome": 0,
    "interestExpense": 0,
    "depreciationAndAmortization": 2013000,
    "ebitda": 7145000,
    "ebitdaratio": 0.2199205885,
    "operatingIncome": 5132000,
    "operatingIncomeRatio": 0.1579611561,
    "totalOtherIncomeExpensesNet": 170000,
    "incomeBeforeTax": 5302000,
    "incomeBeforeTaxRatio": 0.1631936963,
    "incomeTaxExpense": 530000,
    "netIncome": 4772000,
    "netIncomeRatio": 0.1468804826,
    "eps": 0.14,
    "epsdiluted": 0.14,
    "weightedAverageShsOut": 32923000,
    "weightedAverageShsOutDil": 34050826,
    "link": "https://www.sec.gov/Archives/edgar/data/4127/000092701699000496/0000927016-99-000496-index.html",
    "finalLink": "https://www.sec.gov/Archives/edgar/data/4127/"
  },
  {
    "date": "1998-09-27",
    "symbol": "SWKS",
    "reportedCurrency": "USD",
    "cik": "0000004127",
    "fillingDate": "1998-11-09",
    "acceptedDate": "1998-11-09 00:00:00",
    "calendarYear": "1998",
    "period": "Q4",
    "revenue": 29626000,
    "costOfRevenue": 16763000,
    "grossProfit": 12863000,
    "grossProfitRatio": 0.434179437,
    "researchAndDevelopmentExpenses": 2891000,
    "generalAndAdministrativeExpenses": 0,
    "sellingAndMarketingExpenses": 0,
    "sellingGeneralAndAdministrativeExpenses": 5422000,
    "otherExpenses": 0,
    "operatingExpenses": 8313000,
    "costAndExpenses": 25076000,
    "interestIncome": 0,
    "interestExpense": 0,
    "depreciationAndAmortization": 1967000,
    "ebitda": 6517000,
    "ebitdaratio": 0.219975697,
    "operatingIncome": 4550000,
    "operatingIncomeRatio": 0.1535813137,
    "totalOtherIncomeExpensesNet": 134000,
    "incomeBeforeTax": 4684000,
    "incomeBeforeTaxRatio": 0.1581043678,
    "incomeTaxExpense": 468000,
    "netIncome": 4216000,
    "netIncomeRatio": 0.1423074327,
    "eps": 0.13,
    "epsdiluted": 0.12,
    "weightedAverageShsOut": 32923000,
    "weightedAverageShsOutDil": 34050826,
    "link": "https://www.sec.gov/Archives/edgar/data/4127/000092701698003956/0000927016-98-003956-index.html",
    "finalLink": "https://www.sec.gov/Archives/edgar/data/4127/"
  },
  {
    "date": "1998-06-28",
    "symbol": "SWKS",
    "reportedCurrency": "USD",
    "cik": "0000004127",
    "fillingDate": "1998-08-12",
    "acceptedDate": "1998-08-12 00:00:00",
    "calendarYear": "1998",
    "period": "Q3",
    "revenue": 29955000,
    "costOfRevenue": 17132000,
    "grossProfit": 12823000,
    "grossProfitRatio": 0.4280754465,
    "researchAndDevelopmentExpenses": 3022000,
    "generalAndAdministrativeExpenses": 0,
    "sellingAndMarketingExpenses": 0,
    "sellingGeneralAndAdministrativeExpenses": 5497000,
    "otherExpenses": 0,
    "operatingExpenses": 8519000,
    "costAndExpenses": 25651000,
    "interestIncome": 0,
    "interestExpense": 0,
    "depreciationAndAmortization": 1884000,
    "ebitda": 6188000,
    "ebitdaratio": 0.2065765315,
    "operatingIncome": 4304000,
    "operatingIncomeRatio": 0.14368219,
    "totalOtherIncomeExpensesNet": 112000,
    "incomeBeforeTax": 4416000,
    "incomeBeforeTaxRatio": 0.1474211317,
    "incomeTaxExpense": 442000,
    "netIncome": 3974000,
    "netIncomeRatio": 0.1326656652,
    "eps": 0.12,
    "epsdiluted": 0.12,
    "weightedAverageShsOut": 32923000,
    "weightedAverageShsOutDil": 34050826,
    "link": "https://www.sec.gov/Archives/edgar/data/4127/000092701698003038/0000927016-98-003038-index.html",
    "finalLink": "https://www.sec.gov/Archives/edgar/data/4127/"
  },
  {
    "date": "1998-03-29",
    "symbol": "SWKS",
    "reportedCurrency": "USD",
    "cik": "0000004127",
    "fillingDate": "1998-06-25",
    "acceptedDate": "1998-06-25 00:00:00",
    "calendarYear": "1998",
    "period": "Q2",
    "revenue": 31854000,
    "costOfRevenue": 19121000,
    "grossProfit": 12733000,
    "grossProfitRatio": 0.3997300182,
    "researchAndDevelopmentExpenses": 2749000,
    "generalAndAdministrativeExpenses": 0,
    "sellingAndMarketingExpenses": 0,
    "sellingGeneralAndAdministrativeExpenses": 5900000,
    "otherExpenses": 0,
    "operatingExpenses": 8649000,
    "costAndExpenses": 27770000,
    "interestIncome": 0,
    "interestExpense": 0,
    "depreciationAndAmortization": 1686000,
    "ebitda": 5770000,
    "ebitdaratio": 0.1811389464,
    "operatingIncome": 4084000,
    "operatingIncomeRatio": 0.1282099579,
    "totalOtherIncomeExpensesNet": 18000,
    "incomeBeforeTax": 4102000,
    "incomeBeforeTaxRatio": 0.1287750361,
    "incomeTaxExpense": 410000,
    "netIncome": 3692000,
    "netIncomeRatio": 0.1159038111,
    "eps": 0.11,
    "epsdiluted": 0.11,
    "weightedAverageShsOut": 32923000,
    "weightedAverageShsOutDil": 34050826,
    "link": "https://www.sec.gov/Archives/edgar/data/4127/000092701698002518/0000927016-98-002518-index.html",
    "finalLink": "https://www.sec.gov/Archives/edgar/data/4127/"
  },
  {
    "date": "1997-12-28",
    "symbol": "SWKS",
    "reportedCurrency": "USD",
    "cik": "0000004127",
    "fillingDate": "1998-02-10",
    "acceptedDate": "1998-02-10 00:00:00",
    "calendarYear": "1998",
    "period": "Q1",
    "revenue": 30751000,
    "costOfRevenue": 18928000,
    "grossProfit": 11823000,
    "grossProfitRatio": 0.3844753016,
    "researchAndDevelopmentExpenses": 2545000,
    "generalAndAdministrativeExpenses": 0,
    "sellingAndMarketingExpenses": 0,
    "sellingGeneralAndAdministrativeExpenses": 5684000,
    "otherExpenses": 0,
    "operatingExpenses": 8229000,
    "costAndExpenses": 27157000,
    "interestIncome": 0,
    "interestExpense": 87000,
    "depreciationAndAmortization": 1758000,
    "ebitda": 5352000,
    "ebitdaratio": 0.1740431205,
    "operatingIncome": 3594000,
    "operatingIncomeRatio": 0.116874248,
    "totalOtherIncomeExpensesNet": -87000,
    "incomeBeforeTax": 3507000,
    "incomeBeforeTaxRatio": 0.1140450717,
    "incomeTaxExpense": 351000,
    "netIncome": 3156000,
    "netIncomeRatio": 0.1026308088,
    "eps": 0.0959,
    "epsdiluted": 0.0927,
    "weightedAverageShsOut": 32923000,
    "weightedAverageShsOutDil": 34050826,
    "link": "https://www.sec.gov/Archives/edgar/data/4127/000092701698000440/0000927016-98-000440-index.html",
    "finalLink": "https://www.sec.gov/Archives/edgar/data/4127/"
  },
  {
    "date": "1997-09-28",
    "symbol": "SWKS",
    "reportedCurrency": "USD",
    "cik": "0000004127",
    "fillingDate": "1997-11-12",
    "acceptedDate": "1997-11-12 00:00:00",
    "calendarYear": "1997",
    "period": "Q4",
    "revenue": 28571000,
    "costOfRevenue": 17942000,
    "grossProfit": 10629000,
    "grossProfitRatio": 0.3720205803,
    "researchAndDevelopmentExpenses": 2422000,
    "generalAndAdministrativeExpenses": 0,
    "sellingAndMarketingExpenses": 0,
    "sellingGeneralAndAdministrativeExpenses": 5513000,
    "otherExpenses": 0,
    "operatingExpenses": 7935000,
    "costAndExpenses": 25877000,
    "interestIncome": 0,
    "interestExpense": 89000,
    "depreciationAndAmortization": 1685000,
    "ebitda": 4379000,
    "ebitdaratio": 0.153267299,
    "operatingIncome": 2694000,
    "operatingIncomeRatio": 0.0942914144,
    "totalOtherIncomeExpensesNet": -89000,
    "incomeBeforeTax": 2605000,
    "incomeBeforeTaxRatio": 0.0911763676,
    "incomeTaxExpense": 261000,
    "netIncome": 2344000,
    "netIncomeRatio": 0.0820412306,
    "eps": 0.0712,
    "epsdiluted": 0.0688,
    "weightedAverageShsOut": 32923000,
    "weightedAverageShsOutDil": 34050826,
    "link": "https://www.sec.gov/Archives/edgar/data/4127/000092701697003012/0000927016-97-003012-index.html",
    "finalLink": "https://www.sec.gov/Archives/edgar/data/4127/"
  },
  {
    "date": "1997-06-29",
    "symbol": "SWKS",
    "reportedCurrency": "USD",
    "cik": "0000004127",
    "fillingDate": "1997-08-13",
    "acceptedDate": "1997-08-13 00:00:00",
    "calendarYear": "1997",
    "period": "Q3",
    "revenue": 25705000,
    "costOfRevenue": 16808000,
    "grossProfit": 8897000,
    "grossProfitRatio": 0.346119432,
    "researchAndDevelopmentExpenses": 2319000,
    "generalAndAdministrativeExpenses": 0,
    "sellingAndMarketingExpenses": 0,
    "sellingGeneralAndAdministrativeExpenses": 5262000,
    "otherExpenses": 0,
    "operatingExpenses": 7581000,
    "costAndExpenses": 24389000,
    "interestIncome": 0,
    "interestExpense": 83000,
    "depreciationAndAmortization": 1644000,
    "ebitda": 2960000,
    "ebitdaratio": 0.115152694,
    "operatingIncome": 1316000,
    "operatingIncomeRatio": 0.0511962653,
    "totalOtherIncomeExpensesNet": -83000,
    "incomeBeforeTax": 1233000,
    "incomeBeforeTaxRatio": 0.0479673215,
    "incomeTaxExpense": 123000,
    "netIncome": 1110000,
    "netIncomeRatio": 0.0431822603,
    "eps": 0.0337,
    "epsdiluted": 0.0326,
    "weightedAverageShsOut": 32923000,
    "weightedAverageShsOutDil": 34050826,
    "link": "https://www.sec.gov/Archives/edgar/data/4127/000092701697002306/0000927016-97-002306-index.html",
    "finalLink": "https://www.sec.gov/Archives/edgar/data/4127/"
  },
  {
    "date": "1997-03-30",
    "symbol": "SWKS",
    "reportedCurrency": "USD",
    "cik": "0000004127",
    "fillingDate": "1997-06-27",
    "acceptedDate": "1997-06-27 00:00:00",
    "calendarYear": "1997",
    "period": "Q2",
    "revenue": 22763000,
    "costOfRevenue": 17881000,
    "grossProfit": 4882000,
    "grossProfitRatio": 0.2144708518,
    "researchAndDevelopmentExpenses": 2312000,
    "generalAndAdministrativeExpenses": 0,
    "sellingAndMarketingExpenses": 0,
    "sellingGeneralAndAdministrativeExpenses": 5650000,
    "otherExpenses": 2074000,
    "operatingExpenses": 10036000,
    "costAndExpenses": 27917000,
    "interestIncome": 0,
    "interestExpense": 191000,
    "depreciationAndAmortization": 1505000,
    "ebitda": -3649000,
    "ebitdaratio": -0.1603040021,
    "operatingIncome": -5154000,
    "operatingIncomeRatio": -0.2264200677,
    "totalOtherIncomeExpensesNet": -191000,
    "incomeBeforeTax": -5345000,
    "incomeBeforeTaxRatio": -0.2348108773,
    "incomeTaxExpense": 0,
    "netIncome": -5345000,
    "netIncomeRatio": -0.2348108773,
    "eps": -0.16,
    "epsdiluted": -0.16,
    "weightedAverageShsOut": 32923000,
    "weightedAverageShsOutDil": 34050826,
    "link": "https://www.sec.gov/Archives/edgar/data/4127/000092701697001814/0000927016-97-001814-index.html",
    "finalLink": "https://www.sec.gov/Archives/edgar/data/4127/"
  },
  {
    "date": "1996-12-29",
    "symbol": "SWKS",
    "reportedCurrency": "USD",
    "cik": "0000004127",
    "fillingDate": "1997-02-11",
    "acceptedDate": "1997-02-11 00:00:00",
    "calendarYear": "1997",
    "period": "Q1",
    "revenue": 22287000,
    "costOfRevenue": 17046000,
    "grossProfit": 5241000,
    "grossProfitRatio": 0.23515951,
    "researchAndDevelopmentExpenses": 2275000,
    "generalAndAdministrativeExpenses": 0,
    "sellingAndMarketingExpenses": 0,
    "sellingGeneralAndAdministrativeExpenses": 4953000,
    "otherExpenses": 0,
    "operatingExpenses": 7228000,
    "costAndExpenses": 24274000,
    "interestIncome": 0,
    "interestExpense": 88000,
    "depreciationAndAmortization": 1665000,
    "ebitda": -322000,
    "ebitdaratio": -0.0144478844,
    "operatingIncome": -1987000,
    "operatingIncomeRatio": -0.0891551128,
    "totalOtherIncomeExpensesNet": -88000,
    "incomeBeforeTax": -2075000,
    "incomeBeforeTaxRatio": -0.093103603,
    "incomeTaxExpense": 0,
    "netIncome": -2075000,
    "netIncomeRatio": -0.093103603,
    "eps": -0.063,
    "epsdiluted": -0.0609,
    "weightedAverageShsOut": 32923000,
    "weightedAverageShsOutDil": 34050826,
    "link": "https://www.sec.gov/Archives/edgar/data/4127/000092701697000271/0000927016-97-000271-index.html",
    "finalLink": "https://www.sec.gov/Archives/edgar/data/4127/"
  },
  {
    "date": "1996-09-29",
    "symbol": "SWKS",
    "reportedCurrency": "USD",
    "cik": "0000004127",
    "fillingDate": "1996-11-13",
    "acceptedDate": "1996-11-13 00:00:00",
    "calendarYear": "1996",
    "period": "Q4",
    "revenue": 20137000,
    "costOfRevenue": 17318000,
    "grossProfit": 2819000,
    "grossProfitRatio": 0.1399910612,
    "researchAndDevelopmentExpenses": 2470000,
    "generalAndAdministrativeExpenses": 0,
    "sellingAndMarketingExpenses": 0,
    "sellingGeneralAndAdministrativeExpenses": 4451000,
    "otherExpenses": 0,
    "operatingExpenses": 6921000,
    "costAndExpenses": 24239000,
    "interestIncome": 0,
    "interestExpense": 22000,
    "depreciationAndAmortization": 1417000,
    "ebitda": -2685000,
    "ebitdaratio": -0.133336644,
    "operatingIncome": -4102000,
    "operatingIncomeRatio": -0.2037046233,
    "totalOtherIncomeExpensesNet": -22000,
    "incomeBeforeTax": -4124000,
    "incomeBeforeTaxRatio": -0.2047971396,
    "incomeTaxExpense": 604000,
    "netIncome": -4728000,
    "netIncomeRatio": -0.234791677,
    "eps": -0.14,
    "epsdiluted": -0.14,
    "weightedAverageShsOut": 32923000,
    "weightedAverageShsOutDil": 34050826,
    "link": "https://www.sec.gov/Archives/edgar/data/4127/000092701696001673/0000927016-96-001673-index.html",
    "finalLink": "https://www.sec.gov/Archives/edgar/data/4127/"
  },
  {
    "date": "1996-06-30",
    "symbol": "SWKS",
    "reportedCurrency": "USD",
    "cik": "0000004127",
    "fillingDate": "1996-08-13",
    "acceptedDate": "1996-08-13 00:00:00",
    "calendarYear": "1996",
    "period": "Q3",
    "revenue": 20066000,
    "costOfRevenue": 16274000,
    "grossProfit": 3792000,
    "grossProfitRatio": 0.188976378,
    "researchAndDevelopmentExpenses": 2488000,
    "generalAndAdministrativeExpenses": 0,
    "sellingAndMarketingExpenses": 0,
    "sellingGeneralAndAdministrativeExpenses": 5387000,
    "otherExpenses": 0,
    "operatingExpenses": 7875000,
    "costAndExpenses": 24149000,
    "interestIncome": 0,
    "interestExpense": 0,
    "depreciationAndAmortization": 1334000,
    "ebitda": -2749000,
    "ebitdaratio": -0.1369979069,
    "operatingIncome": -4083000,
    "operatingIncomeRatio": -0.2034785209,
    "totalOtherIncomeExpensesNet": 55000,
    "incomeBeforeTax": -4028000,
    "incomeBeforeTaxRatio": -0.200737566,
    "incomeTaxExpense": -604000,
    "netIncome": -3424000,
    "netIncomeRatio": -0.1706368982,
    "eps": -0.1,
    "epsdiluted": -0.1,
    "weightedAverageShsOut": 32923000,
    "weightedAverageShsOutDil": 34050826,
    "link": "https://www.sec.gov/Archives/edgar/data/4127/000092701696000813/0000927016-96-000813-index.html",
    "finalLink": "https://www.sec.gov/Archives/edgar/data/4127/"
  },
  {
    "date": "1996-03-31",
    "symbol": "SWKS",
    "reportedCurrency": "USD",
    "cik": "0000004127",
    "fillingDate": "1996-07-01",
    "acceptedDate": "1996-07-01 00:00:00",
    "calendarYear": "1996",
    "period": "Q2",
    "revenue": 25500000,
    "costOfRevenue": 17200000,
    "grossProfit": 8300000,
    "grossProfitRatio": 0.3254901961,
    "researchAndDevelopmentExpenses": 2800000,
    "generalAndAdministrativeExpenses": 0,
    "sellingAndMarketingExpenses": 0,
    "sellingGeneralAndAdministrativeExpenses": 4100000,
    "otherExpenses": 1200000,
    "operatingExpenses": 8100000,
    "costAndExpenses": 25300000,
    "interestIncome": 0,
    "interestExpense": 0,
    "depreciationAndAmortization": 1200000,
    "ebitda": 1400000,
    "ebitdaratio": 0.0549019608,
    "operatingIncome": 200000,
    "operatingIncomeRatio": 0.0078431373,
    "totalOtherIncomeExpensesNet": 100000,
    "incomeBeforeTax": 300000,
    "incomeBeforeTaxRatio": 0.0117647059,
    "incomeTaxExpense": 100000,
    "netIncome": 200000,
    "netIncomeRatio": 0.0078431373,
    "eps": 0.0061,
    "epsdiluted": 0.0059,
    "weightedAverageShsOut": 32923000,
    "weightedAverageShsOutDil": 34050826,
    "link": "https://www.sec.gov/Archives/edgar/data/4127/000092701696000491/0000927016-96-000491-index.html",
    "finalLink": "https://www.sec.gov/Archives/edgar/data/4127/"
  },
  {
    "date": "1995-12-31",
    "symbol": "SWKS",
    "reportedCurrency": "USD",
    "cik": "0000004127",
    "fillingDate": "1996-02-14",
    "acceptedDate": "1996-02-14 00:00:00",
    "calendarYear": "1996",
    "period": "Q1",
    "revenue": 25200000,
    "costOfRevenue": 15800000,
    "grossProfit": 9400000,
    "grossProfitRatio": 0.373015873,
    "researchAndDevelopmentExpenses": 2400000,
    "generalAndAdministrativeExpenses": 0,
    "sellingAndMarketingExpenses": 0,
    "sellingGeneralAndAdministrativeExpenses": 4400000,
    "otherExpenses": 900000,
    "operatingExpenses": 7700000,
    "costAndExpenses": 23500000,
    "interestIncome": 0,
    "interestExpense": 0,
    "depreciationAndAmortization": 900000,
    "ebitda": 2742000,
    "ebitdaratio": 0.1088095238,
    "operatingIncome": 1700000,
    "operatingIncomeRatio": 0.0674603175,
    "totalOtherIncomeExpensesNet": -10000,
    "incomeBeforeTax": 1700000,
    "incomeBeforeTaxRatio": 0.0674603175,
    "incomeTaxExpense": 300000,
    "netIncome": 1400000,
    "netIncomeRatio": 0.0555555556,
    "eps": 0.0425,
    "epsdiluted": 0.0411,
    "weightedAverageShsOut": 32923000,
    "weightedAverageShsOutDil": 34050826,
    "link": "https://www.sec.gov/Archives/edgar/data/4127/000092701696000025/0000927016-96-000025-index.html",
    "finalLink": "https://www.sec.gov/Archives/edgar/data/4127/"
  },
  {
    "date": "1995-10-01",
    "symbol": "SWKS",
    "reportedCurrency": "USD",
    "cik": "0000004127",
    "fillingDate": "1995-10-26",
    "acceptedDate": "1995-10-26 00:00:00",
    "calendarYear": "1995",
    "period": "Q4",
    "revenue": 23700000,
    "costOfRevenue": 14400000,
    "grossProfit": 9300000,
    "grossProfitRatio": 0.3924050633,
    "researchAndDevelopmentExpenses": 2100000,
    "generalAndAdministrativeExpenses": 0,
    "sellingAndMarketingExpenses": 0,
    "sellingGeneralAndAdministrativeExpenses": 4300000,
    "otherExpenses": 1400000,
    "operatingExpenses": 7800000,
    "costAndExpenses": 22200000,
    "interestIncome": 0,
    "interestExpense": 200000,
    "depreciationAndAmortization": 1400000,
    "ebitda": 2900000,
    "ebitdaratio": 0.1223628692,
    "operatingIncome": 1500000,
    "operatingIncomeRatio": 0.0632911392,
    "totalOtherIncomeExpensesNet": -188000,
    "incomeBeforeTax": 1300000,
    "incomeBeforeTaxRatio": 0.0548523207,
    "incomeTaxExpense": 200000,
    "netIncome": 1100000,
    "netIncomeRatio": 0.0464135021,
    "eps": 0.0334,
    "epsdiluted": 0.0323,
    "weightedAverageShsOut": 32923000,
    "weightedAverageShsOutDil": 34050826,
    "link": "https://www.sec.gov/Archives/edgar/data/4127/000095010995004301/0000950109-95-004301-index.html",
    "finalLink": "https://www.sec.gov/Archives/edgar/data/4127/"
  }
]