[
  {
    "date": "2024-09-27",
    "symbol": "SWKS",
    "reportedCurrency": "USD",
    "cik": "0000004127",
    "fillingDate": "2025-01-24",
    "acceptedDate": "2025-01-24 16:04:21",
    "calendarYear": "2024",
    "period": "FY",
    "revenue": 4178000000,
    "costOfRevenue": 2458100000,
    "grossProfit": 1719900000,
    "grossProfitRatio": 0.4116562949,
    "researchAndDevelopmentExpenses": 631700000,
    "generalAndAdministrativeExpenses": 0,
    "sellingAndMarketingExpenses": 0,
    "sellingGeneralAndAdministrativeExpenses": 300800000,
    "otherExpenses": 0,
    "operatingExpenses": 932500000,
    "costAndExpenses": 3390600000,
    "interestIncome": 0,
    "interestExpense": 30700000,
    "depreciationAndAmortization": 451300000,
    "ebitda": 1118400000,
    "ebitdaratio": 0.2676878889,
    "operatingIncome": 787400000,
    "operatingIncomeRatio": 0.1884633796,
    "totalOtherIncomeExpensesNet": -151000000,
    "incomeBeforeTax": 636400000,
    "incomeBeforeTaxRatio": 0.152321685,
    "incomeTaxExpense": 40400000,
    "netIncome": 596000000,
    "netIncomeRatio": 0.1426519866,
    "eps": 3.72,
    "epsdiluted": 3.69,
    "weightedAverageShsOut": 160100000,
    "weightedAverageShsOutDil": 161500000,
    "link": "https://www.sec.gov/Archives/edgar/data/4127/000000412725000006/0000004127-25-000006-index.htm",
    "finalLink": "https://www.sec.gov/Archives/edgar/data/4127/000000412725000006/swks-20240927.htm"
  },
  {
    "date": "2023-09-29",
    "symbol": "SWKS",
    "reportedCurrency": "USD",
    "cik": "0000004127",
    "fillingDate": "2024-01-26",
    "acceptedDate": "2024-01-25 20:11:56",
    "calendarYear": "2023",
    "period": "FY",
    "revenue": 4772400000,
    "costOfRevenue": 2650800000,
    "grossProfit": 2121600000,
    "grossProfitRatio": 0.4445561981,
    "researchAndDevelopmentExpenses": 606800000,
    "generalAndAdministrativeExpenses": 0,
    "sellingAndMarketingExpenses": 0,
    "sellingGeneralAndAdministrativeExpenses": 314000000,
    "otherExpenses": 0,
    "operatingExpenses": 920800000,
    "costAndExpenses": 3571600000,
    "interestIncome": 0,
    "interestExpense": 64400000,
    "depreciationAndAmortization": 613700000,
    "ebitda": 1756900000,
    "ebitdaratio": 0.3681376247,
    "operatingIncome": 1200800000,
    "operatingIncomeRatio": 0.251613444,
    "totalOtherIncomeExpensesNet": -122000000,
    "incomeBeforeTax": 1078800000,
    "incomeBeforeTaxRatio": 0.2260497863,
    "incomeTaxExpense": 96000000,
    "netIncome": 982800000,
    "netIncomeRatio": 0.2059341212,
    "eps": 6.17,
    "epsdiluted": 6.13,
    "weightedAverageShsOut": 159400000,
    "weightedAverageShsOutDil": 160300000,
    "link": "https://www.sec.gov/Archives/edgar/data/4127/000000412724000002/0000004127-24-000002-index.htm",
    "finalLink": "https://www.sec.gov/Archives/edgar/data/4127/000000412724000002/swks-20230929.htm"
  },
  {
    "date": "2022-09-30",
    "symbol": "SWKS",
    "reportedCurrency": "USD",
    "cik": "0000004127",
    "fillingDate": "2023-01-27",
    "acceptedDate": "2023-01-27 16:20:03",
    "calendarYear": "2022",
    "period": "FY",
    "revenue": 5485500000,
    "costOfRevenue": 2980100000,
    "grossProfit": 2505400000,
    "grossProfitRatio": 0.4567313827,
    "researchAndDevelopmentExpenses": 617900000,
    "generalAndAdministrativeExpenses": 0,
    "sellingAndMarketingExpenses": 0,
    "sellingGeneralAndAdministrativeExpenses": 329800000,
    "otherExpenses": 0,
    "operatingExpenses": 947700000,
    "costAndExpenses": 3927800000,
    "interestIncome": 0,
    "interestExpense": 47900000,
    "depreciationAndAmortization": 690100000,
    "ebitda": 2214600000,
    "ebitdaratio": 0.4037188953,
    "operatingIncome": 1557700000,
    "operatingIncomeRatio": 0.2839668216,
    "totalOtherIncomeExpensesNet": -81100000,
    "incomeBeforeTax": 1476600000,
    "incomeBeforeTaxRatio": 0.2691823899,
    "incomeTaxExpense": 201400000,
    "netIncome": 1275200000,
    "netIncomeRatio": 0.2324674141,
    "eps": 7.85,
    "epsdiluted": 7.81,
    "weightedAverageShsOut": 162400000,
    "weightedAverageShsOutDil": 163300000,
    "link": "https://www.sec.gov/Archives/edgar/data/4127/000000412723000005/0000004127-23-000005-index.htm",
    "finalLink": "https://www.sec.gov/Archives/edgar/data/4127/000000412723000005/swks-20220930.htm"
  },
  {
    "date": "2021-10-01",
    "symbol": "SWKS",
    "reportedCurrency": "USD",
    "cik": "0000004127",
    "fillingDate": "2021-11-24",
    "acceptedDate": "2021-11-24 16:48:16",
    "calendarYear": "2021",
    "period": "FY",
    "revenue": 5109100000,
    "costOfRevenue": 2615000000,
    "grossProfit": 2494100000,
    "grossProfitRatio": 0.4881681705,
    "researchAndDevelopmentExpenses": 532299999,
    "generalAndAdministrativeExpenses": 0,
    "sellingAndMarketingExpenses": 0,
    "sellingGeneralAndAdministrativeExpenses": 281800000,
    "otherExpenses": 0,
    "operatingExpenses": 814100000,
    "costAndExpenses": 3429100000,
    "interestIncome": 1200000,
    "interestExpense": 13400000,
    "depreciationAndAmortization": 436700000,
    "ebitda": 2048800000,
    "ebitdaratio": 0.4010099626,
    "operatingIncome": 1680000000,
    "operatingIncomeRatio": 0.3288250377,
    "totalOtherIncomeExpensesNet": -81300000,
    "incomeBeforeTax": 1598700000,
    "incomeBeforeTaxRatio": 0.3129122546,
    "incomeTaxExpense": 100400000,
    "netIncome": 1498300000,
    "netIncomeRatio": 0.293261044,
    "eps": 9.07,
    "epsdiluted": 8.97,
    "weightedAverageShsOut": 165200000,
    "weightedAverageShsOutDil": 167000000,
    "link": "https://www.sec.gov/Archives/edgar/data/4127/000000412721000058/0000004127-21-000058-index.htm",
    "finalLink": "https://www.sec.gov/Archives/edgar/data/4127/000000412721000058/swks-20211001.htm"
  },
  {
    "date": "2020-10-02",
    "symbol": "SWKS",
    "reportedCurrency": "USD",
    "cik": "0000004127",
    "fillingDate": "2021-01-29",
    "acceptedDate": "2021-01-29 16:30:34",
    "calendarYear": "2020",
    "period": "FY",
    "revenue": 3355700000,
    "costOfRevenue": 1754600000,
    "grossProfit": 1601100000,
    "grossProfitRatio": 0.477128468,
    "researchAndDevelopmentExpenses": 464100000,
    "generalAndAdministrativeExpenses": 0,
    "sellingAndMarketingExpenses": 0,
    "sellingGeneralAndAdministrativeExpenses": 231400000,
    "otherExpenses": 0,
    "operatingExpenses": 695500000,
    "costAndExpenses": 2450100000,
    "interestIncome": 0,
    "interestExpense": 0,
    "depreciationAndAmortization": 364300000,
    "ebitda": 1256000000,
    "ebitdaratio": 0.374288524,
    "operatingIncome": 905600000,
    "operatingIncomeRatio": 0.2698691778,
    "totalOtherIncomeExpensesNet": -13900000,
    "incomeBeforeTax": 891700000,
    "incomeBeforeTaxRatio": 0.265726972,
    "incomeTaxExpense": 76900000,
    "netIncome": 814800000,
    "netIncomeRatio": 0.2428107399,
    "eps": 4.84,
    "epsdiluted": 4.8,
    "weightedAverageShsOut": 168500000,
    "weightedAverageShsOutDil": 169900000,
    "link": "https://www.sec.gov/Archives/edgar/data/4127/000000412721000015/0000004127-21-000015-index.htm",
    "finalLink": "https://www.sec.gov/Archives/edgar/data/4127/000000412721000015/swks-20201002.htm"
  },
  {
    "date": "2019-09-27",
    "symbol": "SWKS",
    "reportedCurrency": "USD",
    "cik": "0000004127",
    "fillingDate": "2020-01-27",
    "acceptedDate": "2020-01-27 08:22:03",
    "calendarYear": "2019",
    "period": "FY",
    "revenue": 3376800000,
    "costOfRevenue": 1795600000,
    "grossProfit": 1581200000,
    "grossProfitRatio": 0.4682539683,
    "researchAndDevelopmentExpenses": 424100000,
    "generalAndAdministrativeExpenses": 0,
    "sellingAndMarketingExpenses": 0,
    "sellingGeneralAndAdministrativeExpenses": 198300000,
    "otherExpenses": 0,
    "operatingExpenses": 622400000,
    "costAndExpenses": 2418000000,
    "interestIncome": 0,
    "interestExpense": 0,
    "depreciationAndAmortization": 371600000,
    "ebitda": 1332600000,
    "ebitdaratio": 0.394633973,
    "operatingIncome": 958800000,
    "operatingIncomeRatio": 0.2839374556,
    "totalOtherIncomeExpensesNet": 2200000,
    "incomeBeforeTax": 961000000,
    "incomeBeforeTaxRatio": 0.28458896,
    "incomeTaxExpense": 107400000,
    "netIncome": 853600000,
    "netIncomeRatio": 0.2527837005,
    "eps": 4.92,
    "epsdiluted": 4.89,
    "weightedAverageShsOut": 173500000,
    "weightedAverageShsOutDil": 174500000,
    "link": "https://www.sec.gov/Archives/edgar/data/4127/000000412720000009/0000004127-20-000009-index.htm",
    "finalLink": "https://www.sec.gov/Archives/edgar/data/4127/000000412720000009/fy1910-kajanuary242020.htm"
  },
  {
    "date": "2018-09-28",
    "symbol": "SWKS",
    "reportedCurrency": "USD",
    "cik": "0000004127",
    "fillingDate": "2019-01-25",
    "acceptedDate": "2019-01-25 16:32:35",
    "calendarYear": "2018",
    "period": "FY",
    "revenue": 3868000000,
    "costOfRevenue": 1935600000,
    "grossProfit": 1932400000,
    "grossProfitRatio": 0.4995863495,
    "researchAndDevelopmentExpenses": 404500000,
    "generalAndAdministrativeExpenses": 0,
    "sellingAndMarketingExpenses": 0,
    "sellingGeneralAndAdministrativeExpenses": 219700000,
    "otherExpenses": 0,
    "operatingExpenses": 624200000,
    "costAndExpenses": 2559800000,
    "interestIncome": 0,
    "interestExpense": 0,
    "depreciationAndAmortization": 299200000,
    "ebitda": 1631300000,
    "ebitdaratio": 0.4217425026,
    "operatingIncome": 1308200000,
    "operatingIncomeRatio": 0.3382109617,
    "totalOtherIncomeExpensesNet": 23900000,
    "incomeBeforeTax": 1332100000,
    "incomeBeforeTaxRatio": 0.3443898656,
    "incomeTaxExpense": 413700000,
    "netIncome": 918400000,
    "netIncomeRatio": 0.2374353671,
    "eps": 5.07,
    "epsdiluted": 5.01,
    "weightedAverageShsOut": 181300000,
    "weightedAverageShsOutDil": 183200000,
    "link": "https://www.sec.gov/Archives/edgar/data/4127/000000412719000005/0000004127-19-000005-index.htm",
    "finalLink": "https://www.sec.gov/Archives/edgar/data/4127/000000412719000005/fy1810-kajanuary252019.htm"
  },
  {
    "date": "2017-09-29",
    "symbol": "SWKS",
    "reportedCurrency": "USD",
    "cik": "0000004127",
    "fillingDate": "2018-01-26",
    "acceptedDate": "2018-01-26 17:15:27",
    "calendarYear": "2017",
    "period": "FY",
    "revenue": 3651400000,
    "costOfRevenue": 1837200000,
    "grossProfit": 1814200000,
    "grossProfitRatio": 0.4968505231,
    "researchAndDevelopmentExpenses": 355200000,
    "generalAndAdministrativeExpenses": 0,
    "sellingAndMarketingExpenses": 0,
    "sellingGeneralAndAdministrativeExpenses": 205900000,
    "otherExpenses": 0,
    "operatingExpenses": 561100000,
    "costAndExpenses": 2398300000,
    "interestIncome": 0,
    "interestExpense": 0,
    "depreciationAndAmortization": 254800000,
    "ebitda": 1511800000,
    "ebitdaratio": 0.4140329737,
    "operatingIncome": 1253100000,
    "operatingIncomeRatio": 0.3431834365,
    "totalOtherIncomeExpensesNet": 3900000,
    "incomeBeforeTax": 1257000000,
    "incomeBeforeTaxRatio": 0.34425152,
    "incomeTaxExpense": 246800000,
    "netIncome": 1010200000,
    "netIncomeRatio": 0.2766610067,
    "eps": 5.48,
    "epsdiluted": 5.41,
    "weightedAverageShsOut": 184300000,
    "weightedAverageShsOutDil": 186700000,
    "link": "https://www.sec.gov/Archives/edgar/data/4127/000000412718000004/0000004127-18-000004-index.htm",
    "finalLink": "https://www.sec.gov/Archives/edgar/data/4127/000000412718000004/fy1710-kajanuary262018.htm"
  },
  {
    "date": "2016-09-30",
    "symbol": "SWKS",
    "reportedCurrency": "USD",
    "cik": "0000004127",
    "fillingDate": "2016-11-22",
    "acceptedDate": "2016-11-22 16:24:26",
    "calendarYear": "2016",
    "period": "FY",
    "revenue": 3289000000,
    "costOfRevenue": 1657200000,
    "grossProfit": 1631800000,
    "grossProfitRatio": 0.496138644,
    "researchAndDevelopmentExpenses": 312400000,
    "generalAndAdministrativeExpenses": 0,
    "sellingAndMarketingExpenses": 0,
    "sellingGeneralAndAdministrativeExpenses": 195900000,
    "otherExpenses": 0,
    "operatingExpenses": 508300000,
    "costAndExpenses": 2165500000,
    "interestIncome": 0,
    "interestExpense": 0,
    "depreciationAndAmortization": 247800000,
    "ebitda": 1448400000,
    "ebitdaratio": 0.4403770143,
    "operatingIncome": 1123500000,
    "operatingIncomeRatio": 0.3415931894,
    "totalOtherIncomeExpensesNet": 77100000,
    "incomeBeforeTax": 1200600000,
    "incomeBeforeTaxRatio": 0.365034965,
    "incomeTaxExpense": 205400000,
    "netIncome": 995200000,
    "netIncomeRatio": 0.3025843721,
    "eps": 5.27,
    "epsdiluted": 5.18,
    "weightedAverageShsOut": 188700000,
    "weightedAverageShsOutDil": 192100000,
    "link": "https://www.sec.gov/Archives/edgar/data/4127/000000412716000068/0000004127-16-000068-index.htm",
    "finalLink": "https://www.sec.gov/Archives/edgar/data/4127/000000412716000068/fy1610k93016.htm"
  },
  {
    "date": "2015-10-02",
    "symbol": "SWKS",
    "reportedCurrency": "USD",
    "cik": "0000004127",
    "fillingDate": "2015-11-24",
    "acceptedDate": "2015-11-24 16:12:08",
    "calendarYear": "2015",
    "period": "FY",
    "revenue": 3258400000,
    "costOfRevenue": 1737400000,
    "grossProfit": 1521000000,
    "grossProfitRatio": 0.4667935183,
    "researchAndDevelopmentExpenses": 303200000,
    "generalAndAdministrativeExpenses": 0,
    "sellingAndMarketingExpenses": 0,
    "sellingGeneralAndAdministrativeExpenses": 191300000,
    "otherExpenses": 0,
    "operatingExpenses": 494500000,
    "costAndExpenses": 2231900000,
    "interestIncome": 0,
    "interestExpense": 0,
    "depreciationAndAmortization": 195800000,
    "ebitda": 1219400000,
    "ebitdaratio": 0.3742327523,
    "operatingIncome": 1026500000,
    "operatingIncomeRatio": 0.3150319175,
    "totalOtherIncomeExpensesNet": -2900000,
    "incomeBeforeTax": 1023600000,
    "incomeBeforeTaxRatio": 0.3141419101,
    "incomeTaxExpense": 225300000,
    "netIncome": 798300000,
    "netIncomeRatio": 0.2449975448,
    "eps": 4.21,
    "epsdiluted": 4.1,
    "weightedAverageShsOut": 189500000,
    "weightedAverageShsOutDil": 194900000,
    "link": "https://www.sec.gov/Archives/edgar/data/4127/000000412715000037/0000004127-15-000037-index.htm",
    "finalLink": "https://www.sec.gov/Archives/edgar/data/4127/000000412715000037/fy1510k1022015.htm"
  },
  {
    "date": "2014-10-03",
    "symbol": "SWKS",
    "reportedCurrency": "USD",
    "cik": "0000004127",
    "fillingDate": "2014-11-25",
    "acceptedDate": "2014-11-25 16:07:44",
    "calendarYear": "2014",
    "period": "FY",
    "revenue": 2291500000,
    "costOfRevenue": 1294700000,
    "grossProfit": 996800000,
    "grossProfitRatio": 0.434998909,
    "researchAndDevelopmentExpenses": 252200000,
    "generalAndAdministrativeExpenses": 0,
    "sellingAndMarketingExpenses": 0,
    "sellingGeneralAndAdministrativeExpenses": 171800000,
    "otherExpenses": 0,
    "operatingExpenses": 424000000,
    "costAndExpenses": 1718700000,
    "interestIncome": 0,
    "interestExpense": 0,
    "depreciationAndAmortization": 122700000,
    "ebitda": 687900000,
    "ebitdaratio": 0.3001963779,
    "operatingIncome": 572800000,
    "operatingIncomeRatio": 0.2499672703,
    "totalOtherIncomeExpensesNet": -7600000,
    "incomeBeforeTax": 565200000,
    "incomeBeforeTaxRatio": 0.2466506655,
    "incomeTaxExpense": 107500000,
    "netIncome": 457700000,
    "netIncomeRatio": 0.1997381628,
    "eps": 2.44,
    "epsdiluted": 2.38,
    "weightedAverageShsOut": 187200000,
    "weightedAverageShsOutDil": 192600000,
    "link": "https://www.sec.gov/Archives/edgar/data/4127/000000412714000046/0000004127-14-000046-index.htm",
    "finalLink": "https://www.sec.gov/Archives/edgar/data/4127/000000412714000046/fy1410k1032014.htm"
  },
  {
    "date": "2013-09-27",
    "symbol": "SWKS",
    "reportedCurrency": "USD",
    "cik": "0000004127",
    "fillingDate": "2014-01-27",
    "acceptedDate": "2014-01-27 16:13:10",
    "calendarYear": "2013",
    "period": "FY",
    "revenue": 1792000000,
    "costOfRevenue": 1054500000,
    "grossProfit": 737500000,
    "grossProfitRatio": 0.4115513393,
    "researchAndDevelopmentExpenses": 226300000,
    "generalAndAdministrativeExpenses": 0,
    "sellingAndMarketingExpenses": 0,
    "sellingGeneralAndAdministrativeExpenses": 159700000,
    "otherExpenses": 0,
    "operatingExpenses": 386000000,
    "costAndExpenses": 1440500000,
    "interestIncome": 0,
    "interestExpense": 0,
    "depreciationAndAmortization": 103400000,
    "ebitda": 447900000,
    "ebitdaratio": 0.2499441964,
    "operatingIncome": 351500000,
    "operatingIncomeRatio": 0.1961495536,
    "totalOtherIncomeExpensesNet": -7000000,
    "incomeBeforeTax": 344500000,
    "incomeBeforeTaxRatio": 0.1922433036,
    "incomeTaxExpense": 66400000,
    "netIncome": 278100000,
    "netIncomeRatio": 0.1551897321,
    "eps": 1.48,
    "epsdiluted": 1.45,
    "weightedAverageShsOut": 187500000,
    "weightedAverageShsOutDil": 192200000,
    "link": "https://www.sec.gov/Archives/edgar/data/4127/000000412714000006/0000004127-14-000006-index.htm",
    "finalLink": "https://www.sec.gov/Archives/edgar/data/4127/000000412714000006/fy1310-kajanuary272014.htm"
  },
  {
    "date": "2012-09-28",
    "symbol": "SWKS",
    "reportedCurrency": "USD",
    "cik": "0000004127",
    "fillingDate": "2013-01-28",
    "acceptedDate": "2013-01-28 16:28:17",
    "calendarYear": "2012",
    "period": "FY",
    "revenue": 1568581000,
    "costOfRevenue": 934228000,
    "grossProfit": 634353000,
    "grossProfitRatio": 0.4044120132,
    "researchAndDevelopmentExpenses": 212534000,
    "generalAndAdministrativeExpenses": 0,
    "sellingAndMarketingExpenses": 0,
    "sellingGeneralAndAdministrativeExpenses": 152947000,
    "otherExpenses": 0,
    "operatingExpenses": 365481000,
    "costAndExpenses": 1299709000,
    "interestIncome": 0,
    "interestExpense": 667000,
    "depreciationAndAmortization": 102754000,
    "ebitda": 358397000,
    "ebitdaratio": 0.2284848535,
    "operatingIncome": 268872000,
    "operatingIncomeRatio": 0.1714109759,
    "totalOtherIncomeExpensesNet": -13896000,
    "incomeBeforeTax": 254976000,
    "incomeBeforeTaxRatio": 0.1625520136,
    "incomeTaxExpense": 52898000,
    "netIncome": 202078000,
    "netIncomeRatio": 0.1288285399,
    "eps": 1.09,
    "epsdiluted": 1.05,
    "weightedAverageShsOut": 185839000,
    "weightedAverageShsOutDil": 191846000,
    "link": "https://www.sec.gov/Archives/edgar/data/4127/000000412713000002/0000004127-13-000002-index.htm",
    "finalLink": "https://www.sec.gov/Archives/edgar/data/4127/000000412713000002/fy1210-kajanuary2013.htm"
  },
  {
    "date": "2011-09-30",
    "symbol": "SWKS",
    "reportedCurrency": "USD",
    "cik": "0000004127",
    "fillingDate": "2012-01-30",
    "acceptedDate": "2012-01-30 17:03:32",
    "calendarYear": "2011",
    "period": "FY",
    "revenue": 1418922000,
    "costOfRevenue": 815360000,
    "grossProfit": 603562000,
    "grossProfitRatio": 0.4253665811,
    "researchAndDevelopmentExpenses": 168637000,
    "generalAndAdministrativeExpenses": 0,
    "sellingAndMarketingExpenses": 0,
    "sellingGeneralAndAdministrativeExpenses": 137238000,
    "otherExpenses": 0,
    "operatingExpenses": 305875000,
    "costAndExpenses": 1121235000,
    "interestIncome": 0,
    "interestExpense": 1936000,
    "depreciationAndAmortization": 76530000,
    "ebitda": 372352000,
    "ebitdaratio": 0.2624189349,
    "operatingIncome": 297687000,
    "operatingIncomeRatio": 0.2097980016,
    "totalOtherIncomeExpensesNet": -3801000,
    "incomeBeforeTax": 293886000,
    "incomeBeforeTaxRatio": 0.2071192074,
    "incomeTaxExpense": 67301000,
    "netIncome": 226585000,
    "netIncomeRatio": 0.1596881294,
    "eps": 1.24,
    "epsdiluted": 1.19,
    "weightedAverageShsOut": 182879000,
    "weightedAverageShsOutDil": 190667000,
    "link": "https://www.sec.gov/Archives/edgar/data/4127/000000412712000008/0000004127-12-000008-index.htm",
    "finalLink": "https://www.sec.gov/Archives/edgar/data/4127/000000412712000008/a10-kajanuary302012.htm"
  },
  {
    "date": "2010-10-01",
    "symbol": "SWKS",
    "reportedCurrency": "USD",
    "cik": "0000004127",
    "fillingDate": "2011-01-31",
    "acceptedDate": "2011-01-31 17:04:22",
    "calendarYear": "2010",
    "period": "FY",
    "revenue": 1071849000,
    "costOfRevenue": 621152000,
    "grossProfit": 450697000,
    "grossProfitRatio": 0.4204855348,
    "researchAndDevelopmentExpenses": 134139999,
    "generalAndAdministrativeExpenses": 0,
    "sellingAndMarketingExpenses": 0,
    "sellingGeneralAndAdministrativeExpenses": 117853000,
    "otherExpenses": 0,
    "operatingExpenses": 251993000,
    "costAndExpenses": 873145000,
    "interestIncome": 0,
    "interestExpense": 4246000,
    "depreciationAndAmortization": 52709000,
    "ebitda": 252029000,
    "ebitdaratio": 0.2351347998,
    "operatingIncome": 198704000,
    "operatingIncomeRatio": 0.1853843219,
    "totalOtherIncomeExpensesNet": -3630000,
    "incomeBeforeTax": 195074000,
    "incomeBeforeTaxRatio": 0.1819976508,
    "incomeTaxExpense": 57780000,
    "netIncome": 137294000,
    "netIncomeRatio": 0.1280908038,
    "eps": 0.78,
    "epsdiluted": 0.75,
    "weightedAverageShsOut": 175020000,
    "weightedAverageShsOutDil": 182738000,
    "link": "https://www.sec.gov/Archives/edgar/data/4127/000095012311007361/0000950123-11-007361-index.htm",
    "finalLink": "https://www.sec.gov/Archives/edgar/data/4127/000095012311007361/a58459e10vkza.htm"
  },
  {
    "date": "2009-10-02",
    "symbol": "SWKS",
    "reportedCurrency": "USD",
    "cik": "0000004127",
    "fillingDate": "2009-11-30",
    "acceptedDate": "2009-11-30 17:14:41",
    "calendarYear": "2009",
    "period": "FY",
    "revenue": 802577000,
    "costOfRevenue": 490475000,
    "grossProfit": 312102000,
    "grossProfitRatio": 0.3888748369,
    "researchAndDevelopmentExpenses": 123996000,
    "generalAndAdministrativeExpenses": 0,
    "sellingAndMarketingExpenses": 0,
    "sellingGeneralAndAdministrativeExpenses": 100421000,
    "otherExpenses": 0,
    "operatingExpenses": 224417000,
    "costAndExpenses": 714892000,
    "interestIncome": 0,
    "interestExpense": 3644000,
    "depreciationAndAmortization": 50531000,
    "ebitda": 119921000,
    "ebitdaratio": 0.149419931,
    "operatingIncome": 87685000,
    "operatingIncomeRatio": 0.1092543145,
    "totalOtherIncomeExpensesNet": -21939000,
    "incomeBeforeTax": 65746000,
    "incomeBeforeTaxRatio": 0.0819186196,
    "incomeTaxExpense": -27543000,
    "netIncome": 93289000,
    "netIncomeRatio": 0.1162368221,
    "eps": 0.57,
    "epsdiluted": 0.56,
    "weightedAverageShsOut": 167047000,
    "weightedAverageShsOutDil": 169663000,
    "link": "https://www.sec.gov/Archives/edgar/data/4127/000095012309066947/0000950123-09-066947-index.htm",
    "finalLink": "https://www.sec.gov/Archives/edgar/data/4127/000095012309066947/a54461e10vk.htm"
  },
  {
    "date": "2008-10-03",
    "symbol": "SWKS",
    "reportedCurrency": "USD",
    "cik": "0000004127",
    "fillingDate": "2008-12-02",
    "acceptedDate": "2008-12-02 17:21:28",
    "calendarYear": "2008",
    "period": "FY",
    "revenue": 860017000,
    "costOfRevenue": 523058999,
    "grossProfit": 336958000,
    "grossProfitRatio": 0.3918038829,
    "researchAndDevelopmentExpenses": 146013000,
    "generalAndAdministrativeExpenses": 0,
    "sellingAndMarketingExpenses": 0,
    "sellingGeneralAndAdministrativeExpenses": 100007000,
    "otherExpenses": 0,
    "operatingExpenses": 246020000,
    "costAndExpenses": 769079000,
    "interestIncome": 0,
    "interestExpense": 7330000,
    "depreciationAndAmortization": 50717000,
    "ebitda": 140235000,
    "ebitdaratio": 0.1630607302,
    "operatingIncome": 90938000,
    "operatingIncomeRatio": 0.1057397703,
    "totalOtherIncomeExpensesNet": -8750000,
    "incomeBeforeTax": 82188000,
    "incomeBeforeTaxRatio": 0.0955655528,
    "incomeTaxExpense": -28818000,
    "netIncome": 111006000,
    "netIncomeRatio": 0.1290741927,
    "eps": 0.69,
    "epsdiluted": 0.68,
    "weightedAverageShsOut": 161878000,
    "weightedAverageShsOutDil": 164755000,
    "link": "https://www.sec.gov/Archives/edgar/data/4127/000089256908001542/0000892569-08-001542-index.htm",
    "finalLink": "https://www.sec.gov/Archives/edgar/data/4127/000089256908001542/a50645e10vk.htm"
  },
  {
    "date": "2007-09-28",
    "symbol": "SWKS",
    "reportedCurrency": "USD",
    "cik": "0000004127",
    "fillingDate": "2007-11-27",
    "acceptedDate": "2007-11-27 16:35:04",
    "calendarYear": "2007",
    "period": "FY",
    "revenue": 741744000,
    "costOfRevenue": 456503000,
    "grossProfit": 285241000,
    "grossProfitRatio": 0.3845545094,
    "researchAndDevelopmentExpenses": 126075000,
    "generalAndAdministrativeExpenses": 0,
    "sellingAndMarketingExpenses": 0,
    "sellingGeneralAndAdministrativeExpenses": 94950000,
    "otherExpenses": 0,
    "operatingExpenses": 221025000,
    "costAndExpenses": 677528000,
    "interestIncome": 0,
    "interestExpense": 12590000,
    "depreciationAndAmortization": 41381000,
    "ebitda": 110741000,
    "ebitdaratio": 0.1492981406,
    "operatingIncome": 64215999,
    "operatingIncomeRatio": 0.0865743424,
    "totalOtherIncomeExpensesNet": -7445999,
    "incomeBeforeTax": 56770000,
    "incomeBeforeTaxRatio": 0.0765358399,
    "incomeTaxExpense": -880000,
    "netIncome": 57650000,
    "netIncomeRatio": 0.077722233,
    "eps": 0.36,
    "epsdiluted": 0.36,
    "weightedAverageShsOut": 159993000,
    "weightedAverageShsOutDil": 161064000,
    "link": "https://www.sec.gov/Archives/edgar/data/4127/000089256907001468/0000892569-07-001468-index.htm",
    "finalLink": "https://www.sec.gov/Archives/edgar/data/4127/000089256907001468/a35868e10vk.htm"
  },
  {
    "date": "2006-09-29",
    "symbol": "SWKS",
    "reportedCurrency": "USD",
    "cik": "0000004127",
    "fillingDate": "2006-12-13",
    "acceptedDate": "2006-12-13 16:58:58",
    "calendarYear": "2006",
    "period": "FY",
    "revenue": 773750000,
    "costOfRevenue": 513215000,
    "grossProfit": 260535000,
    "grossProfitRatio": 0.3367172859,
    "researchAndDevelopmentExpenses": 164106000,
    "generalAndAdministrativeExpenses": 0,
    "sellingAndMarketingExpenses": 0,
    "sellingGeneralAndAdministrativeExpenses": 135801000,
    "otherExpenses": 0,
    "operatingExpenses": 299907000,
    "costAndExpenses": 813122000,
    "interestIncome": 0,
    "interestExpense": 14797000,
    "depreciationAndAmortization": 40361000,
    "ebitda": -17616000,
    "ebitdaratio": -0.0227670436,
    "operatingIncome": -39372000,
    "operatingIncomeRatio": -0.0508846527,
    "totalOtherIncomeExpensesNet": -33402000,
    "incomeBeforeTax": -72774000,
    "incomeBeforeTaxRatio": -0.0940536349,
    "incomeTaxExpense": 15378000,
    "netIncome": -88152000,
    "netIncomeRatio": -0.1139282714,
    "eps": -0.55,
    "epsdiluted": -0.55,
    "weightedAverageShsOut": 159408000,
    "weightedAverageShsOutDil": 159408000,
    "link": "https://www.sec.gov/Archives/edgar/data/4127/000089256906001446/0000892569-06-001446-index.htm",
    "finalLink": "https://www.sec.gov/Archives/edgar/data/4127/000089256906001446/a25760e10vk.htm"
  },
  {
    "date": "2005-09-30",
    "symbol": "SWKS",
    "reportedCurrency": "USD",
    "cik": "0000004127",
    "fillingDate": "2005-12-14",
    "acceptedDate": "2005-12-14 17:25:06",
    "calendarYear": "2005",
    "period": "FY",
    "revenue": 792371000,
    "costOfRevenue": 486953000,
    "grossProfit": 305418000,
    "grossProfitRatio": 0.3854482307,
    "researchAndDevelopmentExpenses": 152215000,
    "generalAndAdministrativeExpenses": 0,
    "sellingAndMarketingExpenses": 0,
    "sellingGeneralAndAdministrativeExpenses": 103070000,
    "otherExpenses": 0,
    "operatingExpenses": 255285000,
    "costAndExpenses": 742238000,
    "interestIncome": 0,
    "interestExpense": 14597000,
    "depreciationAndAmortization": 39631000,
    "ebitda": 95217000,
    "ebitdaratio": 0.1201671944,
    "operatingIncome": 50133000,
    "operatingIncomeRatio": 0.0632696048,
    "totalOtherIncomeExpensesNet": -9144000,
    "incomeBeforeTax": 40989000,
    "incomeBeforeTaxRatio": 0.051729556,
    "incomeTaxExpense": 15378000,
    "netIncome": 25611000,
    "netIncomeRatio": 0.0323219805,
    "eps": 0.16,
    "epsdiluted": 0.16,
    "weightedAverageShsOut": 157453000,
    "weightedAverageShsOutDil": 158857000,
    "link": "https://www.sec.gov/Archives/edgar/data/4127/000089256905001238/0000892569-05-001238-index.htm",
    "finalLink": "https://www.sec.gov/Archives/edgar/data/4127/000089256905001238/a15329e10vk.htm"
  },
  {
    "date": "2004-10-01",
    "symbol": "SWKS",
    "reportedCurrency": "USD",
    "cik": "0000004127",
    "fillingDate": "2004-12-13",
    "acceptedDate": "2004-12-13 17:02:47",
    "calendarYear": "2004",
    "period": "FY",
    "revenue": 784023000,
    "costOfRevenue": 473850000,
    "grossProfit": 310173000,
    "grossProfitRatio": 0.3956172204,
    "researchAndDevelopmentExpenses": 152633000,
    "generalAndAdministrativeExpenses": 0,
    "sellingAndMarketingExpenses": 0,
    "sellingGeneralAndAdministrativeExpenses": 97522000,
    "otherExpenses": 0,
    "operatingExpenses": 250155000,
    "costAndExpenses": 724005000,
    "interestIncome": 0,
    "interestExpense": 17947000,
    "depreciationAndAmortization": 38872000,
    "ebitda": 83215000,
    "ebitdaratio": 0.1061384679,
    "operatingIncome": 60018000,
    "operatingIncomeRatio": 0.0765513257,
    "totalOtherIncomeExpensesNet": -33622000,
    "incomeBeforeTax": 26396000,
    "incomeBeforeTaxRatio": 0.0336673797,
    "incomeTaxExpense": 3984000,
    "netIncome": 22412000,
    "netIncomeRatio": 0.0285858961,
    "eps": 0.15,
    "epsdiluted": 0.15,
    "weightedAverageShsOut": 149413333,
    "weightedAverageShsOutDil": 149413333,
    "link": "https://www.sec.gov/Archives/edgar/data/4127/000000412704000082/0000004127-04-000082-index.htm",
    "finalLink": "https://www.sec.gov/Archives/edgar/data/4127/000000412704000082/tenk.htm"
  },
  {
    "date": "2003-09-27",
    "symbol": "SWKS",
    "reportedCurrency": "USD",
    "cik": "0000004127",
    "fillingDate": "2003-12-22",
    "acceptedDate": "2003-12-22 14:50:11",
    "calendarYear": "2003",
    "period": "FY",
    "revenue": 617789000,
    "costOfRevenue": 380465000,
    "grossProfit": 237324000,
    "grossProfitRatio": 0.3841505757,
    "researchAndDevelopmentExpenses": 151762000,
    "generalAndAdministrativeExpenses": 0,
    "sellingAndMarketingExpenses": 0,
    "sellingGeneralAndAdministrativeExpenses": 80222000,
    "otherExpenses": 38879000,
    "operatingExpenses": 270863000,
    "costAndExpenses": 651328000,
    "interestIncome": 0,
    "interestExpense": 450401000,
    "depreciationAndAmortization": 43450000,
    "ebitda": 9911000,
    "ebitdaratio": 0.0160426942,
    "operatingIncome": -33539000,
    "operatingIncomeRatio": -0.054288762,
    "totalOtherIncomeExpensesNet": -20086000,
    "incomeBeforeTax": -53625000,
    "incomeBeforeTaxRatio": -0.0868014808,
    "incomeTaxExpense": 652000,
    "netIncome": -451416000,
    "netIncomeRatio": -0.7306960791,
    "eps": -3.24,
    "epsdiluted": -3.24,
    "weightedAverageShsOut": 139376000,
    "weightedAverageShsOutDil": 139376000,
    "link": "https://www.sec.gov/Archives/edgar/data/4127/000000412703000048/0000004127-03-000048-index.htm",
    "finalLink": "https://www.sec.gov/Archives/edgar/data/4127/000000412703000048/tenk.htm"
  },
  {
    "date": "2002-09-27",
    "symbol": "SWKS",
    "reportedCurrency": "USD",
    "cik": "0000004127",
    "fillingDate": "2002-12-23",
    "acceptedDate": "2002-12-23 08:02:39",
    "calendarYear": "2002",
    "period": "FY",
    "revenue": 457769000,
    "costOfRevenue": 331608000,
    "grossProfit": 126161000,
    "grossProfitRatio": 0.275599702,
    "researchAndDevelopmentExpenses": 132603000,
    "generalAndAdministrativeExpenses": 0,
    "sellingAndMarketingExpenses": 0,
    "sellingGeneralAndAdministrativeExpenses": 50178000,
    "otherExpenses": 129250000,
    "operatingExpenses": 312031000,
    "costAndExpenses": 643639000,
    "interestIncome": 0,
    "interestExpense": 251660000,
    "depreciationAndAmortization": 60626000,
    "ebitda": -125244000,
    "ebitdaratio": -0.2735965083,
    "operatingIncome": -251370000,
    "operatingIncomeRatio": -0.5491197525,
    "totalOtherIncomeExpensesNet": -4283000,
    "incomeBeforeTax": -255653000,
    "incomeBeforeTaxRatio": -0.5584759999,
    "incomeTaxExpense": -19589000,
    "netIncome": -236064000,
    "netIncomeRatio": -0.5156836745,
    "eps": -1.72,
    "epsdiluted": -1.72,
    "weightedAverageShsOut": 137416000,
    "weightedAverageShsOutDil": 137416000,
    "link": "https://www.sec.gov/Archives/edgar/data/4127/000095013502005681/0000950135-02-005681-index.htm",
    "finalLink": "https://www.sec.gov/Archives/edgar/data/4127/000095013502005681/b45002sse10vk.txt"
  },
  {
    "date": "2002-03-31",
    "symbol": "SWKS",
    "reportedCurrency": "USD",
    "cik": "0000004127",
    "fillingDate": "2002-07-01",
    "acceptedDate": "2002-07-01 17:18:11",
    "calendarYear": "2001",
    "period": "FY",
    "revenue": 271568000,
    "costOfRevenue": 151632000,
    "grossProfit": 119936000,
    "grossProfitRatio": 0.4416426088,
    "researchAndDevelopmentExpenses": 36026000,
    "generalAndAdministrativeExpenses": 51300000,
    "sellingAndMarketingExpenses": -8050000,
    "sellingGeneralAndAdministrativeExpenses": 43250000,
    "otherExpenses": 0,
    "operatingExpenses": 79276000,
    "costAndExpenses": 230908000,
    "interestIncome": 0,
    "interestExpense": 0,
    "depreciationAndAmortization": 16010000,
    "ebitda": -11820000,
    "ebitdaratio": -0.0435250103,
    "operatingIncome": 40660000,
    "operatingIncomeRatio": 0.1497230896,
    "totalOtherIncomeExpensesNet": 5530000,
    "incomeBeforeTax": 49270000,
    "incomeBeforeTaxRatio": 0.181427856,
    "incomeTaxExpense": 15897000,
    "netIncome": 33373000,
    "netIncomeRatio": 0.1228900312,
    "eps": 0.78,
    "epsdiluted": 0.75,
    "weightedAverageShsOut": 43029000,
    "weightedAverageShsOutDil": 44752000,
    "link": "https://www.sec.gov/Archives/edgar/data/4127/000095013502003198/0000950135-02-003198-index.htm",
    "finalLink": "https://www.sec.gov/Archives/edgar/data/4127/000095013502003198/b43490aie10vk.txt"
  },
  {
    "date": "2000-04-02",
    "symbol": "SWKS",
    "reportedCurrency": "USD",
    "cik": "0000004127",
    "fillingDate": "2000-06-30",
    "acceptedDate": "2000-06-30 00:00:00",
    "calendarYear": "2000",
    "period": "FY",
    "revenue": 184705000,
    "costOfRevenue": 103065000,
    "grossProfit": 81640000,
    "grossProfitRatio": 0.4420021115,
    "researchAndDevelopmentExpenses": 20728000,
    "generalAndAdministrativeExpenses": 52400000,
    "sellingAndMarketingExpenses": -22397000,
    "sellingGeneralAndAdministrativeExpenses": 30003000,
    "otherExpenses": 0,
    "operatingExpenses": 50731000,
    "costAndExpenses": 153796000,
    "interestIncome": 0,
    "interestExpense": 0,
    "depreciationAndAmortization": 9905000,
    "ebitda": 56670000,
    "ebitdaratio": 0.3068135676,
    "operatingIncome": 30909000,
    "operatingIncomeRatio": 0.1673425192,
    "totalOtherIncomeExpensesNet": 18361000,
    "incomeBeforeTax": 36819000,
    "incomeBeforeTaxRatio": 0.1993394873,
    "incomeTaxExpense": 12439000,
    "netIncome": 24380000,
    "netIncomeRatio": 0.1319942611,
    "eps": 0.74,
    "epsdiluted": 0.72,
    "weightedAverageShsOut": 32923000,
    "weightedAverageShsOutDil": 34050826,
    "link": "https://www.sec.gov/Archives/edgar/data/4127/000095013500003477/0000950135-00-003477-index.htm",
    "finalLink": "https://www.sec.gov/Archives/edgar/data/4127/000095013500003477/e10-k405.txt"
  },
  {
    "date": "1999-03-28",
    "symbol": "SWKS",
    "reportedCurrency": "USD",
    "cik": "0000004127",
    "fillingDate": "1999-06-25",
    "acceptedDate": "1999-06-25 00:00:00",
    "calendarYear": "1999",
    "period": "FY",
    "revenue": 126339000,
    "costOfRevenue": 71131000,
    "grossProfit": 55208000,
    "grossProfitRatio": 0.4369830377,
    "researchAndDevelopmentExpenses": 12886000,
    "generalAndAdministrativeExpenses": 27200000,
    "sellingAndMarketingExpenses": -4433000,
    "sellingGeneralAndAdministrativeExpenses": 22767000,
    "otherExpenses": 0,
    "operatingExpenses": 35653000,
    "costAndExpenses": 106784000,
    "interestIncome": 0,
    "interestExpense": -614000,
    "depreciationAndAmortization": 7941000,
    "ebitda": 27552000,
    "ebitdaratio": 0.2180799278,
    "operatingIncome": 19555000,
    "operatingIncomeRatio": 0.1547819755,
    "totalOtherIncomeExpensesNet": 670000,
    "incomeBeforeTax": 20225000,
    "incomeBeforeTaxRatio": 0.1600851677,
    "incomeTaxExpense": -1265000,
    "netIncome": 21490000,
    "netIncomeRatio": 0.1700979112,
    "eps": 0.65,
    "epsdiluted": 0.63,
    "weightedAverageShsOut": 32923000,
    "weightedAverageShsOutDil": 34050826,
    "link": "https://www.sec.gov/Archives/edgar/data/4127/000095013599003292/0000950135-99-003292-index.html",
    "finalLink": "https://www.sec.gov/Archives/edgar/data/4127/000095013599003292/"
  },
  {
    "date": "1998-03-29",
    "symbol": "SWKS",
    "reportedCurrency": "USD",
    "cik": "0000004127",
    "fillingDate": "1998-06-25",
    "acceptedDate": "1998-06-25 00:00:00",
    "calendarYear": "1998",
    "period": "FY",
    "revenue": 116881000,
    "costOfRevenue": 72799000,
    "grossProfit": 44082000,
    "grossProfitRatio": 0.3771528307,
    "researchAndDevelopmentExpenses": 10035000,
    "generalAndAdministrativeExpenses": 21200000,
    "sellingAndMarketingExpenses": 1159000,
    "sellingGeneralAndAdministrativeExpenses": 22359000,
    "otherExpenses": 0,
    "operatingExpenses": 32394000,
    "costAndExpenses": 105193000,
    "interestIncome": 0,
    "interestExpense": 407000,
    "depreciationAndAmortization": 6773000,
    "ebitda": 27496000,
    "ebitdaratio": 0.2352478162,
    "operatingIncome": 11688000,
    "operatingIncomeRatio": 0.0999991444,
    "totalOtherIncomeExpensesNet": 8537000,
    "incomeBeforeTax": 11447000,
    "incomeBeforeTaxRatio": 0.0979372182,
    "incomeTaxExpense": 1145000,
    "netIncome": 10302000,
    "netIncomeRatio": 0.0881409297,
    "eps": 0.31,
    "epsdiluted": 0.3,
    "weightedAverageShsOut": 32923000,
    "weightedAverageShsOutDil": 34050826,
    "link": "https://www.sec.gov/Archives/edgar/data/4127/000092701698002518/0000927016-98-002518-index.html",
    "finalLink": "https://www.sec.gov/Archives/edgar/data/4127/"
  },
  {
    "date": "1997-03-30",
    "symbol": "SWKS",
    "reportedCurrency": "USD",
    "cik": "0000004127",
    "fillingDate": "1997-06-27",
    "acceptedDate": "1997-06-27 00:00:00",
    "calendarYear": "1997",
    "period": "FY",
    "revenue": 85253000,
    "costOfRevenue": 68519000,
    "grossProfit": 16734000,
    "grossProfitRatio": 0.1962863477,
    "researchAndDevelopmentExpenses": 9545000,
    "generalAndAdministrativeExpenses": 0,
    "sellingAndMarketingExpenses": 0,
    "sellingGeneralAndAdministrativeExpenses": 20441000,
    "otherExpenses": 2074000,
    "operatingExpenses": 32060000,
    "costAndExpenses": 100579000,
    "interestIncome": 0,
    "interestExpense": 246000,
    "depreciationAndAmortization": 5921000,
    "ebitda": 18461000,
    "ebitdaratio": 0.2165436993,
    "operatingIncome": -15326000,
    "operatingIncomeRatio": -0.1797707999,
    "totalOtherIncomeExpensesNet": -241000,
    "incomeBeforeTax": -15572000,
    "incomeBeforeTaxRatio": -0.1826563288,
    "incomeTaxExpense": 2427000,
    "netIncome": -15572000,
    "netIncomeRatio": -0.1826563288,
    "eps": -0.47,
    "epsdiluted": -0.46,
    "weightedAverageShsOut": 32923000,
    "weightedAverageShsOutDil": 34050826,
    "link": "https://www.sec.gov/Archives/edgar/data/4127/000092701697001814/0000927016-97-001814-index.html",
    "finalLink": "https://www.sec.gov/Archives/edgar/data/4127/"
  },
  {
    "date": "1996-03-31",
    "symbol": "SWKS",
    "reportedCurrency": "USD",
    "cik": "0000004127",
    "fillingDate": "1996-07-01",
    "acceptedDate": "1996-07-01 00:00:00",
    "calendarYear": "1996",
    "period": "FY",
    "revenue": 96900000,
    "costOfRevenue": 61300000,
    "grossProfit": 35600000,
    "grossProfitRatio": 0.3673890609,
    "researchAndDevelopmentExpenses": 9100000,
    "generalAndAdministrativeExpenses": 0,
    "sellingAndMarketingExpenses": 0,
    "sellingGeneralAndAdministrativeExpenses": 17200000,
    "otherExpenses": 4700000,
    "operatingExpenses": 31000000,
    "costAndExpenses": 92300000,
    "interestIncome": 0,
    "interestExpense": 0,
    "depreciationAndAmortization": 4700000,
    "ebitda": -9405000,
    "ebitdaratio": -0.0970588235,
    "operatingIncome": 4600000,
    "operatingIncomeRatio": 0.0474716202,
    "totalOtherIncomeExpensesNet": -246000,
    "incomeBeforeTax": 4500000,
    "incomeBeforeTaxRatio": 0.0464396285,
    "incomeTaxExpense": 700000,
    "netIncome": 3800000,
    "netIncomeRatio": 0.0392156863,
    "eps": 0.12,
    "epsdiluted": 0.11,
    "weightedAverageShsOut": 32923000,
    "weightedAverageShsOutDil": 34050826,
    "link": "https://www.sec.gov/Archives/edgar/data/4127/000092701696000491/0000927016-96-000491-index.html",
    "finalLink": "https://www.sec.gov/Archives/edgar/data/4127/"
  },
  {
    "date": "1995-04-02",
    "symbol": "SWKS",
    "reportedCurrency": "USD",
    "cik": "0000004127",
    "fillingDate": "1995-06-30",
    "acceptedDate": "1995-06-30 00:00:00",
    "calendarYear": "1995",
    "period": "FY",
    "revenue": 78300000,
    "costOfRevenue": 50200000,
    "grossProfit": 28100000,
    "grossProfitRatio": 0.3588761175,
    "researchAndDevelopmentExpenses": 4200000,
    "generalAndAdministrativeExpenses": 0,
    "sellingAndMarketingExpenses": 0,
    "sellingGeneralAndAdministrativeExpenses": 15700000,
    "otherExpenses": 4200000,
    "operatingExpenses": 24100000,
    "costAndExpenses": 74300000,
    "interestIncome": 0,
    "interestExpense": 600000,
    "depreciationAndAmortization": 4200000,
    "ebitda": 8100000,
    "ebitdaratio": 0.1034482759,
    "operatingIncome": 4000000,
    "operatingIncomeRatio": 0.0510855683,
    "totalOtherIncomeExpensesNet": -700000,
    "incomeBeforeTax": 3300000,
    "incomeBeforeTaxRatio": 0.0421455939,
    "incomeTaxExpense": 500000,
    "netIncome": 2800000,
    "netIncomeRatio": 0.0357598978,
    "eps": 0.12,
    "epsdiluted": 0.12,
    "weightedAverageShsOut": 23184000,
    "weightedAverageShsOutDil": 23184000,
    "link": "https://www.sec.gov/Archives/edgar/data/4127/000095013595001444/0000950135-95-001444-index.html",
    "finalLink": "https://www.sec.gov/Archives/edgar/data/4127/"
  },
  {
    "date": "1994-03-31",
    "symbol": "SWKS",
    "reportedCurrency": "USD",
    "cik": "0000004127",
    "fillingDate": "1994-03-31",
    "acceptedDate": "1994-03-31 00:00:00",
    "calendarYear": "1994",
    "period": "FY",
    "revenue": 70100000,
    "costOfRevenue": 50900000,
    "grossProfit": 19200000,
    "grossProfitRatio": 0.2738944365,
    "researchAndDevelopmentExpenses": 3400000,
    "generalAndAdministrativeExpenses": 0,
    "sellingAndMarketingExpenses": 0,
    "sellingGeneralAndAdministrativeExpenses": 16300000,
    "otherExpenses": 4500000,
    "operatingExpenses": 24200000,
    "costAndExpenses": 75100000,
    "interestIncome": 0,
    "interestExpense": 11600000,
    "depreciationAndAmortization": 4500000,
    "ebitda": 8200000,
    "ebitdaratio": 0.1169757489,
    "operatingIncome": -5000000,
    "operatingIncomeRatio": -0.0713266762,
    "totalOtherIncomeExpensesNet": -700000,
    "incomeBeforeTax": -11200000,
    "incomeBeforeTaxRatio": -0.1597717546,
    "incomeTaxExpense": 300000,
    "netIncome": -11500000,
    "netIncomeRatio": -0.1640513552,
    "eps": -0.51,
    "epsdiluted": -0.51,
    "weightedAverageShsOut": 22564000,
    "weightedAverageShsOutDil": 22564000,
    "link": null,
    "finalLink": null
  },
  {
    "date": "1993-03-31",
    "symbol": "SWKS",
    "reportedCurrency": "USD",
    "cik": "0000004127",
    "fillingDate": "1993-03-31",
    "acceptedDate": "1993-03-31 00:00:00",
    "calendarYear": "1993",
    "period": "FY",
    "revenue": 69500000,
    "costOfRevenue": 47700000,
    "grossProfit": 21800000,
    "grossProfitRatio": 0.3136690647,
    "researchAndDevelopmentExpenses": 0,
    "generalAndAdministrativeExpenses": 0,
    "sellingAndMarketingExpenses": 0,
    "sellingGeneralAndAdministrativeExpenses": 19200000,
    "otherExpenses": 4700000,
    "operatingExpenses": 23900000,
    "costAndExpenses": 71600000,
    "interestIncome": 0,
    "interestExpense": 500000,
    "depreciationAndAmortization": 4700000,
    "ebitda": -500000,
    "ebitdaratio": -0.0071942446,
    "operatingIncome": -2100000,
    "operatingIncomeRatio": -0.0302158273,
    "totalOtherIncomeExpensesNet": -6200000,
    "incomeBeforeTax": -2800000,
    "incomeBeforeTaxRatio": -0.0402877698,
    "incomeTaxExpense": 200000,
    "netIncome": -3000000,
    "netIncomeRatio": -0.0431654676,
    "eps": -0.13,
    "epsdiluted": -0.13,
    "weightedAverageShsOut": 22434000,
    "weightedAverageShsOutDil": 22434000,
    "link": null,
    "finalLink": null
  },
  {
    "date": "1992-03-31",
    "symbol": "SWKS",
    "reportedCurrency": "USD",
    "cik": "0000004127",
    "fillingDate": "1992-03-31",
    "acceptedDate": "1992-03-31 00:00:00",
    "calendarYear": "1992",
    "period": "FY",
    "revenue": 71000000,
    "costOfRevenue": 46200000,
    "grossProfit": 24800000,
    "grossProfitRatio": 0.3492957746,
    "researchAndDevelopmentExpenses": 0,
    "generalAndAdministrativeExpenses": 0,
    "sellingAndMarketingExpenses": 0,
    "sellingGeneralAndAdministrativeExpenses": 19900000,
    "otherExpenses": 4800000,
    "operatingExpenses": 24700000,
    "costAndExpenses": 70900000,
    "interestIncome": 0,
    "interestExpense": 0,
    "depreciationAndAmortization": 4800000,
    "ebitda": 2600000,
    "ebitdaratio": 0.0366197183,
    "operatingIncome": 100000,
    "operatingIncomeRatio": 0.0014084507,
    "totalOtherIncomeExpensesNet": -700000,
    "incomeBeforeTax": 200000,
    "incomeBeforeTaxRatio": 0.0028169014,
    "incomeTaxExpense": 100000,
    "netIncome": 100000,
    "netIncomeRatio": 0.0014084507,
    "eps": 0.0045,
    "epsdiluted": 0.0045,
    "weightedAverageShsOut": 22348000,
    "weightedAverageShsOutDil": 22348000,
    "link": null,
    "finalLink": null
  },
  {
    "date": "1991-03-31",
    "symbol": "SWKS",
    "reportedCurrency": "USD",
    "cik": "0000004127",
    "fillingDate": "1991-03-31",
    "acceptedDate": "1991-03-31 00:00:00",
    "calendarYear": "1991",
    "period": "FY",
    "revenue": 66300000,
    "costOfRevenue": 42400000,
    "grossProfit": 23900000,
    "grossProfitRatio": 0.3604826546,
    "researchAndDevelopmentExpenses": 0,
    "generalAndAdministrativeExpenses": 0,
    "sellingAndMarketingExpenses": 0,
    "sellingGeneralAndAdministrativeExpenses": 16000000,
    "otherExpenses": 5100000,
    "operatingExpenses": 21100000,
    "costAndExpenses": 63500000,
    "interestIncome": 0,
    "interestExpense": 600000,
    "depreciationAndAmortization": 5100000,
    "ebitda": 7900000,
    "ebitdaratio": 0.1191553544,
    "operatingIncome": 2800000,
    "operatingIncomeRatio": 0.0422322775,
    "totalOtherIncomeExpensesNet": -600000,
    "incomeBeforeTax": 2200000,
    "incomeBeforeTaxRatio": 0.0331825038,
    "incomeTaxExpense": 900000,
    "netIncome": 1300000,
    "netIncomeRatio": 0.0196078431,
    "eps": 0.0584,
    "epsdiluted": 0.0584,
    "weightedAverageShsOut": 22254000,
    "weightedAverageShsOutDil": 22254000,
    "link": null,
    "finalLink": null
  },
  {
    "date": "1990-03-31",
    "symbol": "SWKS",
    "reportedCurrency": "USD",
    "cik": "0000004127",
    "fillingDate": "1990-03-31",
    "acceptedDate": "1990-03-31 00:00:00",
    "calendarYear": "1990",
    "period": "FY",
    "revenue": 64700000,
    "costOfRevenue": 46700000,
    "grossProfit": 18000000,
    "grossProfitRatio": 0.2782071097,
    "researchAndDevelopmentExpenses": 0,
    "generalAndAdministrativeExpenses": 0,
    "sellingAndMarketingExpenses": 0,
    "sellingGeneralAndAdministrativeExpenses": 27900000,
    "otherExpenses": 5300000,
    "operatingExpenses": 33200000,
    "costAndExpenses": 79900000,
    "interestIncome": 0,
    "interestExpense": 900000,
    "depreciationAndAmortization": 5300000,
    "ebitda": 7900000,
    "ebitdaratio": 0.1221020093,
    "operatingIncome": -15200000,
    "operatingIncomeRatio": -0.2349304482,
    "totalOtherIncomeExpensesNet": -600000,
    "incomeBeforeTax": -16000000,
    "incomeBeforeTaxRatio": -0.2472952087,
    "incomeTaxExpense": -900000,
    "netIncome": -15100000,
    "netIncomeRatio": -0.2333848532,
    "eps": -0.7,
    "epsdiluted": -0.7,
    "weightedAverageShsOut": 21478000,
    "weightedAverageShsOutDil": 21478000,
    "link": null,
    "finalLink": null
  },
  {
    "date": "1989-03-31",
    "symbol": "SWKS",
    "reportedCurrency": "USD",
    "cik": "0000004127",
    "fillingDate": "1989-03-31",
    "acceptedDate": "1989-03-31 00:00:00",
    "calendarYear": "1989",
    "period": "FY",
    "revenue": 65500000,
    "costOfRevenue": 43100000,
    "grossProfit": 22400000,
    "grossProfitRatio": 0.3419847328,
    "researchAndDevelopmentExpenses": 0,
    "generalAndAdministrativeExpenses": 0,
    "sellingAndMarketingExpenses": 0,
    "sellingGeneralAndAdministrativeExpenses": 17200000,
    "otherExpenses": 5300000,
    "operatingExpenses": 22500000,
    "costAndExpenses": 65600000,
    "interestIncome": 0,
    "interestExpense": 0,
    "depreciationAndAmortization": 5300000,
    "ebitda": -9900000,
    "ebitdaratio": -0.1511450382,
    "operatingIncome": -100000,
    "operatingIncomeRatio": -0.0015267176,
    "totalOtherIncomeExpensesNet": -800000,
    "incomeBeforeTax": 200000,
    "incomeBeforeTaxRatio": 0.0030534351,
    "incomeTaxExpense": 100000,
    "netIncome": 100000,
    "netIncomeRatio": 0.0015267176,
    "eps": 0.0047,
    "epsdiluted": 0.0047,
    "weightedAverageShsOut": 21476000,
    "weightedAverageShsOutDil": 21476000,
    "link": null,
    "finalLink": null
  },
  {
    "date": "1988-03-31",
    "symbol": "SWKS",
    "reportedCurrency": "USD",
    "cik": "0000004127",
    "fillingDate": "1988-03-31",
    "acceptedDate": "1988-03-31 00:00:00",
    "calendarYear": "1988",
    "period": "FY",
    "revenue": 62200000,
    "costOfRevenue": 47300000,
    "grossProfit": 14900000,
    "grossProfitRatio": 0.2395498392,
    "researchAndDevelopmentExpenses": 0,
    "generalAndAdministrativeExpenses": 0,
    "sellingAndMarketingExpenses": 0,
    "sellingGeneralAndAdministrativeExpenses": 14000000,
    "otherExpenses": 5100000,
    "operatingExpenses": 19100000,
    "costAndExpenses": 66400000,
    "interestIncome": 0,
    "interestExpense": 600000,
    "depreciationAndAmortization": 5100000,
    "ebitda": 5200000,
    "ebitdaratio": 0.0836012862,
    "operatingIncome": -4200000,
    "operatingIncomeRatio": -0.0675241158,
    "totalOtherIncomeExpensesNet": 4400000,
    "incomeBeforeTax": -5000000,
    "incomeBeforeTaxRatio": -0.0803858521,
    "incomeTaxExpense": -1800000,
    "netIncome": -3200000,
    "netIncomeRatio": -0.0514469453,
    "eps": -0.15,
    "epsdiluted": -0.15,
    "weightedAverageShsOut": 21476000,
    "weightedAverageShsOutDil": 21476000,
    "link": null,
    "finalLink": null
  },
  {
    "date": "1987-03-31",
    "symbol": "SWKS",
    "reportedCurrency": "USD",
    "cik": "0000004127",
    "fillingDate": "1987-03-31",
    "acceptedDate": "1987-03-31 00:00:00",
    "calendarYear": "1987",
    "period": "FY",
    "revenue": 70100000,
    "costOfRevenue": 48300000,
    "grossProfit": 21800000,
    "grossProfitRatio": 0.3109843081,
    "researchAndDevelopmentExpenses": 0,
    "generalAndAdministrativeExpenses": 0,
    "sellingAndMarketingExpenses": 0,
    "sellingGeneralAndAdministrativeExpenses": 14300000,
    "otherExpenses": 5200000,
    "operatingExpenses": 19500000,
    "costAndExpenses": 67800000,
    "interestIncome": 0,
    "interestExpense": 6400000,
    "depreciationAndAmortization": 5200000,
    "ebitda": 10200000,
    "ebitdaratio": 0.1455064194,
    "operatingIncome": 2300000,
    "operatingIncomeRatio": 0.032810271,
    "totalOtherIncomeExpensesNet": -3700000,
    "incomeBeforeTax": -1400000,
    "incomeBeforeTaxRatio": -0.0199714693,
    "incomeTaxExpense": -600000,
    "netIncome": -800000,
    "netIncomeRatio": -0.0114122682,
    "eps": -0.0373,
    "epsdiluted": -0.0373,
    "weightedAverageShsOut": 21428000,
    "weightedAverageShsOutDil": 21428000,
    "link": null,
    "finalLink": null
  },
  {
    "date": "1986-03-31",
    "symbol": "SWKS",
    "reportedCurrency": "USD",
    "cik": "0000004127",
    "fillingDate": "1986-03-31",
    "acceptedDate": "1986-03-31 00:00:00",
    "calendarYear": "1986",
    "period": "FY",
    "revenue": 71000000,
    "costOfRevenue": 55300000,
    "grossProfit": 15700000,
    "grossProfitRatio": 0.2211267606,
    "researchAndDevelopmentExpenses": 0,
    "generalAndAdministrativeExpenses": 0,
    "sellingAndMarketingExpenses": 0,
    "sellingGeneralAndAdministrativeExpenses": 14500000,
    "otherExpenses": 4400000,
    "operatingExpenses": 18900000,
    "costAndExpenses": 74200000,
    "interestIncome": 0,
    "interestExpense": 0,
    "depreciationAndAmortization": 4400000,
    "ebitda": 7500000,
    "ebitdaratio": 0.1056338028,
    "operatingIncome": -3200000,
    "operatingIncomeRatio": -0.0450704225,
    "totalOtherIncomeExpensesNet": 1800000,
    "incomeBeforeTax": -3400000,
    "incomeBeforeTaxRatio": -0.0478873239,
    "incomeTaxExpense": -2500000,
    "netIncome": -900000,
    "netIncomeRatio": -0.0126760563,
    "eps": -0.042,
    "epsdiluted": -0.042,
    "weightedAverageShsOut": 21412000,
    "weightedAverageShsOutDil": 21412000,
    "link": null,
    "finalLink": null
  }
]