[
  {
    "date": "2025-06-30",
    "symbol": "SYF",
    "reportedCurrency": "USD",
    "cik": "0001601712",
    "fillingDate": "2025-06-30",
    "acceptedDate": "2025-06-29 20:00:00",
    "calendarYear": "2025",
    "period": "Q2",
    "revenue": 4712000000,
    "costOfRevenue": 855000000,
    "grossProfit": 3857000000,
    "grossProfitRatio": 0.8185483871,
    "researchAndDevelopmentExpenses": 0,
    "generalAndAdministrativeExpenses": 236000000,
    "sellingAndMarketingExpenses": 127000000,
    "sellingGeneralAndAdministrativeExpenses": 363000000,
    "otherExpenses": 724000000,
    "operatingExpenses": 1087000000,
    "costAndExpenses": 3246000000,
    "interestIncome": 5586000000,
    "interestExpense": 1065000000,
    "depreciationAndAmortization": 87000000,
    "ebitda": 1553000000,
    "ebitdaratio": 0.3295840407,
    "operatingIncome": 1466000000,
    "operatingIncomeRatio": 0.3111205433,
    "totalOtherIncomeExpensesNet": -210000000,
    "incomeBeforeTax": 1256000000,
    "incomeBeforeTaxRatio": 0.2665534805,
    "incomeTaxExpense": 289000000,
    "netIncome": 946000000,
    "netIncomeRatio": 0.2007640068,
    "eps": 2.51,
    "epsdiluted": 2.5,
    "weightedAverageShsOut": 376200000,
    "weightedAverageShsOutDil": 379100000,
    "link": "https://www.sec.gov/Archives/edgar/data/1601712/000160171225000231/0001601712-25-000231-index.htm",
    "finalLink": "https://www.sec.gov/Archives/edgar/data/1601712/000160171225000231/syf-20250630.htm"
  },
  {
    "date": "2025-03-31",
    "symbol": "SYF",
    "reportedCurrency": "USD",
    "cik": "0001601712",
    "fillingDate": "2025-04-24",
    "acceptedDate": "2025-04-24 16:42:31",
    "calendarYear": "2025",
    "period": "Q1",
    "revenue": 5699000000,
    "costOfRevenue": 2577000000,
    "grossProfit": 3122000000,
    "grossProfitRatio": 0.5478154062,
    "researchAndDevelopmentExpenses": 0,
    "generalAndAdministrativeExpenses": 506000000,
    "sellingAndMarketingExpenses": 116000000,
    "sellingGeneralAndAdministrativeExpenses": 622000000,
    "otherExpenses": 621000000,
    "operatingExpenses": 1243000000,
    "costAndExpenses": 3820000000,
    "interestIncome": 5550000000,
    "interestExpense": 1086000000,
    "depreciationAndAmortization": 125000000,
    "ebitda": 3985000000,
    "ebitdaratio": 0.6992454817,
    "operatingIncome": 1879000000,
    "operatingIncomeRatio": 0.3297069661,
    "totalOtherIncomeExpensesNet": -895000000,
    "incomeBeforeTax": 984000000,
    "incomeBeforeTaxRatio": 0.1726618705,
    "incomeTaxExpense": 227000000,
    "netIncome": 757000000,
    "netIncomeRatio": 0.1328303211,
    "eps": 1.91,
    "epsdiluted": 1.89,
    "weightedAverageShsOut": 385200000,
    "weightedAverageShsOutDil": 389400000,
    "link": "https://www.sec.gov/Archives/edgar/data/1601712/000160171225000144/0001601712-25-000144-index.htm",
    "finalLink": "https://www.sec.gov/Archives/edgar/data/1601712/000160171225000144/syf-20250331.htm"
  },
  {
    "date": "2024-12-31",
    "symbol": "SYF",
    "reportedCurrency": "USD",
    "cik": "0001601712",
    "fillingDate": "2025-02-07",
    "acceptedDate": "2025-02-07 16:29:30",
    "calendarYear": "2024",
    "period": "Q4",
    "revenue": 4919000000,
    "costOfRevenue": 2679000000,
    "grossProfit": 2240000000,
    "grossProfitRatio": 0.4553771092,
    "researchAndDevelopmentExpenses": 0,
    "generalAndAdministrativeExpenses": 456000000,
    "sellingAndMarketingExpenses": 147000000,
    "sellingGeneralAndAdministrativeExpenses": 582000000,
    "otherExpenses": 685000000,
    "operatingExpenses": 1267000000,
    "costAndExpenses": 3946000000,
    "interestIncome": 5710000000,
    "interestExpense": 1118000000,
    "depreciationAndAmortization": 120000000,
    "ebitda": 1093000000,
    "ebitdaratio": 0.2221996341,
    "operatingIncome": 973000000,
    "operatingIncomeRatio": 0.1978044318,
    "totalOtherIncomeExpensesNet": 0,
    "incomeBeforeTax": 973000000,
    "incomeBeforeTaxRatio": 0.1978044318,
    "incomeTaxExpense": 199000000,
    "netIncome": 774000000,
    "netIncomeRatio": 0.1573490547,
    "eps": 1.93,
    "epsdiluted": 1.91,
    "weightedAverageShsOut": 389300000,
    "weightedAverageShsOutDil": 394800000,
    "link": "https://www.sec.gov/Archives/edgar/data/1601712/000160171225000044/0001601712-25-000044-index.htm",
    "finalLink": "https://www.sec.gov/Archives/edgar/data/1601712/000160171225000044/syf-20241231.htm"
  },
  {
    "date": "2024-09-30",
    "symbol": "SYF",
    "reportedCurrency": "USD",
    "cik": "0001601712",
    "fillingDate": "2024-10-23",
    "acceptedDate": "2024-10-23 16:30:05",
    "calendarYear": "2024",
    "period": "Q3",
    "revenue": 5904000000,
    "costOfRevenue": 2773000000,
    "grossProfit": 3131000000,
    "grossProfitRatio": 0.5303184282,
    "researchAndDevelopmentExpenses": 0,
    "generalAndAdministrativeExpenses": 464000000,
    "sellingAndMarketingExpenses": 123000000,
    "sellingGeneralAndAdministrativeExpenses": 587000000,
    "otherExpenses": 602000000,
    "operatingExpenses": 1189000000,
    "costAndExpenses": 3962000000,
    "interestIncome": 5785000000,
    "interestExpense": 1176000000,
    "depreciationAndAmortization": 121000000,
    "ebitda": 2325000000,
    "ebitdaratio": 0.393800813,
    "operatingIncome": 1942000000,
    "operatingIncomeRatio": 0.3289295393,
    "totalOtherIncomeExpensesNet": -914000000,
    "incomeBeforeTax": 1028000000,
    "incomeBeforeTaxRatio": 0.1741192412,
    "incomeTaxExpense": 239000000,
    "netIncome": 789000000,
    "netIncomeRatio": 0.1336382114,
    "eps": 1.96,
    "epsdiluted": 1.94,
    "weightedAverageShsOut": 392300000,
    "weightedAverageShsOutDil": 396500000,
    "link": "https://www.sec.gov/Archives/edgar/data/1601712/000160171224000336/0001601712-24-000336-index.htm",
    "finalLink": "https://www.sec.gov/Archives/edgar/data/1601712/000160171224000336/syf-20240930.htm"
  },
  {
    "date": "2024-06-30",
    "symbol": "SYF",
    "reportedCurrency": "USD",
    "cik": "0001601712",
    "fillingDate": "2024-07-19",
    "acceptedDate": "2024-07-19 16:20:04",
    "calendarYear": "2024",
    "period": "Q2",
    "revenue": 5699000000,
    "costOfRevenue": 2868000000,
    "grossProfit": 2831000000,
    "grossProfitRatio": 0.4967538165,
    "researchAndDevelopmentExpenses": 0,
    "generalAndAdministrativeExpenses": 434000000,
    "sellingAndMarketingExpenses": 129000000,
    "sellingGeneralAndAdministrativeExpenses": 563000000,
    "otherExpenses": 614000000,
    "operatingExpenses": 1177000000,
    "costAndExpenses": 4045000000,
    "interestIncome": 5582000000,
    "interestExpense": 1177000000,
    "depreciationAndAmortization": 121000000,
    "ebitda": 2781000000,
    "ebitdaratio": 0.4879803474,
    "operatingIncome": 1654000000,
    "operatingIncomeRatio": 0.2902263555,
    "totalOtherIncomeExpensesNet": -810000000,
    "incomeBeforeTax": 844000000,
    "incomeBeforeTaxRatio": 0.1480961572,
    "incomeTaxExpense": 201000000,
    "netIncome": 643000000,
    "netIncomeRatio": 0.1128268117,
    "eps": 1.56,
    "epsdiluted": 1.55,
    "weightedAverageShsOut": 399300000,
    "weightedAverageShsOutDil": 402600000,
    "link": "https://www.sec.gov/Archives/edgar/data/1601712/000160171224000250/0001601712-24-000250-index.htm",
    "finalLink": "https://www.sec.gov/Archives/edgar/data/1601712/000160171224000250/syf-20240630.htm"
  },
  {
    "date": "2024-03-31",
    "symbol": "SYF",
    "reportedCurrency": "USD",
    "cik": "0001601712",
    "fillingDate": "2024-04-25",
    "acceptedDate": "2024-04-25 16:54:16",
    "calendarYear": "2024",
    "period": "Q1",
    "revenue": 6725000000,
    "costOfRevenue": 3047000000,
    "grossProfit": 3678000000,
    "grossProfitRatio": 0.5469144981,
    "researchAndDevelopmentExpenses": 0,
    "generalAndAdministrativeExpenses": 496000000,
    "sellingAndMarketingExpenses": 125000000,
    "sellingGeneralAndAdministrativeExpenses": 621000000,
    "otherExpenses": -484000000,
    "operatingExpenses": 137000000,
    "costAndExpenses": 3184000000,
    "interestIncome": 5568000000,
    "interestExpense": 1163000000,
    "depreciationAndAmortization": 119000000,
    "ebitda": 4644000000,
    "ebitdaratio": 0.6905576208,
    "operatingIncome": 3541000000,
    "operatingIncomeRatio": 0.5265427509,
    "totalOtherIncomeExpensesNet": -1833000000,
    "incomeBeforeTax": 1708000000,
    "incomeBeforeTaxRatio": 0.2539776952,
    "incomeTaxExpense": 415000000,
    "netIncome": 1293000000,
    "netIncomeRatio": 0.192267658,
    "eps": 3.17,
    "epsdiluted": 3.14,
    "weightedAverageShsOut": 404700000,
    "weightedAverageShsOutDil": 408200000,
    "link": "https://www.sec.gov/Archives/edgar/data/1601712/000160171224000172/0001601712-24-000172-index.htm",
    "finalLink": "https://www.sec.gov/Archives/edgar/data/1601712/000160171224000172/syf-20240331.htm"
  },
  {
    "date": "2023-12-31",
    "symbol": "SYF",
    "reportedCurrency": "USD",
    "cik": "0001601712",
    "fillingDate": "2024-02-08",
    "acceptedDate": "2024-02-08 16:07:03",
    "calendarYear": "2023",
    "period": "Q4",
    "revenue": 3659000000,
    "costOfRevenue": 2887000000,
    "grossProfit": 2704000000,
    "grossProfitRatio": 0.7389997267,
    "researchAndDevelopmentExpenses": 0,
    "generalAndAdministrativeExpenses": 495000000,
    "sellingAndMarketingExpenses": 138000000,
    "sellingGeneralAndAdministrativeExpenses": 633000000,
    "otherExpenses": 683000000,
    "operatingExpenses": 1316000000,
    "costAndExpenses": -3120000000,
    "interestIncome": 5549000000,
    "interestExpense": 1083000000,
    "depreciationAndAmortization": 118000000,
    "ebitda": 862000000,
    "ebitdaratio": 0.2355834928,
    "operatingIncome": 539000000,
    "operatingIncomeRatio": 0.1473080077,
    "totalOtherIncomeExpensesNet": 4316000000,
    "incomeBeforeTax": 539000000,
    "incomeBeforeTaxRatio": 0.1473080077,
    "incomeTaxExpense": 99000000,
    "netIncome": 440000000,
    "netIncomeRatio": 0.1202514348,
    "eps": 1.04,
    "epsdiluted": 1.03,
    "weightedAverageShsOut": 411900000,
    "weightedAverageShsOutDil": 414600000,
    "link": "https://www.sec.gov/Archives/edgar/data/1601712/000160171224000047/0001601712-24-000047-index.htm",
    "finalLink": "https://www.sec.gov/Archives/edgar/data/1601712/000160171224000047/syf-20231231.htm"
  },
  {
    "date": "2023-09-30",
    "symbol": "SYF",
    "reportedCurrency": "USD",
    "cik": "0001601712",
    "fillingDate": "2023-10-24",
    "acceptedDate": "2023-10-24 16:13:27",
    "calendarYear": "2023",
    "period": "Q3",
    "revenue": 5354000000,
    "costOfRevenue": 2480000000,
    "grossProfit": 4452000000,
    "grossProfitRatio": 0.8315278297,
    "researchAndDevelopmentExpenses": 0,
    "generalAndAdministrativeExpenses": 444000000,
    "sellingAndMarketingExpenses": 125000000,
    "sellingGeneralAndAdministrativeExpenses": 569000000,
    "otherExpenses": 585000000,
    "operatingExpenses": 1154000000,
    "costAndExpenses": 344000000,
    "interestIncome": 5354000000,
    "interestExpense": 992000000,
    "depreciationAndAmortization": 116000000,
    "ebitda": 1141000000,
    "ebitdaratio": 0.2131116922,
    "operatingIncome": 833000000,
    "operatingIncomeRatio": 0.1555846096,
    "totalOtherIncomeExpensesNet": -189000000,
    "incomeBeforeTax": 833000000,
    "incomeBeforeTaxRatio": 0.1555846096,
    "incomeTaxExpense": 205000000,
    "netIncome": 628000000,
    "netIncomeRatio": 0.11729548,
    "eps": 1.49,
    "epsdiluted": 1.48,
    "weightedAverageShsOut": 416000000,
    "weightedAverageShsOutDil": 418400000,
    "link": "https://www.sec.gov/Archives/edgar/data/1601712/000160171223000274/0001601712-23-000274-index.htm",
    "finalLink": "https://www.sec.gov/Archives/edgar/data/1601712/000160171223000274/syf-20230930.htm"
  },
  {
    "date": "2023-06-30",
    "symbol": "SYF",
    "reportedCurrency": "USD",
    "cik": "0001601712",
    "fillingDate": "2023-07-21",
    "acceptedDate": "2023-07-21 16:02:22",
    "calendarYear": "2023",
    "period": "Q2",
    "revenue": 3294000000,
    "costOfRevenue": 2284000000,
    "grossProfit": 2478000000,
    "grossProfitRatio": 0.752276867,
    "researchAndDevelopmentExpenses": 0,
    "generalAndAdministrativeExpenses": 451000000,
    "sellingAndMarketingExpenses": 133000000,
    "sellingGeneralAndAdministrativeExpenses": 584000000,
    "otherExpenses": 585000000,
    "operatingExpenses": 1169000000,
    "costAndExpenses": 342000000,
    "interestIncome": 5021000000,
    "interestExpense": 901000000,
    "depreciationAndAmortization": 113000000,
    "ebitda": 1039000000,
    "ebitdaratio": 0.3154219794,
    "operatingIncome": 1530000000,
    "operatingIncomeRatio": 0.4644808743,
    "totalOtherIncomeExpensesNet": -197000000,
    "incomeBeforeTax": 742000000,
    "incomeBeforeTaxRatio": 0.2252580449,
    "incomeTaxExpense": 173000000,
    "netIncome": 569000000,
    "netIncomeRatio": 0.1727383121,
    "eps": 1.32,
    "epsdiluted": 1.32,
    "weightedAverageShsOut": 422700000,
    "weightedAverageShsOutDil": 424200000,
    "link": "https://www.sec.gov/Archives/edgar/data/1601712/000160171223000202/0001601712-23-000202-index.htm",
    "finalLink": "https://www.sec.gov/Archives/edgar/data/1601712/000160171223000202/syf-20230630.htm"
  },
  {
    "date": "2023-03-31",
    "symbol": "SYF",
    "reportedCurrency": "USD",
    "cik": "0001601712",
    "fillingDate": "2023-04-20",
    "acceptedDate": "2023-04-20 17:23:49",
    "calendarYear": "2023",
    "period": "Q1",
    "revenue": 3199000000,
    "costOfRevenue": 2025000000,
    "grossProfit": 3199000000,
    "grossProfitRatio": 1,
    "researchAndDevelopmentExpenses": 0,
    "generalAndAdministrativeExpenses": 451000000,
    "sellingAndMarketingExpenses": 131000000,
    "sellingGeneralAndAdministrativeExpenses": 582000000,
    "otherExpenses": 537000000,
    "operatingExpenses": 1119000000,
    "costAndExpenses": 2409000000,
    "interestIncome": 4786000000,
    "interestExpense": 735000000,
    "depreciationAndAmortization": 111000000,
    "ebitda": 901000000,
    "ebitdaratio": 0.2816505158,
    "operatingIncome": 790000000,
    "operatingIncomeRatio": 0.2469521726,
    "totalOtherIncomeExpensesNet": 0,
    "incomeBeforeTax": 790000000,
    "incomeBeforeTaxRatio": 0.2469521726,
    "incomeTaxExpense": 189000000,
    "netIncome": 601000000,
    "netIncomeRatio": 0.1878712098,
    "eps": 1.36,
    "epsdiluted": 1.35,
    "weightedAverageShsOut": 434400000,
    "weightedAverageShsOutDil": 437200000,
    "link": "https://www.sec.gov/Archives/edgar/data/1601712/000160171223000125/0001601712-23-000125-index.htm",
    "finalLink": "https://www.sec.gov/Archives/edgar/data/1601712/000160171223000125/syf-20230331.htm"
  },
  {
    "date": "2022-12-31",
    "symbol": "SYF",
    "reportedCurrency": "USD",
    "cik": "0001601712",
    "fillingDate": "2023-02-09",
    "acceptedDate": "2023-02-09 16:55:13",
    "calendarYear": "2022",
    "period": "Q4",
    "revenue": 3093000000,
    "costOfRevenue": 0,
    "grossProfit": 3093000000,
    "grossProfitRatio": 1,
    "researchAndDevelopmentExpenses": 0,
    "generalAndAdministrativeExpenses": 459000000,
    "sellingAndMarketingExpenses": 121000000,
    "sellingGeneralAndAdministrativeExpenses": 580000000,
    "otherExpenses": 571000000,
    "operatingExpenses": 1151000000,
    "costAndExpenses": 3093000000,
    "interestIncome": 4708000000,
    "interestExpense": 602000000,
    "depreciationAndAmortization": 101000000,
    "ebitda": 0,
    "ebitdaratio": 0,
    "operatingIncome": 0,
    "operatingIncomeRatio": 0,
    "totalOtherIncomeExpensesNet": 741000000,
    "incomeBeforeTax": 741000000,
    "incomeBeforeTaxRatio": 0.2395732299,
    "incomeTaxExpense": 164000000,
    "netIncome": 577000000,
    "netIncomeRatio": 0.1865502748,
    "eps": 1.27,
    "epsdiluted": 1.26,
    "weightedAverageShsOut": 445800000,
    "weightedAverageShsOutDil": 448900000,
    "link": "https://www.sec.gov/Archives/edgar/data/1601712/000160171223000037/0001601712-23-000037-index.htm",
    "finalLink": "https://www.sec.gov/Archives/edgar/data/1601712/000160171223000037/syf-20221231.htm"
  },
  {
    "date": "2022-09-30",
    "symbol": "SYF",
    "reportedCurrency": "USD",
    "cik": "0001601712",
    "fillingDate": "2022-10-25",
    "acceptedDate": "2022-10-25 16:09:23",
    "calendarYear": "2022",
    "period": "Q3",
    "revenue": 3972000000,
    "costOfRevenue": 370000000,
    "grossProfit": 3602000000,
    "grossProfitRatio": 0.9068479355,
    "researchAndDevelopmentExpenses": 0,
    "generalAndAdministrativeExpenses": 416000000,
    "sellingAndMarketingExpenses": 115000000,
    "sellingGeneralAndAdministrativeExpenses": 531000000,
    "otherExpenses": 533000000,
    "operatingExpenses": 1064000000,
    "costAndExpenses": 319000000,
    "interestIncome": 4342000000,
    "interestExpense": 414000000,
    "depreciationAndAmortization": 90000000,
    "ebitda": 1161000000,
    "ebitdaratio": 0.2922960725,
    "operatingIncome": 1325000000,
    "operatingIncomeRatio": 0.3335850957,
    "totalOtherIncomeExpensesNet": -179000000,
    "incomeBeforeTax": 922000000,
    "incomeBeforeTaxRatio": 0.2321248741,
    "incomeTaxExpense": 219000000,
    "netIncome": 703000000,
    "netIncomeRatio": 0.1769889225,
    "eps": 1.5,
    "epsdiluted": 1.49,
    "weightedAverageShsOut": 468500000,
    "weightedAverageShsOutDil": 470700000,
    "link": "https://www.sec.gov/Archives/edgar/data/1601712/000160171222000249/0001601712-22-000249-index.htm",
    "finalLink": "https://www.sec.gov/Archives/edgar/data/1601712/000160171222000249/syf-20220930.htm"
  },
  {
    "date": "2022-06-30",
    "symbol": "SYF",
    "reportedCurrency": "USD",
    "cik": "0001601712",
    "fillingDate": "2022-07-21",
    "acceptedDate": "2022-07-21 16:08:21",
    "calendarYear": "2022",
    "period": "Q2",
    "revenue": 4000000000,
    "costOfRevenue": 252000000,
    "grossProfit": 3748000000,
    "grossProfitRatio": 0.937,
    "researchAndDevelopmentExpenses": 0,
    "generalAndAdministrativeExpenses": 404000000,
    "sellingAndMarketingExpenses": 135000000,
    "sellingGeneralAndAdministrativeExpenses": 539000000,
    "otherExpenses": 544000000,
    "operatingExpenses": 1083000000,
    "costAndExpenses": 320000000,
    "interestIncome": 4074000000,
    "interestExpense": 272000000,
    "depreciationAndAmortization": 92000000,
    "ebitda": 1284000000,
    "ebitdaratio": 0.321,
    "operatingIncome": 1338000000,
    "operatingIncomeRatio": 0.3345,
    "totalOtherIncomeExpensesNet": -196000000,
    "incomeBeforeTax": 1066000000,
    "incomeBeforeTaxRatio": 0.2665,
    "incomeTaxExpense": 262000000,
    "netIncome": 804000000,
    "netIncomeRatio": 0.201,
    "eps": 1.63,
    "epsdiluted": 1.62,
    "weightedAverageShsOut": 493000000,
    "weightedAverageShsOutDil": 495300000,
    "link": "https://www.sec.gov/Archives/edgar/data/1601712/000160171222000202/0001601712-22-000202-index.htm",
    "finalLink": "https://www.sec.gov/Archives/edgar/data/1601712/000160171222000202/syf-20220630.htm"
  },
  {
    "date": "2022-03-31",
    "symbol": "SYF",
    "reportedCurrency": "USD",
    "cik": "0001601712",
    "fillingDate": "2022-04-21",
    "acceptedDate": "2022-04-21 16:09:34",
    "calendarYear": "2022",
    "period": "Q1",
    "revenue": 3897000000,
    "costOfRevenue": 220000000,
    "grossProfit": 3677000000,
    "grossProfitRatio": 0.9435463177,
    "researchAndDevelopmentExpenses": 0,
    "generalAndAdministrativeExpenses": 402000000,
    "sellingAndMarketingExpenses": 116000000,
    "sellingGeneralAndAdministrativeExpenses": 518000000,
    "otherExpenses": 521000000,
    "operatingExpenses": 1039000000,
    "costAndExpenses": 326000000,
    "interestIncome": 4022000000,
    "interestExpense": 233000000,
    "depreciationAndAmortization": 93000000,
    "ebitda": 1446000000,
    "ebitdaratio": 0.3710546574,
    "operatingIncome": 1466000000,
    "operatingIncomeRatio": 0.3761868104,
    "totalOtherIncomeExpensesNet": -166000000,
    "incomeBeforeTax": 1233000000,
    "incomeBeforeTaxRatio": 0.3163972286,
    "incomeTaxExpense": 301000000,
    "netIncome": 932000000,
    "netIncomeRatio": 0.2391583269,
    "eps": 1.81,
    "epsdiluted": 1.79,
    "weightedAverageShsOut": 515300000,
    "weightedAverageShsOutDil": 519500000,
    "link": "https://www.sec.gov/Archives/edgar/data/1601712/000160171222000133/0001601712-22-000133-index.htm",
    "finalLink": "https://www.sec.gov/Archives/edgar/data/1601712/000160171222000133/syf-20220331.htm"
  },
  {
    "date": "2021-12-31",
    "symbol": "SYF",
    "reportedCurrency": "USD",
    "cik": "0001601712",
    "fillingDate": "2022-02-10",
    "acceptedDate": "2022-02-10 16:27:47",
    "calendarYear": "2021",
    "period": "Q4",
    "revenue": 2730000000,
    "costOfRevenue": 213000000,
    "grossProfit": 2517000000,
    "grossProfitRatio": 0.921978022,
    "researchAndDevelopmentExpenses": 0,
    "generalAndAdministrativeExpenses": 409000000,
    "sellingAndMarketingExpenses": 167000000,
    "sellingGeneralAndAdministrativeExpenses": 576000000,
    "otherExpenses": 546000000,
    "operatingExpenses": 1122000000,
    "costAndExpenses": -3994000000,
    "interestIncome": 4053000000,
    "interestExpense": 223000000,
    "depreciationAndAmortization": 94000000,
    "ebitda": 1256000000,
    "ebitdaratio": 0.4600732601,
    "operatingIncome": 1270000000,
    "operatingIncomeRatio": 0.4652014652,
    "totalOtherIncomeExpensesNet": -196000000,
    "incomeBeforeTax": 1047000000,
    "incomeBeforeTaxRatio": 0.3835164835,
    "incomeTaxExpense": 234000000,
    "netIncome": 813000000,
    "netIncomeRatio": 0.2978021978,
    "eps": 1.49,
    "epsdiluted": 1.48,
    "weightedAverageShsOut": 537800000,
    "weightedAverageShsOutDil": 543000000,
    "link": "https://www.sec.gov/Archives/edgar/data/1601712/000160171222000053/0001601712-22-000053-index.htm",
    "finalLink": "https://www.sec.gov/Archives/edgar/data/1601712/000160171222000053/syf-20211231.htm"
  },
  {
    "date": "2021-09-30",
    "symbol": "SYF",
    "reportedCurrency": "USD",
    "cik": "0001601712",
    "fillingDate": "2021-10-21",
    "acceptedDate": "2021-10-21 16:13:06",
    "calendarYear": "2021",
    "period": "Q3",
    "revenue": 2486000000,
    "costOfRevenue": 211000000,
    "grossProfit": 2275000000,
    "grossProfitRatio": 0.9151246983,
    "researchAndDevelopmentExpenses": 0,
    "generalAndAdministrativeExpenses": 369000000,
    "sellingAndMarketingExpenses": 110000000,
    "sellingGeneralAndAdministrativeExpenses": 479000000,
    "otherExpenses": 482000000,
    "operatingExpenses": 961000000,
    "costAndExpenses": -960000000,
    "interestIncome": 3898000000,
    "interestExpense": 240000000,
    "depreciationAndAmortization": 80000000,
    "ebitda": 1702000000,
    "ebitdaratio": 0.6846339501,
    "operatingIncome": 1740000000,
    "operatingIncomeRatio": 0.6999195495,
    "totalOtherIncomeExpensesNet": -147000000,
    "incomeBeforeTax": 1500000000,
    "incomeBeforeTaxRatio": 0.603378922,
    "incomeTaxExpense": 359000000,
    "netIncome": 1141000000,
    "netIncomeRatio": 0.4589702333,
    "eps": 2.02,
    "epsdiluted": 2,
    "weightedAverageShsOut": 560600000,
    "weightedAverageShsOutDil": 565600000,
    "link": "https://www.sec.gov/Archives/edgar/data/1601712/000160171221000289/0001601712-21-000289-index.htm",
    "finalLink": "https://www.sec.gov/Archives/edgar/data/1601712/000160171221000289/syf-20210930.htm"
  },
  {
    "date": "2021-06-30",
    "symbol": "SYF",
    "reportedCurrency": "USD",
    "cik": "0001601712",
    "fillingDate": "2021-07-22",
    "acceptedDate": "2021-07-22 16:50:32",
    "calendarYear": "2021",
    "period": "Q2",
    "revenue": 2395000000,
    "costOfRevenue": 229000000,
    "grossProfit": 2166000000,
    "grossProfitRatio": 0.9043841336,
    "researchAndDevelopmentExpenses": 0,
    "generalAndAdministrativeExpenses": 359000000,
    "sellingAndMarketingExpenses": 114000000,
    "sellingGeneralAndAdministrativeExpenses": 473000000,
    "otherExpenses": 475000000,
    "operatingExpenses": 948000000,
    "costAndExpenses": -703000000,
    "interestIncome": 3578000000,
    "interestExpense": 266000000,
    "depreciationAndAmortization": 83000000,
    "ebitda": 1858000000,
    "ebitdaratio": 0.775782881,
    "operatingIncome": 1907000000,
    "operatingIncomeRatio": 0.7962421712,
    "totalOtherIncomeExpensesNet": -149000000,
    "incomeBeforeTax": 1641000000,
    "incomeBeforeTaxRatio": 0.685177453,
    "incomeTaxExpense": 399000000,
    "netIncome": 1242000000,
    "netIncomeRatio": 0.5185803758,
    "eps": 2.13,
    "epsdiluted": 2.12,
    "weightedAverageShsOut": 577200000,
    "weightedAverageShsOutDil": 581700000,
    "link": "https://www.sec.gov/Archives/edgar/data/1601712/000160171221000236/0001601712-21-000236-index.htm",
    "finalLink": "https://www.sec.gov/Archives/edgar/data/1601712/000160171221000236/syf-20210630.htm"
  },
  {
    "date": "2021-03-31",
    "symbol": "SYF",
    "reportedCurrency": "USD",
    "cik": "0001601712",
    "fillingDate": "2021-04-27",
    "acceptedDate": "2021-04-27 16:20:34",
    "calendarYear": "2021",
    "period": "Q1",
    "revenue": 2581000000,
    "costOfRevenue": 252000000,
    "grossProfit": 2329000000,
    "grossProfitRatio": 0.902363425,
    "researchAndDevelopmentExpenses": 0,
    "generalAndAdministrativeExpenses": 364000000,
    "sellingAndMarketingExpenses": 95000000,
    "sellingGeneralAndAdministrativeExpenses": 459000000,
    "otherExpenses": 473000000,
    "operatingExpenses": 932000000,
    "costAndExpenses": -704000000,
    "interestIncome": 3742000000,
    "interestExpense": 303000000,
    "depreciationAndAmortization": 82000000,
    "ebitda": 1543000000,
    "ebitdaratio": 0.5978302983,
    "operatingIncome": 1618000000,
    "operatingIncomeRatio": 0.6268888028,
    "totalOtherIncomeExpensesNet": -152000000,
    "incomeBeforeTax": 1315000000,
    "incomeBeforeTaxRatio": 0.5094924448,
    "incomeTaxExpense": 290000000,
    "netIncome": 1025000000,
    "netIncomeRatio": 0.3971328942,
    "eps": 1.74,
    "epsdiluted": 1.73,
    "weightedAverageShsOut": 583300000,
    "weightedAverageShsOutDil": 587500000,
    "link": "https://www.sec.gov/Archives/edgar/data/1601712/000160171221000181/0001601712-21-000181-index.htm",
    "finalLink": "https://www.sec.gov/Archives/edgar/data/1601712/000160171221000181/syf-20210331.htm"
  },
  {
    "date": "2020-12-31",
    "symbol": "SYF",
    "reportedCurrency": "USD",
    "cik": "0001601712",
    "fillingDate": "2021-02-11",
    "acceptedDate": "2021-02-11 16:51:56",
    "calendarYear": "2020",
    "period": "Q4",
    "revenue": 2694000000,
    "costOfRevenue": -1047000000,
    "grossProfit": 3741000000,
    "grossProfitRatio": 1.3886414254,
    "researchAndDevelopmentExpenses": 0,
    "generalAndAdministrativeExpenses": 306000000,
    "sellingAndMarketingExpenses": 139000000,
    "sellingGeneralAndAdministrativeExpenses": 445000000,
    "otherExpenses": 555000000,
    "operatingExpenses": 1000000000,
    "costAndExpenses": -1608000000,
    "interestIncome": 3993000000,
    "interestExpense": 334000000,
    "depreciationAndAmortization": 93000000,
    "ebitda": 1171000000,
    "ebitdaratio": 0.4346696362,
    "operatingIncome": 1278000000,
    "operatingIncomeRatio": 0.4743875278,
    "totalOtherIncomeExpensesNet": -134000000,
    "incomeBeforeTax": 944000000,
    "incomeBeforeTaxRatio": 0.3504083148,
    "incomeTaxExpense": 206000000,
    "netIncome": 738000000,
    "netIncomeRatio": 0.2739420935,
    "eps": 1.25,
    "epsdiluted": 1.24,
    "weightedAverageShsOut": 583900000,
    "weightedAverageShsOutDil": 586600000,
    "link": "https://www.sec.gov/Archives/edgar/data/1601712/000160171221000057/0001601712-21-000057-index.htm",
    "finalLink": "https://www.sec.gov/Archives/edgar/data/1601712/000160171221000057/syf-20201231.htm"
  },
  {
    "date": "2020-09-30",
    "symbol": "SYF",
    "reportedCurrency": "USD",
    "cik": "0001601712",
    "fillingDate": "2020-10-22",
    "acceptedDate": "2020-10-22 16:51:00",
    "calendarYear": "2020",
    "period": "Q3",
    "revenue": 2689000000,
    "costOfRevenue": -899000000,
    "grossProfit": 3588000000,
    "grossProfitRatio": 1.3343250279,
    "researchAndDevelopmentExpenses": 0,
    "generalAndAdministrativeExpenses": 382000000,
    "sellingAndMarketingExpenses": 107000000,
    "sellingGeneralAndAdministrativeExpenses": 489000000,
    "otherExpenses": -899000000,
    "operatingExpenses": 294000000,
    "costAndExpenses": -605000000,
    "interestIncome": 3837000000,
    "interestExpense": 380000000,
    "depreciationAndAmortization": 97000000,
    "ebitda": 598000000,
    "ebitdaratio": 0.2223875046,
    "operatingIncome": 792000000,
    "operatingIncomeRatio": 0.2945332837,
    "totalOtherIncomeExpensesNet": -266000000,
    "incomeBeforeTax": 412000000,
    "incomeBeforeTaxRatio": 0.1532168092,
    "incomeTaxExpense": 99000000,
    "netIncome": 313000000,
    "netIncomeRatio": 0.1164001488,
    "eps": 0.52,
    "epsdiluted": 0.52,
    "weightedAverageShsOut": 583800000,
    "weightedAverageShsOutDil": 584800000,
    "link": "https://www.sec.gov/Archives/edgar/data/1601712/000160171220000253/0001601712-20-000253-index.htm",
    "finalLink": "https://www.sec.gov/Archives/edgar/data/1601712/000160171220000253/synchrony930202010q.htm"
  },
  {
    "date": "2020-06-30",
    "symbol": "SYF",
    "reportedCurrency": "USD",
    "cik": "0001601712",
    "fillingDate": "2020-07-23",
    "acceptedDate": "2020-07-23 16:25:25",
    "calendarYear": "2020",
    "period": "Q2",
    "revenue": 2718000000,
    "costOfRevenue": 0,
    "grossProfit": 2718000000,
    "grossProfitRatio": 1,
    "researchAndDevelopmentExpenses": 0,
    "generalAndAdministrativeExpenses": 327000000,
    "sellingAndMarketingExpenses": 91000000,
    "sellingGeneralAndAdministrativeExpenses": 418000000,
    "otherExpenses": -773000000,
    "operatingExpenses": 280000000,
    "costAndExpenses": -493000000,
    "interestIncome": 3830000000,
    "interestExpense": 434000000,
    "depreciationAndAmortization": 97000000,
    "ebitda": 0,
    "ebitdaratio": 0,
    "operatingIncome": 493000000,
    "operatingIncomeRatio": 0.1813833701,
    "totalOtherIncomeExpensesNet": -263000000,
    "incomeBeforeTax": 59000000,
    "incomeBeforeTaxRatio": 0.0217071376,
    "incomeTaxExpense": 11000000,
    "netIncome": 48000000,
    "netIncomeRatio": 0.0176600442,
    "eps": 0.06,
    "epsdiluted": 0.06,
    "weightedAverageShsOut": 583700000,
    "weightedAverageShsOutDil": 584400000,
    "link": "https://www.sec.gov/Archives/edgar/data/1601712/000160171220000204/0001601712-20-000204-index.htm",
    "finalLink": "https://www.sec.gov/Archives/edgar/data/1601712/000160171220000204/synchrony630202010q.htm"
  },
  {
    "date": "2020-03-31",
    "symbol": "SYF",
    "reportedCurrency": "USD",
    "cik": "0001601712",
    "fillingDate": "2020-04-22",
    "acceptedDate": "2020-04-21 17:32:53",
    "calendarYear": "2020",
    "period": "Q1",
    "revenue": 3061000000,
    "costOfRevenue": 0,
    "grossProfit": 3061000000,
    "grossProfitRatio": 1,
    "researchAndDevelopmentExpenses": 0,
    "generalAndAdministrativeExpenses": 324000000,
    "sellingAndMarketingExpenses": 111000000,
    "sellingGeneralAndAdministrativeExpenses": 435000000,
    "otherExpenses": -926000000,
    "operatingExpenses": 308000000,
    "costAndExpenses": -618000000,
    "interestIncome": 4407000000,
    "interestExpense": 517000000,
    "depreciationAndAmortization": 96000000,
    "ebitda": 0,
    "ebitdaratio": 0,
    "operatingIncome": 899000000,
    "operatingIncomeRatio": 0.293694871,
    "totalOtherIncomeExpensesNet": -247000000,
    "incomeBeforeTax": 382000000,
    "incomeBeforeTaxRatio": 0.1247958184,
    "incomeTaxExpense": 96000000,
    "netIncome": 286000000,
    "netIncomeRatio": 0.0934335185,
    "eps": 0.45,
    "epsdiluted": 0.45,
    "weightedAverageShsOut": 604900000,
    "weightedAverageShsOutDil": 607400000,
    "link": "https://www.sec.gov/Archives/edgar/data/1601712/000160171220000138/0001601712-20-000138-index.htm",
    "finalLink": "https://www.sec.gov/Archives/edgar/data/1601712/000160171220000138/synchrony331202010q.htm"
  },
  {
    "date": "2019-12-31",
    "symbol": "SYF",
    "reportedCurrency": "USD",
    "cik": "0001601712",
    "fillingDate": "2020-02-13",
    "acceptedDate": "2020-02-13 17:31:54",
    "calendarYear": "2019",
    "period": "Q4",
    "revenue": 3104000000,
    "costOfRevenue": 0,
    "grossProfit": 3104000000,
    "grossProfitRatio": 1,
    "researchAndDevelopmentExpenses": 0,
    "generalAndAdministrativeExpenses": 385000000,
    "sellingAndMarketingExpenses": 152000000,
    "sellingGeneralAndAdministrativeExpenses": 537000000,
    "otherExpenses": -1029000000,
    "operatingExpenses": -492000000,
    "costAndExpenses": -1521000000,
    "interestIncome": 4585000000,
    "interestExpense": 556000000,
    "depreciationAndAmortization": 94000000,
    "ebitda": 1188000000,
    "ebitdaratio": 0.3827319588,
    "operatingIncome": 1477000000,
    "operatingIncomeRatio": 0.4758376289,
    "totalOtherIncomeExpensesNet": 6622000000,
    "incomeBeforeTax": 921000000,
    "incomeBeforeTaxRatio": 0.2967139175,
    "incomeTaxExpense": 190000000,
    "netIncome": 731000000,
    "netIncomeRatio": 0.2355025773,
    "eps": 1.15,
    "epsdiluted": 1.15,
    "weightedAverageShsOut": 633700000,
    "weightedAverageShsOutDil": 637700000,
    "link": "https://www.sec.gov/Archives/edgar/data/1601712/000160171220000038/0001601712-20-000038-index.htm",
    "finalLink": "https://www.sec.gov/Archives/edgar/data/1601712/000160171220000038/synchrony1231201910k.htm"
  },
  {
    "date": "2019-09-30",
    "symbol": "SYF",
    "reportedCurrency": "USD",
    "cik": "0001601712",
    "fillingDate": "2019-10-25",
    "acceptedDate": "2019-10-24 18:45:50",
    "calendarYear": "2019",
    "period": "Q3",
    "revenue": 3458000000,
    "costOfRevenue": 0,
    "grossProfit": 3458000000,
    "grossProfitRatio": 1,
    "researchAndDevelopmentExpenses": 0,
    "generalAndAdministrativeExpenses": 359000000,
    "sellingAndMarketingExpenses": 139000000,
    "sellingGeneralAndAdministrativeExpenses": 498000000,
    "otherExpenses": -1016000000,
    "operatingExpenses": 344000000,
    "costAndExpenses": -672000000,
    "interestIncome": 4981000000,
    "interestExpense": 592000000,
    "depreciationAndAmortization": 94000000,
    "ebitda": 1469000000,
    "ebitdaratio": 0.4248120301,
    "operatingIncome": 1967000000,
    "operatingIncomeRatio": 0.5688259109,
    "totalOtherIncomeExpensesNet": -234000000,
    "incomeBeforeTax": 1375000000,
    "incomeBeforeTaxRatio": 0.3976286871,
    "incomeTaxExpense": 319000000,
    "netIncome": 1056000000,
    "netIncomeRatio": 0.3053788317,
    "eps": 1.6,
    "epsdiluted": 1.6,
    "weightedAverageShsOut": 658300000,
    "weightedAverageShsOutDil": 661700000,
    "link": "https://www.sec.gov/Archives/edgar/data/1601712/000160171219000242/0001601712-19-000242-index.htm",
    "finalLink": "https://www.sec.gov/Archives/edgar/data/1601712/000160171219000242/synchrony930201910q.htm"
  },
  {
    "date": "2019-06-30",
    "symbol": "SYF",
    "reportedCurrency": "USD",
    "cik": "0001601712",
    "fillingDate": "2019-07-25",
    "acceptedDate": "2019-07-25 16:58:58",
    "calendarYear": "2019",
    "period": "Q2",
    "revenue": 3386000000,
    "costOfRevenue": 0,
    "grossProfit": 3386000000,
    "grossProfitRatio": 1,
    "researchAndDevelopmentExpenses": 0,
    "generalAndAdministrativeExpenses": 358000000,
    "sellingAndMarketingExpenses": 135000000,
    "sellingGeneralAndAdministrativeExpenses": 493000000,
    "otherExpenses": -859000000,
    "operatingExpenses": 366000000,
    "costAndExpenses": -493000000,
    "interestIncome": 4738000000,
    "interestExpense": 583000000,
    "depreciationAndAmortization": 92000000,
    "ebitda": 1221000000,
    "ebitdaratio": 0.3606024808,
    "operatingIncome": 1712000000,
    "operatingIncomeRatio": 0.5056113408,
    "totalOtherIncomeExpensesNet": -212000000,
    "incomeBeforeTax": 1129000000,
    "incomeBeforeTaxRatio": 0.3334317779,
    "incomeTaxExpense": 276000000,
    "netIncome": 853000000,
    "netIncomeRatio": 0.2519196692,
    "eps": 1.25,
    "epsdiluted": 1.24,
    "weightedAverageShsOut": 683600000,
    "weightedAverageShsOutDil": 686500000,
    "link": "https://www.sec.gov/Archives/edgar/data/1601712/000160171219000184/0001601712-19-000184-index.htm",
    "finalLink": "https://www.sec.gov/Archives/edgar/data/1601712/000160171219000184/synchrony630201910q.htm"
  },
  {
    "date": "2019-03-31",
    "symbol": "SYF",
    "reportedCurrency": "USD",
    "cik": "0001601712",
    "fillingDate": "2019-04-25",
    "acceptedDate": "2019-04-25 17:01:33",
    "calendarYear": "2019",
    "period": "Q1",
    "revenue": 3364000000,
    "costOfRevenue": 0,
    "grossProfit": 3364000000,
    "grossProfitRatio": 1,
    "researchAndDevelopmentExpenses": 0,
    "generalAndAdministrativeExpenses": 353000000,
    "sellingAndMarketingExpenses": 123000000,
    "sellingGeneralAndAdministrativeExpenses": 476000000,
    "otherExpenses": -954000000,
    "operatingExpenses": 355000000,
    "costAndExpenses": -599000000,
    "interestIncome": 4786000000,
    "interestExpense": 560000000,
    "depreciationAndAmortization": 87000000,
    "ebitda": 1549000000,
    "ebitdaratio": 0.4604637337,
    "operatingIncome": 2022000000,
    "operatingIncomeRatio": 0.6010701546,
    "totalOtherIncomeExpensesNet": -222000000,
    "incomeBeforeTax": 1462000000,
    "incomeBeforeTaxRatio": 0.4346016647,
    "incomeTaxExpense": 355000000,
    "netIncome": 1107000000,
    "netIncomeRatio": 0.3290725327,
    "eps": 1.57,
    "epsdiluted": 1.56,
    "weightedAverageShsOut": 706300000,
    "weightedAverageShsOutDil": 708900000,
    "link": "https://www.sec.gov/Archives/edgar/data/1601712/000160171219000124/0001601712-19-000124-index.htm",
    "finalLink": "https://www.sec.gov/Archives/edgar/data/1601712/000160171219000124/synchrony331201910q.htm"
  },
  {
    "date": "2018-12-31",
    "symbol": "SYF",
    "reportedCurrency": "USD",
    "cik": "0001601712",
    "fillingDate": "2019-02-15",
    "acceptedDate": "2019-02-15 16:23:05",
    "calendarYear": "2018",
    "period": "Q4",
    "revenue": 3542000000,
    "costOfRevenue": 0,
    "grossProfit": 3542000000,
    "grossProfitRatio": 1,
    "researchAndDevelopmentExpenses": 0,
    "generalAndAdministrativeExpenses": 353000000,
    "sellingAndMarketingExpenses": 166000000,
    "sellingGeneralAndAdministrativeExpenses": 519000000,
    "otherExpenses": -855000000,
    "operatingExpenses": -336000000,
    "costAndExpenses": -1191000000,
    "interestIncome": 4876000000,
    "interestExpense": 543000000,
    "depreciationAndAmortization": 80000000,
    "ebitda": 1092000000,
    "ebitdaratio": 0.3083003953,
    "operatingIncome": 1555000000,
    "operatingIncomeRatio": 0.4390175042,
    "totalOtherIncomeExpensesNet": 4971000000,
    "incomeBeforeTax": 1012000000,
    "incomeBeforeTaxRatio": 0.2857142857,
    "incomeTaxExpense": 229000000,
    "netIncome": 783000000,
    "netIncomeRatio": 0.2210615471,
    "eps": 1.09,
    "epsdiluted": 1.09,
    "weightedAverageShsOut": 718700000,
    "weightedAverageShsOutDil": 720900000,
    "link": "https://www.sec.gov/Archives/edgar/data/1601712/000160171219000053/0001601712-19-000053-index.htm",
    "finalLink": "https://www.sec.gov/Archives/edgar/data/1601712/000160171219000053/synchrony1231201810k.htm"
  },
  {
    "date": "2018-09-30",
    "symbol": "SYF",
    "reportedCurrency": "USD",
    "cik": "0001601712",
    "fillingDate": "2018-10-25",
    "acceptedDate": "2018-10-25 16:21:03",
    "calendarYear": "2018",
    "period": "Q3",
    "revenue": 3398000000,
    "costOfRevenue": -871000000,
    "grossProfit": 4269000000,
    "grossProfitRatio": 1.2563272513,
    "researchAndDevelopmentExpenses": 0,
    "generalAndAdministrativeExpenses": 365000000,
    "sellingAndMarketingExpenses": 131000000,
    "sellingGeneralAndAdministrativeExpenses": 496000000,
    "otherExpenses": -871000000,
    "operatingExpenses": 363000000,
    "costAndExpenses": -508000000,
    "interestIncome": 4694000000,
    "interestExpense": 488000000,
    "depreciationAndAmortization": 78000000,
    "ebitda": 971000000,
    "ebitdaratio": 0.2857563273,
    "operatingIncome": 1381000000,
    "operatingIncomeRatio": 0.4064155386,
    "totalOtherIncomeExpensesNet": -221000000,
    "incomeBeforeTax": 893000000,
    "incomeBeforeTaxRatio": 0.262801648,
    "incomeTaxExpense": 222000000,
    "netIncome": 671000000,
    "netIncomeRatio": 0.1974690995,
    "eps": 0.91,
    "epsdiluted": 0.91,
    "weightedAverageShsOut": 734900000,
    "weightedAverageShsOutDil": 738800000,
    "link": "https://www.sec.gov/Archives/edgar/data/1601712/000160171218000265/0001601712-18-000265-index.htm",
    "finalLink": "https://www.sec.gov/Archives/edgar/data/1601712/000160171218000265/synchrony930201810q.htm"
  },
  {
    "date": "2018-06-30",
    "symbol": "SYF",
    "reportedCurrency": "USD",
    "cik": "0001601712",
    "fillingDate": "2018-07-27",
    "acceptedDate": "2018-07-27 16:05:55",
    "calendarYear": "2018",
    "period": "Q2",
    "revenue": 3800000000,
    "costOfRevenue": 0,
    "grossProfit": 3800000000,
    "grossProfitRatio": 1,
    "researchAndDevelopmentExpenses": 0,
    "generalAndAdministrativeExpenses": 351000000,
    "sellingAndMarketingExpenses": 110000000,
    "sellingGeneralAndAdministrativeExpenses": 461000000,
    "otherExpenses": -653000000,
    "operatingExpenses": 287000000,
    "costAndExpenses": 287000000,
    "interestIncome": 4174000000,
    "interestExpense": 437000000,
    "depreciationAndAmortization": 73000000,
    "ebitda": 965000000,
    "ebitdaratio": 0.2539473684,
    "operatingIncome": 1329000000,
    "operatingIncomeRatio": 0.3497368421,
    "totalOtherIncomeExpensesNet": -238000000,
    "incomeBeforeTax": 892000000,
    "incomeBeforeTaxRatio": 0.2347368421,
    "incomeTaxExpense": 196000000,
    "netIncome": 696000000,
    "netIncomeRatio": 0.1831578947,
    "eps": 0.93,
    "epsdiluted": 0.92,
    "weightedAverageShsOut": 752200000,
    "weightedAverageShsOutDil": 758300000,
    "link": "https://www.sec.gov/Archives/edgar/data/1601712/000160171218000209/0001601712-18-000209-index.htm",
    "finalLink": "https://www.sec.gov/Archives/edgar/data/1601712/000160171218000209/synchrony630201810q.htm"
  },
  {
    "date": "2018-03-31",
    "symbol": "SYF",
    "reportedCurrency": "USD",
    "cik": "0001601712",
    "fillingDate": "2018-04-26",
    "acceptedDate": "2018-04-26 17:27:38",
    "calendarYear": "2018",
    "period": "Q1",
    "revenue": 3197000000,
    "costOfRevenue": 0,
    "grossProfit": 3197000000,
    "grossProfitRatio": 1,
    "researchAndDevelopmentExpenses": 0,
    "generalAndAdministrativeExpenses": 358000000,
    "sellingAndMarketingExpenses": 121000000,
    "sellingGeneralAndAdministrativeExpenses": 479000000,
    "otherExpenses": -720000000,
    "operatingExpenses": 287000000,
    "costAndExpenses": -433000000,
    "interestIncome": 4244000000,
    "interestExpense": 402000000,
    "depreciationAndAmortization": 71000000,
    "ebitda": 918000000,
    "ebitdaratio": 0.2871441977,
    "operatingIncome": 1249000000,
    "operatingIncomeRatio": 0.3906787613,
    "totalOtherIncomeExpensesNet": -239000000,
    "incomeBeforeTax": 847000000,
    "incomeBeforeTaxRatio": 0.2649358774,
    "incomeTaxExpense": 207000000,
    "netIncome": 640000000,
    "netIncomeRatio": 0.2001876759,
    "eps": 0.84,
    "epsdiluted": 0.83,
    "weightedAverageShsOut": 763700000,
    "weightedAverageShsOutDil": 770300000,
    "link": "https://www.sec.gov/Archives/edgar/data/1601712/000160171218000155/0001601712-18-000155-index.htm",
    "finalLink": "https://www.sec.gov/Archives/edgar/data/1601712/000160171218000155/synchrony331201810q.htm"
  },
  {
    "date": "2017-12-31",
    "symbol": "SYF",
    "reportedCurrency": "USD",
    "cik": "0001601712",
    "fillingDate": "2018-02-22",
    "acceptedDate": "2018-02-22 16:56:29",
    "calendarYear": "2017",
    "period": "Q4",
    "revenue": 3199000000,
    "costOfRevenue": 0,
    "grossProfit": 3199000000,
    "grossProfitRatio": 1,
    "researchAndDevelopmentExpenses": 0,
    "generalAndAdministrativeExpenses": 333000000,
    "sellingAndMarketingExpenses": 156000000,
    "sellingGeneralAndAdministrativeExpenses": 489000000,
    "otherExpenses": -779000000,
    "operatingExpenses": -290000000,
    "costAndExpenses": -1069000000,
    "interestIncome": 4291000000,
    "interestExpense": 375000000,
    "depreciationAndAmortization": 67000000,
    "ebitda": 942000000,
    "ebitdaratio": 0.2944670209,
    "operatingIncome": 1250000000,
    "operatingIncomeRatio": 0.3907471085,
    "totalOtherIncomeExpensesNet": 4340000000,
    "incomeBeforeTax": 875000000,
    "incomeBeforeTaxRatio": 0.2735229759,
    "incomeTaxExpense": 490000000,
    "netIncome": 385000000,
    "netIncomeRatio": 0.1203501094,
    "eps": 0.49,
    "epsdiluted": 0.49,
    "weightedAverageShsOut": 778700000,
    "weightedAverageShsOutDil": 784000000,
    "link": "https://www.sec.gov/Archives/edgar/data/1601712/000160171218000107/0001601712-18-000107-index.htm",
    "finalLink": "https://www.sec.gov/Archives/edgar/data/1601712/000160171218000107/synchrony1231201710k.htm"
  },
  {
    "date": "2017-09-30",
    "symbol": "SYF",
    "reportedCurrency": "USD",
    "cik": "0001601712",
    "fillingDate": "2017-10-26",
    "acceptedDate": "2017-10-26 16:31:02",
    "calendarYear": "2017",
    "period": "Q3",
    "revenue": 3147000000,
    "costOfRevenue": 0,
    "grossProfit": 3147000000,
    "grossProfitRatio": 1,
    "researchAndDevelopmentExpenses": 0,
    "generalAndAdministrativeExpenses": 335000000,
    "sellingAndMarketingExpenses": 124000000,
    "sellingGeneralAndAdministrativeExpenses": 459000000,
    "otherExpenses": -805000000,
    "operatingExpenses": 285000000,
    "costAndExpenses": -520000000,
    "interestIncome": 4233000000,
    "interestExpense": 357000000,
    "depreciationAndAmortization": 69000000,
    "ebitda": 948000000,
    "ebitdaratio": 0.3012392755,
    "operatingIncome": 1236000000,
    "operatingIncomeRatio": 0.3927550048,
    "totalOtherIncomeExpensesNet": -244000000,
    "incomeBeforeTax": 879000000,
    "incomeBeforeTaxRatio": 0.279313632,
    "incomeTaxExpense": 324000000,
    "netIncome": 555000000,
    "netIncomeRatio": 0.1763584366,
    "eps": 0.7,
    "epsdiluted": 0.7,
    "weightedAverageShsOut": 787300000,
    "weightedAverageShsOutDil": 790900000,
    "link": "https://www.sec.gov/Archives/edgar/data/1601712/000160171217000148/0001601712-17-000148-index.htm",
    "finalLink": "https://www.sec.gov/Archives/edgar/data/1601712/000160171217000148/synchrony930201710q.htm"
  },
  {
    "date": "2017-06-30",
    "symbol": "SYF",
    "reportedCurrency": "USD",
    "cik": "0001601712",
    "fillingDate": "2017-07-28",
    "acceptedDate": "2017-07-28 09:00:14",
    "calendarYear": "2017",
    "period": "Q2",
    "revenue": 3025000000,
    "costOfRevenue": 0,
    "grossProfit": 3025000000,
    "grossProfitRatio": 1,
    "researchAndDevelopmentExpenses": 0,
    "generalAndAdministrativeExpenses": 321000000,
    "sellingAndMarketingExpenses": 124000000,
    "sellingGeneralAndAdministrativeExpenses": 445000000,
    "otherExpenses": -669000000,
    "operatingExpenses": 282000000,
    "costAndExpenses": -387000000,
    "interestIncome": 3970000000,
    "interestExpense": 333000000,
    "depreciationAndAmortization": 59000000,
    "ebitda": 847000000,
    "ebitdaratio": 0.28,
    "operatingIncome": 1121000000,
    "operatingIncomeRatio": 0.3705785124,
    "totalOtherIncomeExpensesNet": -223000000,
    "incomeBeforeTax": 788000000,
    "incomeBeforeTaxRatio": 0.2604958678,
    "incomeTaxExpense": 292000000,
    "netIncome": 496000000,
    "netIncomeRatio": 0.1639669421,
    "eps": 0.62,
    "epsdiluted": 0.61,
    "weightedAverageShsOut": 804000000,
    "weightedAverageShsOutDil": 807400000,
    "link": "https://www.sec.gov/Archives/edgar/data/1601712/000160171217000089/0001601712-17-000089-index.htm",
    "finalLink": "https://www.sec.gov/Archives/edgar/data/1601712/000160171217000089/synchrony630201710q.htm"
  },
  {
    "date": "2017-03-31",
    "symbol": "SYF",
    "reportedCurrency": "USD",
    "cik": "0001601712",
    "fillingDate": "2017-05-01",
    "acceptedDate": "2017-05-01 17:30:54",
    "calendarYear": "2017",
    "period": "Q1",
    "revenue": 2996000000,
    "costOfRevenue": 0,
    "grossProfit": 2996000000,
    "grossProfitRatio": 1,
    "researchAndDevelopmentExpenses": 0,
    "generalAndAdministrativeExpenses": 325000000,
    "sellingAndMarketingExpenses": 94000000,
    "sellingGeneralAndAdministrativeExpenses": 419000000,
    "otherExpenses": -684000000,
    "operatingExpenses": 245000000,
    "costAndExpenses": -439000000,
    "interestIncome": 3913000000,
    "interestExpense": 326000000,
    "depreciationAndAmortization": 59000000,
    "ebitda": 841000000,
    "ebitdaratio": 0.2807076101,
    "operatingIncome": 1108000000,
    "operatingIncomeRatio": 0.3698264352,
    "totalOtherIncomeExpensesNet": -250000000,
    "incomeBeforeTax": 782000000,
    "incomeBeforeTaxRatio": 0.2610146862,
    "incomeTaxExpense": 283000000,
    "netIncome": 499000000,
    "netIncomeRatio": 0.1665554072,
    "eps": 0.61,
    "epsdiluted": 0.61,
    "weightedAverageShsOut": 813100000,
    "weightedAverageShsOutDil": 817100000,
    "link": "https://www.sec.gov/Archives/edgar/data/1601712/000160171217000056/0001601712-17-000056-index.htm",
    "finalLink": "https://www.sec.gov/Archives/edgar/data/1601712/000160171217000056/synchrony331201710q.htm"
  },
  {
    "date": "2016-12-31",
    "symbol": "SYF",
    "reportedCurrency": "USD",
    "cik": "0001601712",
    "fillingDate": "2017-02-23",
    "acceptedDate": "2017-02-23 16:54:20",
    "calendarYear": "2016",
    "period": "Q4",
    "revenue": 2902000000,
    "costOfRevenue": 0,
    "grossProfit": 2902000000,
    "grossProfitRatio": 1,
    "researchAndDevelopmentExpenses": 0,
    "generalAndAdministrativeExpenses": 315000000,
    "sellingAndMarketingExpenses": 130000000,
    "sellingGeneralAndAdministrativeExpenses": 445000000,
    "otherExpenses": -811000000,
    "operatingExpenses": -366000000,
    "costAndExpenses": -1177000000,
    "interestIncome": 3947000000,
    "interestExpense": 319000000,
    "depreciationAndAmortization": 55000000,
    "ebitda": 963000000,
    "ebitdaratio": 0.3318401103,
    "operatingIncome": 1227000000,
    "operatingIncomeRatio": 0.4228118539,
    "totalOtherIncomeExpensesNet": 4499000000,
    "incomeBeforeTax": 908000000,
    "incomeBeforeTaxRatio": 0.3128876637,
    "incomeTaxExpense": 332000000,
    "netIncome": 576000000,
    "netIncomeRatio": 0.1984838043,
    "eps": 0.7,
    "epsdiluted": 0.7,
    "weightedAverageShsOut": 820500000,
    "weightedAverageShsOutDil": 823800000,
    "link": "https://www.sec.gov/Archives/edgar/data/1601712/000160171217000031/0001601712-17-000031-index.htm",
    "finalLink": "https://www.sec.gov/Archives/edgar/data/1601712/000160171217000031/synchrony1231201610k.htm"
  },
  {
    "date": "2016-09-30",
    "symbol": "SYF",
    "reportedCurrency": "USD",
    "cik": "0001601712",
    "fillingDate": "2016-10-27",
    "acceptedDate": "2016-10-27 16:56:07",
    "calendarYear": "2016",
    "period": "Q3",
    "revenue": 2808000000,
    "costOfRevenue": 0,
    "grossProfit": 2808000000,
    "grossProfitRatio": 1,
    "researchAndDevelopmentExpenses": 0,
    "generalAndAdministrativeExpenses": 311000000,
    "sellingAndMarketingExpenses": 92000000,
    "sellingGeneralAndAdministrativeExpenses": 403000000,
    "otherExpenses": -757000000,
    "operatingExpenses": 266000000,
    "costAndExpenses": -491000000,
    "interestIncome": 3796000000,
    "interestExpense": 315000000,
    "depreciationAndAmortization": 56000000,
    "ebitda": 1019000000,
    "ebitdaratio": 0.3628917379,
    "operatingIncome": 1278000000,
    "operatingIncomeRatio": 0.4551282051,
    "totalOtherIncomeExpensesNet": -195000000,
    "incomeBeforeTax": 963000000,
    "incomeBeforeTaxRatio": 0.3429487179,
    "incomeTaxExpense": 359000000,
    "netIncome": 604000000,
    "netIncomeRatio": 0.2150997151,
    "eps": 0.73,
    "epsdiluted": 0.73,
    "weightedAverageShsOut": 828400000,
    "weightedAverageShsOutDil": 830600000,
    "link": "https://www.sec.gov/Archives/edgar/data/1601712/000160171216000175/0001601712-16-000175-index.htm",
    "finalLink": "https://www.sec.gov/Archives/edgar/data/1601712/000160171216000175/synchrony930201610q.htm"
  },
  {
    "date": "2016-06-30",
    "symbol": "SYF",
    "reportedCurrency": "USD",
    "cik": "0001601712",
    "fillingDate": "2016-07-28",
    "acceptedDate": "2016-07-28 17:14:25",
    "calendarYear": "2016",
    "period": "Q2",
    "revenue": 2631000000,
    "costOfRevenue": 0,
    "grossProfit": 2631000000,
    "grossProfitRatio": 1,
    "researchAndDevelopmentExpenses": 0,
    "generalAndAdministrativeExpenses": 301000000,
    "sellingAndMarketingExpenses": 107000000,
    "sellingGeneralAndAdministrativeExpenses": 408000000,
    "otherExpenses": -664000000,
    "operatingExpenses": 261000000,
    "costAndExpenses": -403000000,
    "interestIncome": 3515000000,
    "interestExpense": 303000000,
    "depreciationAndAmortization": 54000000,
    "ebitda": 0,
    "ebitdaratio": 0,
    "operatingIncome": 1074000000,
    "operatingIncomeRatio": 0.4082098062,
    "totalOtherIncomeExpensesNet": -196000000,
    "incomeBeforeTax": 771000000,
    "incomeBeforeTaxRatio": 0.2930444698,
    "incomeTaxExpense": 282000000,
    "netIncome": 489000000,
    "netIncomeRatio": 0.1858608894,
    "eps": 0.59,
    "epsdiluted": 0.58,
    "weightedAverageShsOut": 833900000,
    "weightedAverageShsOutDil": 836200000,
    "link": "https://www.sec.gov/Archives/edgar/data/1601712/000160171216000143/0001601712-16-000143-index.htm",
    "finalLink": "https://www.sec.gov/Archives/edgar/data/1601712/000160171216000143/synchrony630201610q.htm"
  },
  {
    "date": "2016-03-31",
    "symbol": "SYF",
    "reportedCurrency": "USD",
    "cik": "0001601712",
    "fillingDate": "2016-04-28",
    "acceptedDate": "2016-04-28 17:18:46",
    "calendarYear": "2016",
    "period": "Q1",
    "revenue": 2631000000,
    "costOfRevenue": 0,
    "grossProfit": 2631000000,
    "grossProfitRatio": 1,
    "researchAndDevelopmentExpenses": 0,
    "generalAndAdministrativeExpenses": 280000000,
    "sellingAndMarketingExpenses": 94000000,
    "sellingGeneralAndAdministrativeExpenses": 374000000,
    "otherExpenses": -670000000,
    "operatingExpenses": 240000000,
    "costAndExpenses": -430000000,
    "interestIncome": 3520000000,
    "interestExpense": 311000000,
    "depreciationAndAmortization": 54000000,
    "ebitda": 0,
    "ebitdaratio": 0,
    "operatingIncome": 1239000000,
    "operatingIncomeRatio": 0.4709236032,
    "totalOtherIncomeExpensesNet": -198000000,
    "incomeBeforeTax": 928000000,
    "incomeBeforeTaxRatio": 0.3527175979,
    "incomeTaxExpense": 346000000,
    "netIncome": 582000000,
    "netIncomeRatio": 0.2212086659,
    "eps": 0.7,
    "epsdiluted": 0.7,
    "weightedAverageShsOut": 833800000,
    "weightedAverageShsOutDil": 835500000,
    "link": "https://www.sec.gov/Archives/edgar/data/1601712/000160171216000109/0001601712-16-000109-index.htm",
    "finalLink": "https://www.sec.gov/Archives/edgar/data/1601712/000160171216000109/synchrony331201610q.htm"
  },
  {
    "date": "2015-12-31",
    "symbol": "SYF",
    "reportedCurrency": "USD",
    "cik": "0001601712",
    "fillingDate": "2016-02-25",
    "acceptedDate": "2016-02-25 17:26:46",
    "calendarYear": "2015",
    "period": "Q4",
    "revenue": 2561000000,
    "costOfRevenue": 0,
    "grossProfit": 2561000000,
    "grossProfitRatio": 1,
    "researchAndDevelopmentExpenses": 0,
    "generalAndAdministrativeExpenses": 285000000,
    "sellingAndMarketingExpenses": 128000000,
    "sellingGeneralAndAdministrativeExpenses": 413000000,
    "otherExpenses": -734000000,
    "operatingExpenses": -321000000,
    "costAndExpenses": -1055000000,
    "interestIncome": 3509000000,
    "interestExpense": 301000000,
    "depreciationAndAmortization": 47000000,
    "ebitda": 0,
    "ebitdaratio": 0,
    "operatingIncome": 1169000000,
    "operatingIncomeRatio": 0.4564623194,
    "totalOtherIncomeExpensesNet": 4365000000,
    "incomeBeforeTax": 868000000,
    "incomeBeforeTaxRatio": 0.3389301054,
    "incomeTaxExpense": 321000000,
    "netIncome": 547000000,
    "netIncomeRatio": 0.213588442,
    "eps": 0.66,
    "epsdiluted": 0.65,
    "weightedAverageShsOut": 833800000,
    "weightedAverageShsOutDil": 835800000,
    "link": "https://www.sec.gov/Archives/edgar/data/1601712/000160171216000069/0001601712-16-000069-index.htm",
    "finalLink": "https://www.sec.gov/Archives/edgar/data/1601712/000160171216000069/synchrony1231201510k.htm"
  },
  {
    "date": "2015-09-30",
    "symbol": "SYF",
    "reportedCurrency": "USD",
    "cik": "0001601712",
    "fillingDate": "2015-10-30",
    "acceptedDate": "2015-10-30 09:13:39",
    "calendarYear": "2015",
    "period": "Q3",
    "revenue": 2464000000,
    "costOfRevenue": 0,
    "grossProfit": 2464000000,
    "grossProfitRatio": 1,
    "researchAndDevelopmentExpenses": 0,
    "generalAndAdministrativeExpenses": 268000000,
    "sellingAndMarketingExpenses": 115000000,
    "sellingGeneralAndAdministrativeExpenses": 383000000,
    "otherExpenses": -723000000,
    "operatingExpenses": 277000000,
    "costAndExpenses": -446000000,
    "interestIncome": 3392000000,
    "interestExpense": 289000000,
    "depreciationAndAmortization": 46000000,
    "ebitda": 0,
    "ebitdaratio": 0,
    "operatingIncome": 1208000000,
    "operatingIncomeRatio": 0.4902597403,
    "totalOtherIncomeExpensesNet": -221000000,
    "incomeBeforeTax": 919000000,
    "incomeBeforeTaxRatio": 0.3729707792,
    "incomeTaxExpense": 345000000,
    "netIncome": 574000000,
    "netIncomeRatio": 0.2329545455,
    "eps": 0.69,
    "epsdiluted": 0.69,
    "weightedAverageShsOut": 833800000,
    "weightedAverageShsOutDil": 835800000,
    "link": "https://www.sec.gov/Archives/edgar/data/1601712/000160171215000032/0001601712-15-000032-index.htm",
    "finalLink": "https://www.sec.gov/Archives/edgar/data/1601712/000160171215000032/synchrony930201510q.htm"
  },
  {
    "date": "2015-06-30",
    "symbol": "SYF",
    "reportedCurrency": "USD",
    "cik": "0001601712",
    "fillingDate": "2015-07-31",
    "acceptedDate": "2015-07-31 09:00:17",
    "calendarYear": "2015",
    "period": "Q2",
    "revenue": 2406000000,
    "costOfRevenue": 0,
    "grossProfit": 2406000000,
    "grossProfitRatio": 1,
    "researchAndDevelopmentExpenses": 0,
    "generalAndAdministrativeExpenses": 250000000,
    "sellingAndMarketingExpenses": 108000000,
    "sellingGeneralAndAdministrativeExpenses": 358000000,
    "otherExpenses": -621000000,
    "operatingExpenses": 264000000,
    "costAndExpenses": -357000000,
    "interestIncome": 3177000000,
    "interestExpense": 270000000,
    "depreciationAndAmortization": 44000000,
    "ebitda": 0,
    "ebitdaratio": 0,
    "operatingIncome": 1131000000,
    "operatingIncomeRatio": 0.470074813,
    "totalOtherIncomeExpensesNet": -217000000,
    "incomeBeforeTax": 861000000,
    "incomeBeforeTaxRatio": 0.3578553616,
    "incomeTaxExpense": 320000000,
    "netIncome": 541000000,
    "netIncomeRatio": 0.2248545303,
    "eps": 0.65,
    "epsdiluted": 0.65,
    "weightedAverageShsOut": 833800000,
    "weightedAverageShsOutDil": 835400000,
    "link": "https://www.sec.gov/Archives/edgar/data/1601712/000160171215000026/0001601712-15-000026-index.htm",
    "finalLink": "https://www.sec.gov/Archives/edgar/data/1601712/000160171215000026/synchrony630201510q.htm"
  },
  {
    "date": "2015-03-31",
    "symbol": "SYF",
    "reportedCurrency": "USD",
    "cik": "0001601712",
    "fillingDate": "2015-05-01",
    "acceptedDate": "2015-05-01 07:59:59",
    "calendarYear": "2015",
    "period": "Q1",
    "revenue": 2316000000,
    "costOfRevenue": 0,
    "grossProfit": 2316000000,
    "grossProfitRatio": 1,
    "researchAndDevelopmentExpenses": 0,
    "generalAndAdministrativeExpenses": 239000000,
    "sellingAndMarketingExpenses": 82000000,
    "sellingGeneralAndAdministrativeExpenses": 321000000,
    "otherExpenses": -660000000,
    "operatingExpenses": 244000000,
    "costAndExpenses": -416000000,
    "interestIncome": 3150000000,
    "interestExpense": 275000000,
    "depreciationAndAmortization": 37000000,
    "ebitda": 0,
    "ebitdaratio": 0,
    "operatingIncome": 1158000000,
    "operatingIncomeRatio": 0.5,
    "totalOtherIncomeExpensesNet": -200000000,
    "incomeBeforeTax": 883000000,
    "incomeBeforeTaxRatio": 0.3812607945,
    "incomeTaxExpense": 331000000,
    "netIncome": 552000000,
    "netIncomeRatio": 0.2383419689,
    "eps": 0.66,
    "epsdiluted": 0.66,
    "weightedAverageShsOut": 833800000,
    "weightedAverageShsOutDil": 835000000,
    "link": "https://www.sec.gov/Archives/edgar/data/1601712/000160171215000015/0001601712-15-000015-index.htm",
    "finalLink": "https://www.sec.gov/Archives/edgar/data/1601712/000160171215000015/synchrony331201510q.htm"
  },
  {
    "date": "2014-12-31",
    "symbol": "SYF",
    "reportedCurrency": "USD",
    "cik": "0001601712",
    "fillingDate": "2015-02-23",
    "acceptedDate": "2015-02-23 17:02:50",
    "calendarYear": "2014",
    "period": "Q4",
    "revenue": 2442000000,
    "costOfRevenue": 0,
    "grossProfit": 2442000000,
    "grossProfitRatio": 1,
    "researchAndDevelopmentExpenses": 0,
    "generalAndAdministrativeExpenses": 227000000,
    "sellingAndMarketingExpenses": 165000000,
    "sellingGeneralAndAdministrativeExpenses": 392000000,
    "otherExpenses": -698000000,
    "operatingExpenses": -306000000,
    "costAndExpenses": -1004000000,
    "interestIncome": 3260000000,
    "interestExpense": 282000000,
    "depreciationAndAmortization": 35000000,
    "ebitda": 0,
    "ebitdaratio": 0,
    "operatingIncome": 1135000000,
    "operatingIncomeRatio": 0.4647829648,
    "totalOtherIncomeExpensesNet": 4026000000,
    "incomeBeforeTax": 853000000,
    "incomeBeforeTaxRatio": 0.3493038493,
    "incomeTaxExpense": 322000000,
    "netIncome": 531000000,
    "netIncomeRatio": 0.2174447174,
    "eps": 0.64,
    "epsdiluted": 0.64,
    "weightedAverageShsOut": 833800000,
    "weightedAverageShsOutDil": 834300000,
    "link": "https://www.sec.gov/Archives/edgar/data/1601712/000160171215000007/0001601712-15-000007-index.htm",
    "finalLink": "https://www.sec.gov/Archives/edgar/data/1601712/000160171215000007/synchrony1231201410k.htm"
  },
  {
    "date": "2014-09-30",
    "symbol": "SYF",
    "reportedCurrency": "USD",
    "cik": "0001601712",
    "fillingDate": "2014-10-31",
    "acceptedDate": "2014-10-31 09:19:40",
    "calendarYear": "2014",
    "period": "Q3",
    "revenue": 2282000000,
    "costOfRevenue": 0,
    "grossProfit": 2282000000,
    "grossProfitRatio": 1,
    "researchAndDevelopmentExpenses": 0,
    "generalAndAdministrativeExpenses": 239000000,
    "sellingAndMarketingExpenses": 115000000,
    "sellingGeneralAndAdministrativeExpenses": 354000000,
    "otherExpenses": -693000000,
    "operatingExpenses": 274000000,
    "costAndExpenses": -419000000,
    "interestIncome": 3123000000,
    "interestExpense": 244000000,
    "depreciationAndAmortization": 33000000,
    "ebitda": 0,
    "ebitdaratio": 0,
    "operatingIncome": 1123000000,
    "operatingIncomeRatio": 0.4921121823,
    "totalOtherIncomeExpensesNet": -178000000,
    "incomeBeforeTax": 879000000,
    "incomeBeforeTaxRatio": 0.3851884312,
    "incomeTaxExpense": 331000000,
    "netIncome": 548000000,
    "netIncomeRatio": 0.2401402279,
    "eps": 0.7,
    "epsdiluted": 0.7,
    "weightedAverageShsOut": 782000000,
    "weightedAverageShsOutDil": 782000000,
    "link": "https://www.sec.gov/Archives/edgar/data/1601712/000160171214000015/0001601712-14-000015-index.htm",
    "finalLink": "https://www.sec.gov/Archives/edgar/data/1601712/000160171214000015/synchrony930201410q.htm"
  },
  {
    "date": "2014-06-30",
    "symbol": "SYF",
    "reportedCurrency": "USD",
    "cik": "0001601712",
    "fillingDate": "2014-09-05",
    "acceptedDate": "2014-09-05 07:27:27",
    "calendarYear": "2014",
    "period": "Q2",
    "revenue": 2832000000,
    "costOfRevenue": 0,
    "grossProfit": 2832000000,
    "grossProfitRatio": 1,
    "researchAndDevelopmentExpenses": 0,
    "generalAndAdministrativeExpenses": 207000000,
    "sellingAndMarketingExpenses": 97000000,
    "sellingGeneralAndAdministrativeExpenses": 304000000,
    "otherExpenses": -590000000,
    "operatingExpenses": 252000000,
    "costAndExpenses": 252000000,
    "interestIncome": 2926000000,
    "interestExpense": 206000000,
    "depreciationAndAmortization": 32000000,
    "ebitda": 0,
    "ebitdaratio": 0,
    "operatingIncome": 970000000,
    "operatingIncomeRatio": 0.3425141243,
    "totalOtherIncomeExpensesNet": -295000000,
    "incomeBeforeTax": 764000000,
    "incomeBeforeTaxRatio": 0.2697740113,
    "incomeTaxExpense": 292000000,
    "netIncome": 472000000,
    "netIncomeRatio": 0.1666666667,
    "eps": 0.57,
    "epsdiluted": 0.57,
    "weightedAverageShsOut": 830270833,
    "weightedAverageShsOutDil": 830270833,
    "link": "https://www.sec.gov/Archives/edgar/data/1601712/000160171214000007/0001601712-14-000007-index.htm",
    "finalLink": "https://www.sec.gov/Archives/edgar/data/1601712/000160171214000007/synchrony630201410q.htm"
  },
  {
    "date": "2014-03-31",
    "symbol": "SYF",
    "reportedCurrency": "USD",
    "cik": "0001601712",
    "fillingDate": "2014-03-31",
    "acceptedDate": "2014-03-30 20:00:00",
    "calendarYear": "2014",
    "period": "Q1",
    "revenue": 2858000000,
    "costOfRevenue": 0,
    "grossProfit": 2858000000,
    "grossProfitRatio": 1,
    "researchAndDevelopmentExpenses": 0,
    "generalAndAdministrativeExpenses": 193000000,
    "sellingAndMarketingExpenses": 83000000,
    "sellingGeneralAndAdministrativeExpenses": 276000000,
    "otherExpenses": -594000000,
    "operatingExpenses": -318000000,
    "costAndExpenses": -318000000,
    "interestIncome": 2933000000,
    "interestExpense": 190000000,
    "depreciationAndAmortization": 31000000,
    "ebitda": 0,
    "ebitdaratio": 0,
    "operatingIncome": 1080000000,
    "operatingIncomeRatio": 0.377886634,
    "totalOtherIncomeExpensesNet": -152000000,
    "incomeBeforeTax": 890000000,
    "incomeBeforeTaxRatio": 0.311406578,
    "incomeTaxExpense": 332000000,
    "netIncome": 558000000,
    "netIncomeRatio": 0.1952414276,
    "eps": 0.67,
    "epsdiluted": 0.67,
    "weightedAverageShsOut": 830271000,
    "weightedAverageShsOutDil": 831170000,
    "link": "",
    "finalLink": ""
  },
  {
    "date": "2013-12-31",
    "symbol": "SYF",
    "reportedCurrency": "USD",
    "cik": "0001601712",
    "fillingDate": "2013-12-31",
    "acceptedDate": "2013-12-30 19:00:00",
    "calendarYear": "2013",
    "period": "Q4",
    "revenue": 2979000000,
    "costOfRevenue": 0,
    "grossProfit": 2979000000,
    "grossProfitRatio": 1,
    "researchAndDevelopmentExpenses": 0,
    "generalAndAdministrativeExpenses": 190000000,
    "sellingAndMarketingExpenses": 117000000,
    "sellingGeneralAndAdministrativeExpenses": 307000000,
    "otherExpenses": -662000000,
    "operatingExpenses": -355000000,
    "costAndExpenses": -355000000,
    "interestIncome": 3037000000,
    "interestExpense": 188000000,
    "depreciationAndAmortization": 27000000,
    "ebitda": 0,
    "ebitdaratio": 0,
    "operatingIncome": 880000000,
    "operatingIncomeRatio": 0.2954011413,
    "totalOtherIncomeExpensesNet": -291000000,
    "incomeBeforeTax": 692000000,
    "incomeBeforeTaxRatio": 0.2322927157,
    "incomeTaxExpense": 249000000,
    "netIncome": 443000000,
    "netIncomeRatio": 0.14870762,
    "eps": 0.53,
    "epsdiluted": 0.53,
    "weightedAverageShsOut": 830271000,
    "weightedAverageShsOutDil": 831170000,
    "link": "",
    "finalLink": ""
  },
  {
    "date": "2013-09-30",
    "symbol": "SYF",
    "reportedCurrency": "USD",
    "cik": "0001601712",
    "fillingDate": "2013-09-30",
    "acceptedDate": "2013-09-29 20:00:00",
    "calendarYear": "2013",
    "period": "Q3",
    "revenue": 2817000000,
    "costOfRevenue": 0,
    "grossProfit": 2817000000,
    "grossProfitRatio": 1,
    "researchAndDevelopmentExpenses": 0,
    "generalAndAdministrativeExpenses": 173000000,
    "sellingAndMarketingExpenses": 54000000,
    "sellingGeneralAndAdministrativeExpenses": 227000000,
    "otherExpenses": -680000000,
    "operatingExpenses": -453000000,
    "costAndExpenses": -453000000,
    "interestIncome": 2886000000,
    "interestExpense": 183000000,
    "depreciationAndAmortization": 25000000,
    "ebitda": 0,
    "ebitdaratio": 0,
    "operatingIncome": 1204000000,
    "operatingIncomeRatio": 0.4274050408,
    "totalOtherIncomeExpensesNet": -181000000,
    "incomeBeforeTax": 1021000000,
    "incomeBeforeTaxRatio": 0.3624423145,
    "incomeTaxExpense": 380000000,
    "netIncome": 641000000,
    "netIncomeRatio": 0.2275470359,
    "eps": 0.77,
    "epsdiluted": 0.77,
    "weightedAverageShsOut": 830271000,
    "weightedAverageShsOutDil": 831170000,
    "link": "",
    "finalLink": ""
  },
  {
    "date": "2013-06-30",
    "symbol": "SYF",
    "reportedCurrency": "USD",
    "cik": "0001601712",
    "fillingDate": "2013-06-30",
    "acceptedDate": "2013-06-29 20:00:00",
    "calendarYear": "2013",
    "period": "Q2",
    "revenue": 2632000000,
    "costOfRevenue": 0,
    "grossProfit": 2632000000,
    "grossProfitRatio": 1,
    "researchAndDevelopmentExpenses": 0,
    "generalAndAdministrativeExpenses": 173000000,
    "sellingAndMarketingExpenses": 53000000,
    "sellingGeneralAndAdministrativeExpenses": 226000000,
    "otherExpenses": -547000000,
    "operatingExpenses": -321000000,
    "costAndExpenses": -321000000,
    "interestIncome": 2686000000,
    "interestExpense": 178000000,
    "depreciationAndAmortization": 25000000,
    "ebitda": 0,
    "ebitdaratio": 0,
    "operatingIncome": 1034000000,
    "operatingIncomeRatio": 0.3928571429,
    "totalOtherIncomeExpensesNet": 0,
    "incomeBeforeTax": 856000000,
    "incomeBeforeTaxRatio": 0.3252279635,
    "incomeTaxExpense": 320000000,
    "netIncome": 536000000,
    "netIncomeRatio": 0.2036474164,
    "eps": 0.65,
    "epsdiluted": 0.64,
    "weightedAverageShsOut": 830271000,
    "weightedAverageShsOutDil": 831170000,
    "link": "",
    "finalLink": ""
  },
  {
    "date": "2013-03-31",
    "symbol": "SYF",
    "reportedCurrency": "USD",
    "cik": "0001601712",
    "fillingDate": "2013-03-31",
    "acceptedDate": "2013-03-31 00:00:00",
    "calendarYear": "2013",
    "period": "Q1",
    "revenue": 2643000000,
    "costOfRevenue": 0,
    "grossProfit": 2643000000,
    "grossProfitRatio": 1,
    "researchAndDevelopmentExpenses": 0,
    "generalAndAdministrativeExpenses": 162000000,
    "sellingAndMarketingExpenses": 45000000,
    "sellingGeneralAndAdministrativeExpenses": 207000000,
    "otherExpenses": -484000000,
    "operatingExpenses": -277000000,
    "costAndExpenses": -277000000,
    "interestIncome": 2704000000,
    "interestExpense": 193000000,
    "depreciationAndAmortization": 27000000,
    "ebitda": 0,
    "ebitdaratio": 0,
    "operatingIncome": 766000000,
    "operatingIncomeRatio": 0.2898221718,
    "totalOtherIncomeExpensesNet": -33000000,
    "incomeBeforeTax": 573000000,
    "incomeBeforeTaxRatio": 0.2167990919,
    "incomeTaxExpense": 214000000,
    "netIncome": 359000000,
    "netIncomeRatio": 0.1358304956,
    "eps": 0.43,
    "epsdiluted": 0.43,
    "weightedAverageShsOut": 830271000,
    "weightedAverageShsOutDil": 831170000,
    "link": "",
    "finalLink": ""
  }
]