[
  {
    "date": "2024-12-31",
    "symbol": "SYF",
    "reportedCurrency": "USD",
    "cik": "0001601712",
    "fillingDate": "2025-02-07",
    "acceptedDate": "2025-02-07 16:29:30",
    "calendarYear": "2024",
    "period": "FY",
    "revenue": 24166000000,
    "costOfRevenue": 11367000000,
    "grossProfit": 12799000000,
    "grossProfitRatio": 0.5296284035,
    "researchAndDevelopmentExpenses": 0,
    "generalAndAdministrativeExpenses": 1829000000,
    "sellingAndMarketingExpenses": 524000000,
    "sellingGeneralAndAdministrativeExpenses": 2353000000,
    "otherExpenses": 2486000000,
    "operatingExpenses": 4839000000,
    "costAndExpenses": 16206000000,
    "interestIncome": 22645000000,
    "interestExpense": 4634000000,
    "depreciationAndAmortization": 481000000,
    "ebitda": 9668000000,
    "ebitdaratio": 0.4000662087,
    "operatingIncome": 7960000000,
    "operatingIncomeRatio": 0.3293883969,
    "totalOtherIncomeExpensesNet": -3407000000,
    "incomeBeforeTax": 4553000000,
    "incomeBeforeTaxRatio": 0.1884051974,
    "incomeTaxExpense": 1054000000,
    "netIncome": 3499000000,
    "netIncomeRatio": 0.1447902011,
    "eps": 8.64,
    "epsdiluted": 8.55,
    "weightedAverageShsOut": 396500000,
    "weightedAverageShsOutDil": 400600000,
    "link": "https://www.sec.gov/Archives/edgar/data/1601712/000160171225000044/0001601712-25-000044-index.htm",
    "finalLink": "https://www.sec.gov/Archives/edgar/data/1601712/000160171225000044/syf-20241231.htm"
  },
  {
    "date": "2023-12-31",
    "symbol": "SYF",
    "reportedCurrency": "USD",
    "cik": "0001601712",
    "fillingDate": "2024-02-08",
    "acceptedDate": "2024-02-08 16:07:03",
    "calendarYear": "2023",
    "period": "FY",
    "revenue": 7662000000,
    "costOfRevenue": 9676000000,
    "grossProfit": 7662000000,
    "grossProfitRatio": 1,
    "researchAndDevelopmentExpenses": 0,
    "generalAndAdministrativeExpenses": 1884000000,
    "sellingAndMarketingExpenses": 527000000,
    "sellingGeneralAndAdministrativeExpenses": 2411000000,
    "otherExpenses": 2347000000,
    "operatingExpenses": 4758000000,
    "costAndExpenses": 3922000000,
    "interestIncome": 20710000000,
    "interestExpense": 3711000000,
    "depreciationAndAmortization": 458000000,
    "ebitda": 4121000000,
    "ebitdaratio": 0.5378491256,
    "operatingIncome": 3663000000,
    "operatingIncomeRatio": 0.47807361,
    "totalOtherIncomeExpensesNet": -759000000,
    "incomeBeforeTax": 2904000000,
    "incomeBeforeTaxRatio": 0.3790133125,
    "incomeTaxExpense": 666000000,
    "netIncome": 2238000000,
    "netIncomeRatio": 0.2920908379,
    "eps": 5.21,
    "epsdiluted": 5.19,
    "weightedAverageShsOut": 421200000,
    "weightedAverageShsOutDil": 423500000,
    "link": "https://www.sec.gov/Archives/edgar/data/1601712/000160171224000047/0001601712-24-000047-index.htm",
    "finalLink": "https://www.sec.gov/Archives/edgar/data/1601712/000160171224000047/syf-20231231.htm"
  },
  {
    "date": "2022-12-31",
    "symbol": "SYF",
    "reportedCurrency": "USD",
    "cik": "0001601712",
    "fillingDate": "2023-02-09",
    "acceptedDate": "2023-02-09 16:55:13",
    "calendarYear": "2022",
    "period": "FY",
    "revenue": 16005000000,
    "costOfRevenue": 4896000000,
    "grossProfit": 14635000000,
    "grossProfitRatio": 0.9144017495,
    "researchAndDevelopmentExpenses": 0,
    "generalAndAdministrativeExpenses": 1681000000,
    "sellingAndMarketingExpenses": 487000000,
    "sellingGeneralAndAdministrativeExpenses": 2168000000,
    "otherExpenses": 2169000000,
    "operatingExpenses": 4337000000,
    "costAndExpenses": 1319000000,
    "interestIncome": 17146000000,
    "interestExpense": 1521000000,
    "depreciationAndAmortization": 8720000000,
    "ebitda": 4894000000,
    "ebitdaratio": 0.3057794439,
    "operatingIncome": 5441000000,
    "operatingIncomeRatio": 0.3399562637,
    "totalOtherIncomeExpensesNet": -714000000,
    "incomeBeforeTax": 3962000000,
    "incomeBeforeTaxRatio": 0.2475476414,
    "incomeTaxExpense": 946000000,
    "netIncome": 3016000000,
    "netIncomeRatio": 0.1884411122,
    "eps": 6.19,
    "epsdiluted": 6.15,
    "weightedAverageShsOut": 480400000,
    "weightedAverageShsOutDil": 483400000,
    "link": "https://www.sec.gov/Archives/edgar/data/1601712/000160171223000037/0001601712-23-000037-index.htm",
    "finalLink": "https://www.sec.gov/Archives/edgar/data/1601712/000160171223000037/syf-20221231.htm"
  },
  {
    "date": "2021-12-31",
    "symbol": "SYF",
    "reportedCurrency": "USD",
    "cik": "0001601712",
    "fillingDate": "2022-02-10",
    "acceptedDate": "2022-02-10 16:27:47",
    "calendarYear": "2021",
    "period": "FY",
    "revenue": 10192000000,
    "costOfRevenue": 905000000,
    "grossProfit": 9287000000,
    "grossProfitRatio": 0.9112048666,
    "researchAndDevelopmentExpenses": 0,
    "generalAndAdministrativeExpenses": 1501000000,
    "sellingAndMarketingExpenses": 486000000,
    "sellingGeneralAndAdministrativeExpenses": 1987000000,
    "otherExpenses": 1976000000,
    "operatingExpenses": 3963000000,
    "costAndExpenses": -4689000000,
    "interestIncome": 15271000000,
    "interestExpense": 1032000000,
    "depreciationAndAmortization": 5255000000,
    "ebitda": 6359000000,
    "ebitdaratio": 0.6239207221,
    "operatingIncome": 5503000000,
    "operatingIncomeRatio": 0.539933281,
    "totalOtherIncomeExpensesNet": -644000000,
    "incomeBeforeTax": 5503000000,
    "incomeBeforeTaxRatio": 0.539933281,
    "incomeTaxExpense": 1282000000,
    "netIncome": 4221000000,
    "netIncomeRatio": 0.4141483516,
    "eps": 7.4,
    "epsdiluted": 7.34,
    "weightedAverageShsOut": 564600000,
    "weightedAverageShsOutDil": 569300000,
    "link": "https://www.sec.gov/Archives/edgar/data/1601712/000160171222000053/0001601712-22-000053-index.htm",
    "finalLink": "https://www.sec.gov/Archives/edgar/data/1601712/000160171222000053/syf-20211231.htm"
  },
  {
    "date": "2020-12-31",
    "symbol": "SYF",
    "reportedCurrency": "USD",
    "cik": "0001601712",
    "fillingDate": "2021-02-11",
    "acceptedDate": "2021-02-11 16:51:56",
    "calendarYear": "2020",
    "period": "FY",
    "revenue": 11162000000,
    "costOfRevenue": 1421000000,
    "grossProfit": 9741000000,
    "grossProfitRatio": 0.8726930658,
    "researchAndDevelopmentExpenses": 0,
    "generalAndAdministrativeExpenses": 1380000000,
    "sellingAndMarketingExpenses": 448000000,
    "sellingGeneralAndAdministrativeExpenses": 1828000000,
    "otherExpenses": 2227000000,
    "operatingExpenses": 4055000000,
    "costAndExpenses": -1817000000,
    "interestIncome": 16067000000,
    "interestExpense": 1665000000,
    "depreciationAndAmortization": 10372000000,
    "ebitda": 2838000000,
    "ebitdaratio": 0.2542555098,
    "operatingIncome": 1797000000,
    "operatingIncomeRatio": 0.1609926536,
    "totalOtherIncomeExpensesNet": -976000000,
    "incomeBeforeTax": 1797000000,
    "incomeBeforeTaxRatio": 0.1609926536,
    "incomeTaxExpense": 412000000,
    "netIncome": 1385000000,
    "netIncomeRatio": 0.1240817058,
    "eps": 2.28,
    "epsdiluted": 2.27,
    "weightedAverageShsOut": 589000000,
    "weightedAverageShsOutDil": 590800000,
    "link": "https://www.sec.gov/Archives/edgar/data/1601712/000160171221000057/0001601712-21-000057-index.htm",
    "finalLink": "https://www.sec.gov/Archives/edgar/data/1601712/000160171221000057/syf-20201231.htm"
  },
  {
    "date": "2019-12-31",
    "symbol": "SYF",
    "reportedCurrency": "USD",
    "cik": "0001601712",
    "fillingDate": "2020-02-13",
    "acceptedDate": "2020-02-13 17:31:54",
    "calendarYear": "2019",
    "period": "FY",
    "revenue": 13312000000,
    "costOfRevenue": 1867000000,
    "grossProfit": 11445000000,
    "grossProfitRatio": 0.859750601,
    "researchAndDevelopmentExpenses": 0,
    "generalAndAdministrativeExpenses": 1455000000,
    "sellingAndMarketingExpenses": 549000000,
    "sellingGeneralAndAdministrativeExpenses": 2004000000,
    "otherExpenses": -3858000000,
    "operatingExpenses": -1854000000,
    "costAndExpenses": -1854000000,
    "interestIncome": 19090000000,
    "interestExpense": 2291000000,
    "depreciationAndAmortization": 9991000000,
    "ebitda": 5979000000,
    "ebitdaratio": 0.4491436298,
    "operatingIncome": 4887000000,
    "operatingIncomeRatio": 0.3671123798,
    "totalOtherIncomeExpensesNet": -889000000,
    "incomeBeforeTax": 4887000000,
    "incomeBeforeTaxRatio": 0.3671123798,
    "incomeTaxExpense": 1140000000,
    "netIncome": 3747000000,
    "netIncomeRatio": 0.2814753606,
    "eps": 5.59,
    "epsdiluted": 5.56,
    "weightedAverageShsOut": 670200000,
    "weightedAverageShsOutDil": 673500000,
    "link": "https://www.sec.gov/Archives/edgar/data/1601712/000160171220000038/0001601712-20-000038-index.htm",
    "finalLink": "https://www.sec.gov/Archives/edgar/data/1601712/000160171220000038/synchrony1231201910k.htm"
  },
  {
    "date": "2018-12-31",
    "symbol": "SYF",
    "reportedCurrency": "USD",
    "cik": "0001601712",
    "fillingDate": "2019-02-15",
    "acceptedDate": "2019-02-15 16:23:05",
    "calendarYear": "2018",
    "period": "FY",
    "revenue": 13284000000,
    "costOfRevenue": 1426000000,
    "grossProfit": 11858000000,
    "grossProfitRatio": 0.8926528154,
    "researchAndDevelopmentExpenses": 0,
    "generalAndAdministrativeExpenses": 1427000000,
    "sellingAndMarketingExpenses": 528000000,
    "sellingGeneralAndAdministrativeExpenses": 1955000000,
    "otherExpenses": -3099000000,
    "operatingExpenses": -1144000000,
    "costAndExpenses": -1144000000,
    "interestIncome": 17988000000,
    "interestExpense": 1870000000,
    "depreciationAndAmortization": 11510000000,
    "ebitda": 3946000000,
    "ebitdaratio": 0.2970490816,
    "operatingIncome": 5514000000,
    "operatingIncomeRatio": 0.4150858175,
    "totalOtherIncomeExpensesNet": -908000000,
    "incomeBeforeTax": 3644000000,
    "incomeBeforeTaxRatio": 0.2743149654,
    "incomeTaxExpense": 854000000,
    "netIncome": 2790000000,
    "netIncomeRatio": 0.2100271003,
    "eps": 3.76,
    "epsdiluted": 3.74,
    "weightedAverageShsOut": 742300000,
    "weightedAverageShsOutDil": 746900000,
    "link": "https://www.sec.gov/Archives/edgar/data/1601712/000160171219000053/0001601712-19-000053-index.htm",
    "finalLink": "https://www.sec.gov/Archives/edgar/data/1601712/000160171219000053/synchrony1231201810k.htm"
  },
  {
    "date": "2017-12-31",
    "symbol": "SYF",
    "reportedCurrency": "USD",
    "cik": "0001601712",
    "fillingDate": "2018-02-22",
    "acceptedDate": "2018-02-22 16:56:29",
    "calendarYear": "2017",
    "period": "FY",
    "revenue": 12367000000,
    "costOfRevenue": 1044000000,
    "grossProfit": 11323000000,
    "grossProfitRatio": 0.9155817902,
    "researchAndDevelopmentExpenses": 0,
    "generalAndAdministrativeExpenses": 1314000000,
    "sellingAndMarketingExpenses": 498000000,
    "sellingGeneralAndAdministrativeExpenses": 1812000000,
    "otherExpenses": -2937000000,
    "operatingExpenses": -1125000000,
    "costAndExpenses": -4062000000,
    "interestIncome": 16407000000,
    "interestExpense": 1391000000,
    "depreciationAndAmortization": 10434000000,
    "ebitda": 3578000000,
    "ebitdaratio": 0.2893183472,
    "operatingIncome": 4715000000,
    "operatingIncomeRatio": 0.3812565699,
    "totalOtherIncomeExpensesNet": -943000000,
    "incomeBeforeTax": 3324000000,
    "incomeBeforeTaxRatio": 0.2687798173,
    "incomeTaxExpense": 1389000000,
    "netIncome": 1935000000,
    "netIncomeRatio": 0.1564647853,
    "eps": 2.43,
    "epsdiluted": 2.42,
    "weightedAverageShsOut": 795600000,
    "weightedAverageShsOutDil": 799700000,
    "link": "https://www.sec.gov/Archives/edgar/data/1601712/000160171218000107/0001601712-18-000107-index.htm",
    "finalLink": "https://www.sec.gov/Archives/edgar/data/1601712/000160171218000107/synchrony1231201710k.htm"
  },
  {
    "date": "2016-12-31",
    "symbol": "SYF",
    "reportedCurrency": "USD",
    "cik": "0001601712",
    "fillingDate": "2017-02-23",
    "acceptedDate": "2017-02-23 16:54:20",
    "calendarYear": "2016",
    "period": "FY",
    "revenue": 10972000000,
    "costOfRevenue": 901000000,
    "grossProfit": 10071000000,
    "grossProfitRatio": 0.9178818812,
    "researchAndDevelopmentExpenses": 0,
    "generalAndAdministrativeExpenses": 1207000000,
    "sellingAndMarketingExpenses": 423000000,
    "sellingGeneralAndAdministrativeExpenses": 1630000000,
    "otherExpenses": -2902000000,
    "operatingExpenses": -1272000000,
    "costAndExpenses": -4174000000,
    "interestIncome": 14778000000,
    "interestExpense": 1248000000,
    "depreciationAndAmortization": 8650000000,
    "ebitda": 3789000000,
    "ebitdaratio": 0.3453335764,
    "operatingIncome": 4818000000,
    "operatingIncomeRatio": 0.4391177543,
    "totalOtherIncomeExpensesNet": -819000000,
    "incomeBeforeTax": 3570000000,
    "incomeBeforeTaxRatio": 0.3253736785,
    "incomeTaxExpense": 1319000000,
    "netIncome": 2251000000,
    "netIncomeRatio": 0.2051585855,
    "eps": 2.71,
    "epsdiluted": 2.71,
    "weightedAverageShsOut": 829200000,
    "weightedAverageShsOutDil": 831500000,
    "link": "https://www.sec.gov/Archives/edgar/data/1601712/000160171217000031/0001601712-17-000031-index.htm",
    "finalLink": "https://www.sec.gov/Archives/edgar/data/1601712/000160171217000031/synchrony1231201610k.htm"
  },
  {
    "date": "2015-12-31",
    "symbol": "SYF",
    "reportedCurrency": "USD",
    "cik": "0001601712",
    "fillingDate": "2016-02-25",
    "acceptedDate": "2016-02-25 17:26:46",
    "calendarYear": "2015",
    "period": "FY",
    "revenue": 9747000000,
    "costOfRevenue": 754000000,
    "grossProfit": 8993000000,
    "grossProfitRatio": 0.9226428645,
    "researchAndDevelopmentExpenses": 0,
    "generalAndAdministrativeExpenses": 1042000000,
    "sellingAndMarketingExpenses": 433000000,
    "sellingGeneralAndAdministrativeExpenses": 1475000000,
    "otherExpenses": -2738000000,
    "operatingExpenses": -1263000000,
    "costAndExpenses": -4001000000,
    "interestIncome": 13228000000,
    "interestExpense": 1135000000,
    "depreciationAndAmortization": 174000000,
    "ebitda": 3705000000,
    "ebitdaratio": 0.3801169591,
    "operatingIncome": 4666000000,
    "operatingIncomeRatio": 0.4787113984,
    "totalOtherIncomeExpensesNet": -847000000,
    "incomeBeforeTax": 3531000000,
    "incomeBeforeTaxRatio": 0.3622653124,
    "incomeTaxExpense": 1317000000,
    "netIncome": 2214000000,
    "netIncomeRatio": 0.2271468144,
    "eps": 2.66,
    "epsdiluted": 2.65,
    "weightedAverageShsOut": 833800000,
    "weightedAverageShsOutDil": 835500000,
    "link": "https://www.sec.gov/Archives/edgar/data/1601712/000160171216000069/0001601712-16-000069-index.htm",
    "finalLink": "https://www.sec.gov/Archives/edgar/data/1601712/000160171216000069/synchrony1231201510k.htm"
  },
  {
    "date": "2014-12-31",
    "symbol": "SYF",
    "reportedCurrency": "USD",
    "cik": "0001601712",
    "fillingDate": "2015-02-23",
    "acceptedDate": "2015-02-23 17:02:50",
    "calendarYear": "2014",
    "period": "FY",
    "revenue": 9230000000,
    "costOfRevenue": 0,
    "grossProfit": 9230000000,
    "grossProfitRatio": 1,
    "researchAndDevelopmentExpenses": 0,
    "generalAndAdministrativeExpenses": 866000000,
    "sellingAndMarketingExpenses": 460000000,
    "sellingGeneralAndAdministrativeExpenses": 1326000000,
    "otherExpenses": -2575000000,
    "operatingExpenses": -1249000000,
    "costAndExpenses": -3824000000,
    "interestIncome": 12242000000,
    "interestExpense": 922000000,
    "depreciationAndAmortization": 131000000,
    "ebitda": 4439000000,
    "ebitdaratio": 0.4809317443,
    "operatingIncome": 4308000000,
    "operatingIncomeRatio": 0.4667388949,
    "totalOtherIncomeExpensesNet": -826000000,
    "incomeBeforeTax": 3386000000,
    "incomeBeforeTaxRatio": 0.3668472373,
    "incomeTaxExpense": 1277000000,
    "netIncome": 2109000000,
    "netIncomeRatio": 0.2284940412,
    "eps": 2.78,
    "epsdiluted": 2.78,
    "weightedAverageShsOut": 757400000,
    "weightedAverageShsOutDil": 757600000,
    "link": "https://www.sec.gov/Archives/edgar/data/1601712/000160171215000007/0001601712-15-000007-index.htm",
    "finalLink": "https://www.sec.gov/Archives/edgar/data/1601712/000160171215000007/synchrony1231201410k.htm"
  },
  {
    "date": "2013-12-31",
    "symbol": "SYF",
    "reportedCurrency": "USD",
    "cik": "0001601712",
    "fillingDate": "2013-12-31",
    "acceptedDate": "2013-12-30 19:00:00",
    "calendarYear": "2013",
    "period": "FY",
    "revenue": 11071000000,
    "costOfRevenue": 0,
    "grossProfit": 11071000000,
    "grossProfitRatio": 1,
    "researchAndDevelopmentExpenses": 0,
    "generalAndAdministrativeExpenses": 698000000,
    "sellingAndMarketingExpenses": 269000000,
    "sellingGeneralAndAdministrativeExpenses": 967000000,
    "otherExpenses": -2373000000,
    "operatingExpenses": -1406000000,
    "costAndExpenses": -1406000000,
    "interestIncome": 11313000000,
    "interestExpense": 742000000,
    "depreciationAndAmortization": 104000000,
    "ebitda": 3988000000,
    "ebitdaratio": 0.3602203956,
    "operatingIncome": 3884000000,
    "operatingIncomeRatio": 0.3508264836,
    "totalOtherIncomeExpensesNet": -875000000,
    "incomeBeforeTax": 3142000000,
    "incomeBeforeTaxRatio": 0.2838045344,
    "incomeTaxExpense": 1163000000,
    "netIncome": 1979000000,
    "netIncomeRatio": 0.1787553067,
    "eps": 2.38,
    "epsdiluted": 2.38,
    "weightedAverageShsOut": 830271000,
    "weightedAverageShsOutDil": 831170000,
    "link": "",
    "finalLink": ""
  },
  {
    "date": "2012-12-31",
    "symbol": "SYF",
    "reportedCurrency": "USD",
    "cik": "0001601712",
    "fillingDate": "2012-12-31",
    "acceptedDate": "2012-12-30 19:00:00",
    "calendarYear": "2012",
    "period": "FY",
    "revenue": 10048000000,
    "costOfRevenue": 0,
    "grossProfit": 10048000000,
    "grossProfitRatio": 1,
    "researchAndDevelopmentExpenses": 0,
    "generalAndAdministrativeExpenses": 620000000,
    "sellingAndMarketingExpenses": 208000000,
    "sellingGeneralAndAdministrativeExpenses": 828000000,
    "otherExpenses": -1984000000,
    "operatingExpenses": -1156000000,
    "costAndExpenses": -1156000000,
    "interestIncome": 10309000000,
    "interestExpense": 745000000,
    "depreciationAndAmortization": 83000000,
    "ebitda": 4204000000,
    "ebitdaratio": 0.4183917197,
    "operatingIncome": 4121000000,
    "operatingIncomeRatio": 0.4101313694,
    "totalOtherIncomeExpensesNet": -132000000,
    "incomeBeforeTax": 3376000000,
    "incomeBeforeTaxRatio": 0.3359872611,
    "incomeTaxExpense": 1257000000,
    "netIncome": 2119000000,
    "netIncomeRatio": 0.2108877389,
    "eps": 2.55,
    "epsdiluted": 2.55,
    "weightedAverageShsOut": 830271000,
    "weightedAverageShsOutDil": 831170000,
    "link": "",
    "finalLink": ""
  },
  {
    "date": "2011-12-31",
    "symbol": "SYF",
    "reportedCurrency": "USD",
    "cik": "0001601712",
    "fillingDate": "2011-12-31",
    "acceptedDate": "2011-12-30 19:00:00",
    "calendarYear": "2011",
    "period": "FY",
    "revenue": 8706000000,
    "costOfRevenue": 0,
    "grossProfit": 8706000000,
    "grossProfitRatio": 1,
    "researchAndDevelopmentExpenses": 0,
    "generalAndAdministrativeExpenses": 596000000,
    "sellingAndMarketingExpenses": 221000000,
    "sellingGeneralAndAdministrativeExpenses": 817000000,
    "otherExpenses": -1428000000,
    "operatingExpenses": -611000000,
    "costAndExpenses": -611000000,
    "interestIncome": 9141000000,
    "interestExpense": 932000000,
    "depreciationAndAmortization": 96000000,
    "ebitda": 4038000000,
    "ebitdaratio": 0.4638180565,
    "operatingIncome": 3942000000,
    "operatingIncomeRatio": 0.4527911785,
    "totalOtherIncomeExpensesNet": -1028000000,
    "incomeBeforeTax": 3010000000,
    "incomeBeforeTaxRatio": 0.3457385711,
    "incomeTaxExpense": 1120000000,
    "netIncome": 1890000000,
    "netIncomeRatio": 0.2170916609,
    "eps": 2.28,
    "epsdiluted": 2.28,
    "weightedAverageShsOut": 830271000,
    "weightedAverageShsOutDil": 830670000,
    "link": "",
    "finalLink": ""
  }
]