[
  {
    "date": "2025-06-30",
    "symbol": "SYK",
    "reportedCurrency": "USD",
    "cik": "0000310764",
    "fillingDate": "2025-08-01",
    "acceptedDate": "2025-08-01 12:09:39",
    "calendarYear": "2025",
    "period": "Q2",
    "revenue": 6022000000,
    "costOfRevenue": 2272000000,
    "grossProfit": 3750000000,
    "grossProfitRatio": 0.6227167054,
    "researchAndDevelopmentExpenses": 396000000,
    "generalAndAdministrativeExpenses": 0,
    "sellingAndMarketingExpenses": 0,
    "sellingGeneralAndAdministrativeExpenses": 1993000000,
    "otherExpenses": 0,
    "operatingExpenses": 2389000000,
    "costAndExpenses": 4661000000,
    "interestIncome": 24000000,
    "interestExpense": 159000000,
    "depreciationAndAmortization": 296000000,
    "ebitda": 1471000000,
    "ebitdaratio": 0.2442710063,
    "operatingIncome": 1361000000,
    "operatingIncomeRatio": 0.2260046496,
    "totalOtherIncomeExpensesNet": -345000000,
    "incomeBeforeTax": 1016000000,
    "incomeBeforeTaxRatio": 0.1687147127,
    "incomeTaxExpense": 132000000,
    "netIncome": 884000000,
    "netIncomeRatio": 0.1467950847,
    "eps": 2.32,
    "epsdiluted": 2.29,
    "weightedAverageShsOut": 382200000,
    "weightedAverageShsOutDil": 386400000,
    "link": "https://www.sec.gov/Archives/edgar/data/310764/000031076425000107/0000310764-25-000107-index.htm",
    "finalLink": "https://www.sec.gov/Archives/edgar/data/310764/000031076425000107/syk-20250630.htm"
  },
  {
    "date": "2025-03-31",
    "symbol": "SYK",
    "reportedCurrency": "USD",
    "cik": "0000310764",
    "fillingDate": "2025-05-02",
    "acceptedDate": "2025-05-02 11:35:10",
    "calendarYear": "2025",
    "period": "Q1",
    "revenue": 5866000000,
    "costOfRevenue": 2186000000,
    "grossProfit": 3680000000,
    "grossProfitRatio": 0.6273440164,
    "researchAndDevelopmentExpenses": 393000000,
    "generalAndAdministrativeExpenses": 0,
    "sellingAndMarketingExpenses": 0,
    "sellingGeneralAndAdministrativeExpenses": 2108000000,
    "otherExpenses": 0,
    "operatingExpenses": 2501000000,
    "costAndExpenses": 4687000000,
    "interestIncome": 38000000,
    "interestExpense": 0,
    "depreciationAndAmortization": 272000000,
    "ebitda": 1036000000,
    "ebitdaratio": 0.1766109785,
    "operatingIncome": 1179000000,
    "operatingIncomeRatio": 0.2009887487,
    "totalOtherIncomeExpensesNet": -415000000,
    "incomeBeforeTax": 764000000,
    "incomeBeforeTaxRatio": 0.130242073,
    "incomeTaxExpense": 110000000,
    "netIncome": 654000000,
    "netIncomeRatio": 0.111489942,
    "eps": 1.71,
    "epsdiluted": 1.69,
    "weightedAverageShsOut": 381700000,
    "weightedAverageShsOutDil": 386400000,
    "link": "https://www.sec.gov/Archives/edgar/data/310764/000031076425000075/0000310764-25-000075-index.htm",
    "finalLink": "https://www.sec.gov/Archives/edgar/data/310764/000031076425000075/syk-20250331.htm"
  },
  {
    "date": "2024-12-31",
    "symbol": "SYK",
    "reportedCurrency": "USD",
    "cik": "0000310764",
    "fillingDate": "2025-02-12",
    "acceptedDate": "2025-02-12 11:47:17",
    "calendarYear": "2024",
    "period": "Q4",
    "revenue": 6436000000,
    "costOfRevenue": 2447000000,
    "grossProfit": 3989000000,
    "grossProfitRatio": 0.6197949037,
    "researchAndDevelopmentExpenses": 342000000,
    "generalAndAdministrativeExpenses": 0,
    "sellingAndMarketingExpenses": 0,
    "sellingGeneralAndAdministrativeExpenses": 1984000000,
    "otherExpenses": 0,
    "operatingExpenses": 2326000000,
    "costAndExpenses": 4773000000,
    "interestIncome": 47000000,
    "interestExpense": 0,
    "depreciationAndAmortization": 264000000,
    "ebitda": 792000000,
    "ebitdaratio": 0.1230577999,
    "operatingIncome": 1663000000,
    "operatingIncomeRatio": 0.2583903045,
    "totalOtherIncomeExpensesNet": -1135000000,
    "incomeBeforeTax": 528000000,
    "incomeBeforeTaxRatio": 0.0820385333,
    "incomeTaxExpense": -18000000,
    "netIncome": 546000000,
    "netIncomeRatio": 0.0848353014,
    "eps": 1.43,
    "epsdiluted": 1.42,
    "weightedAverageShsOut": 381000000,
    "weightedAverageShsOutDil": 386100000,
    "link": "https://www.sec.gov/Archives/edgar/data/310764/000031076425000023/0000310764-25-000023-index.htm",
    "finalLink": "https://www.sec.gov/Archives/edgar/data/310764/000031076425000023/syk-20241231.htm"
  },
  {
    "date": "2024-09-30",
    "symbol": "SYK",
    "reportedCurrency": "USD",
    "cik": "0000310764",
    "fillingDate": "2024-10-30",
    "acceptedDate": "2024-10-30 12:35:26",
    "calendarYear": "2024",
    "period": "Q3",
    "revenue": 5494000000,
    "costOfRevenue": 2101000000,
    "grossProfit": 3393000000,
    "grossProfitRatio": 0.6175828176,
    "researchAndDevelopmentExpenses": 364000000,
    "generalAndAdministrativeExpenses": 0,
    "sellingAndMarketingExpenses": 0,
    "sellingGeneralAndAdministrativeExpenses": 1821000000,
    "otherExpenses": 0,
    "operatingExpenses": 2185000000,
    "costAndExpenses": 4286000000,
    "interestIncome": 30000000,
    "interestExpense": 0,
    "depreciationAndAmortization": 268000000,
    "ebitda": 1311000000,
    "ebitdaratio": 0.2386239534,
    "operatingIncome": 1208000000,
    "operatingIncomeRatio": 0.2198762286,
    "totalOtherIncomeExpensesNet": -165000000,
    "incomeBeforeTax": 1043000000,
    "incomeBeforeTaxRatio": 0.1898434656,
    "incomeTaxExpense": 209000000,
    "netIncome": 834000000,
    "netIncomeRatio": 0.1518019658,
    "eps": 2.19,
    "epsdiluted": 2.16,
    "weightedAverageShsOut": 381100000,
    "weightedAverageShsOutDil": 385600000,
    "link": "https://www.sec.gov/Archives/edgar/data/310764/000031076424000115/0000310764-24-000115-index.htm",
    "finalLink": "https://www.sec.gov/Archives/edgar/data/310764/000031076424000115/syk-20240930.htm"
  },
  {
    "date": "2024-06-30",
    "symbol": "SYK",
    "reportedCurrency": "USD",
    "cik": "0000310764",
    "fillingDate": "2024-07-31",
    "acceptedDate": "2024-07-31 10:51:11",
    "calendarYear": "2024",
    "period": "Q2",
    "revenue": 5422000000,
    "costOfRevenue": 2098000000,
    "grossProfit": 3324000000,
    "grossProfitRatio": 0.6130579122,
    "researchAndDevelopmentExpenses": 352000000,
    "generalAndAdministrativeExpenses": 0,
    "sellingAndMarketingExpenses": 0,
    "sellingGeneralAndAdministrativeExpenses": 1814000000,
    "otherExpenses": 0,
    "operatingExpenses": 2166000000,
    "costAndExpenses": 4264000000,
    "interestIncome": 26000000,
    "interestExpense": 0,
    "depreciationAndAmortization": 258000000,
    "ebitda": 1256000000,
    "ebitdaratio": 0.2316488381,
    "operatingIncome": 1158000000,
    "operatingIncomeRatio": 0.2135743268,
    "totalOtherIncomeExpensesNet": -160000000,
    "incomeBeforeTax": 998000000,
    "incomeBeforeTaxRatio": 0.1840649207,
    "incomeTaxExpense": 173000000,
    "netIncome": 825000000,
    "netIncomeRatio": 0.1521578753,
    "eps": 2.17,
    "epsdiluted": 2.14,
    "weightedAverageShsOut": 381000000,
    "weightedAverageShsOutDil": 385400000,
    "link": "https://www.sec.gov/Archives/edgar/data/310764/000031076424000098/0000310764-24-000098-index.htm",
    "finalLink": "https://www.sec.gov/Archives/edgar/data/310764/000031076424000098/syk-20240630.htm"
  },
  {
    "date": "2024-03-31",
    "symbol": "SYK",
    "reportedCurrency": "USD",
    "cik": "0000310764",
    "fillingDate": "2024-05-01",
    "acceptedDate": "2024-05-01 11:52:37",
    "calendarYear": "2024",
    "period": "Q1",
    "revenue": 5243000000,
    "costOfRevenue": 2049000000,
    "grossProfit": 3194000000,
    "grossProfitRatio": 0.60919321,
    "researchAndDevelopmentExpenses": 356000000,
    "generalAndAdministrativeExpenses": 0,
    "sellingAndMarketingExpenses": 0,
    "sellingGeneralAndAdministrativeExpenses": 1835000000,
    "otherExpenses": 0,
    "operatingExpenses": 2191000000,
    "costAndExpenses": 4240000000,
    "interestIncome": 36000000,
    "interestExpense": 0,
    "depreciationAndAmortization": 260000000,
    "ebitda": 1183000000,
    "ebitdaratio": 0.2256341789,
    "operatingIncome": 1003000000,
    "operatingIncomeRatio": 0.1913026893,
    "totalOtherIncomeExpensesNet": -80000000,
    "incomeBeforeTax": 923000000,
    "incomeBeforeTaxRatio": 0.1760442495,
    "incomeTaxExpense": 135000000,
    "netIncome": 788000000,
    "netIncomeRatio": 0.1502956323,
    "eps": 2.07,
    "epsdiluted": 2.05,
    "weightedAverageShsOut": 380400000,
    "weightedAverageShsOutDil": 385100000,
    "link": "https://www.sec.gov/Archives/edgar/data/310764/000031076424000064/0000310764-24-000064-index.htm",
    "finalLink": "https://www.sec.gov/Archives/edgar/data/310764/000031076424000064/syk-20240331.htm"
  },
  {
    "date": "2023-12-31",
    "symbol": "SYK",
    "reportedCurrency": "USD",
    "cik": "0000310764",
    "fillingDate": "2024-02-14",
    "acceptedDate": "2024-02-14 10:55:50",
    "calendarYear": "2023",
    "period": "Q4",
    "revenue": 5815000000,
    "costOfRevenue": 2261000000,
    "grossProfit": 3554000000,
    "grossProfitRatio": 0.611177988,
    "researchAndDevelopmentExpenses": 328000000,
    "generalAndAdministrativeExpenses": 0,
    "sellingAndMarketingExpenses": 0,
    "sellingGeneralAndAdministrativeExpenses": 1801000000,
    "otherExpenses": 0,
    "operatingExpenses": 2129000000,
    "costAndExpenses": 4390000000,
    "interestIncome": 35000000,
    "interestExpense": 0,
    "depreciationAndAmortization": 250000000,
    "ebitda": 1476000000,
    "ebitdaratio": 0.2538263113,
    "operatingIncome": 1425000000,
    "operatingIncomeRatio": 0.2450558899,
    "totalOtherIncomeExpensesNet": -199000000,
    "incomeBeforeTax": 1226000000,
    "incomeBeforeTaxRatio": 0.2108340499,
    "incomeTaxExpense": 83000000,
    "netIncome": 1143000000,
    "netIncomeRatio": 0.1965606191,
    "eps": 3.01,
    "epsdiluted": 2.98,
    "weightedAverageShsOut": 380000000,
    "weightedAverageShsOutDil": 383900000,
    "link": "https://www.sec.gov/Archives/edgar/data/310764/000031076424000024/0000310764-24-000024-index.htm",
    "finalLink": "https://www.sec.gov/Archives/edgar/data/310764/000031076424000024/syk-20231231.htm"
  },
  {
    "date": "2023-09-30",
    "symbol": "SYK",
    "reportedCurrency": "USD",
    "cik": "0000310764",
    "fillingDate": "2023-11-03",
    "acceptedDate": "2023-11-03 11:23:21",
    "calendarYear": "2023",
    "period": "Q3",
    "revenue": 4909000000,
    "costOfRevenue": 1889000000,
    "grossProfit": 3020000000,
    "grossProfitRatio": 0.6151965777,
    "researchAndDevelopmentExpenses": 335000000,
    "generalAndAdministrativeExpenses": 0,
    "sellingAndMarketingExpenses": 0,
    "sellingGeneralAndAdministrativeExpenses": 1694000000,
    "otherExpenses": 0,
    "operatingExpenses": 2029000000,
    "costAndExpenses": 3918000000,
    "interestIncome": 15000000,
    "interestExpense": 0,
    "depreciationAndAmortization": 262000000,
    "ebitda": 1131000000,
    "ebitdaratio": 0.2303931554,
    "operatingIncome": 991000000,
    "operatingIncomeRatio": 0.2018741088,
    "totalOtherIncomeExpensesNet": -122000000,
    "incomeBeforeTax": 869000000,
    "incomeBeforeTaxRatio": 0.1770217967,
    "incomeTaxExpense": 177000000,
    "netIncome": 692000000,
    "netIncomeRatio": 0.1409655734,
    "eps": 1.82,
    "epsdiluted": 1.8,
    "weightedAverageShsOut": 379800000,
    "weightedAverageShsOutDil": 384000000,
    "link": "https://www.sec.gov/Archives/edgar/data/310764/000031076423000116/0000310764-23-000116-index.htm",
    "finalLink": "https://www.sec.gov/Archives/edgar/data/310764/000031076423000116/syk-20230930.htm"
  },
  {
    "date": "2023-06-30",
    "symbol": "SYK",
    "reportedCurrency": "USD",
    "cik": "0000310764",
    "fillingDate": "2023-08-04",
    "acceptedDate": "2023-08-04 11:16:14",
    "calendarYear": "2023",
    "period": "Q2",
    "revenue": 4996000000,
    "costOfRevenue": 1958000000,
    "grossProfit": 3038000000,
    "grossProfitRatio": 0.6080864692,
    "researchAndDevelopmentExpenses": 319000000,
    "generalAndAdministrativeExpenses": 0,
    "sellingAndMarketingExpenses": 0,
    "sellingGeneralAndAdministrativeExpenses": 1655000000,
    "otherExpenses": 0,
    "operatingExpenses": 1974000000,
    "costAndExpenses": 3932000000,
    "interestIncome": 11000000,
    "interestExpense": 0,
    "depreciationAndAmortization": 259000000,
    "ebitda": 1158000000,
    "ebitdaratio": 0.2317854283,
    "operatingIncome": 1064000000,
    "operatingIncomeRatio": 0.2129703763,
    "totalOtherIncomeExpensesNet": -165000000,
    "incomeBeforeTax": 899000000,
    "incomeBeforeTaxRatio": 0.1799439552,
    "incomeTaxExpense": 161000000,
    "netIncome": 738000000,
    "netIncomeRatio": 0.1477181745,
    "eps": 1.94,
    "epsdiluted": 1.92,
    "weightedAverageShsOut": 379700000,
    "weightedAverageShsOutDil": 383900000,
    "link": "https://www.sec.gov/Archives/edgar/data/310764/000031076423000106/0000310764-23-000106-index.htm",
    "finalLink": "https://www.sec.gov/Archives/edgar/data/310764/000031076423000106/syk-20230630.htm"
  },
  {
    "date": "2023-03-31",
    "symbol": "SYK",
    "reportedCurrency": "USD",
    "cik": "0000310764",
    "fillingDate": "2023-05-02",
    "acceptedDate": "2023-05-02 14:07:18",
    "calendarYear": "2023",
    "period": "Q1",
    "revenue": 4778000000,
    "costOfRevenue": 1908000000,
    "grossProfit": 2870000000,
    "grossProfitRatio": 0.6006697363,
    "researchAndDevelopmentExpenses": 311000000,
    "generalAndAdministrativeExpenses": 0,
    "sellingAndMarketingExpenses": 0,
    "sellingGeneralAndAdministrativeExpenses": 1701000000,
    "otherExpenses": 0,
    "operatingExpenses": 2012000000,
    "costAndExpenses": 3920000000,
    "interestIncome": 14000000,
    "interestExpense": 0,
    "depreciationAndAmortization": 257000000,
    "ebitda": 936000000,
    "ebitdaratio": 0.1958978652,
    "operatingIncome": 858000000,
    "operatingIncomeRatio": 0.1795730431,
    "totalOtherIncomeExpensesNet": -179000000,
    "incomeBeforeTax": 679000000,
    "incomeBeforeTaxRatio": 0.1421096693,
    "incomeTaxExpense": 87000000,
    "netIncome": 592000000,
    "netIncomeRatio": 0.1239012139,
    "eps": 1.56,
    "epsdiluted": 1.54,
    "weightedAverageShsOut": 379000000,
    "weightedAverageShsOutDil": 383200000,
    "link": "https://www.sec.gov/Archives/edgar/data/310764/000031076423000067/0000310764-23-000067-index.htm",
    "finalLink": "https://www.sec.gov/Archives/edgar/data/310764/000031076423000067/syk-20230331.htm"
  },
  {
    "date": "2022-12-31",
    "symbol": "SYK",
    "reportedCurrency": "USD",
    "cik": "0000310764",
    "fillingDate": "2023-02-10",
    "acceptedDate": "2023-02-10 16:18:01",
    "calendarYear": "2022",
    "period": "Q4",
    "revenue": 5202000000,
    "costOfRevenue": 2130000000,
    "grossProfit": 3072000000,
    "grossProfitRatio": 0.5905420992,
    "researchAndDevelopmentExpenses": 284000000,
    "generalAndAdministrativeExpenses": 0,
    "sellingAndMarketingExpenses": 0,
    "sellingGeneralAndAdministrativeExpenses": 1593000000,
    "otherExpenses": 0,
    "operatingExpenses": 1877000000,
    "costAndExpenses": 4007000000,
    "interestIncome": 33000000,
    "interestExpense": 0,
    "depreciationAndAmortization": 253000000,
    "ebitda": 1014000000,
    "ebitdaratio": 0.1949250288,
    "operatingIncome": 1195000000,
    "operatingIncomeRatio": 0.2297193387,
    "totalOtherIncomeExpensesNet": -434000000,
    "incomeBeforeTax": 761000000,
    "incomeBeforeTaxRatio": 0.1462898885,
    "incomeTaxExpense": 198000000,
    "netIncome": 563000000,
    "netIncomeRatio": 0.1082276048,
    "eps": 1.49,
    "epsdiluted": 1.47,
    "weightedAverageShsOut": 378500000,
    "weightedAverageShsOutDil": 382300000,
    "link": "https://www.sec.gov/Archives/edgar/data/310764/000031076423000017/0000310764-23-000017-index.htm",
    "finalLink": "https://www.sec.gov/Archives/edgar/data/310764/000031076423000017/syk-20221231.htm"
  },
  {
    "date": "2022-09-30",
    "symbol": "SYK",
    "reportedCurrency": "USD",
    "cik": "0000310764",
    "fillingDate": "2022-11-01",
    "acceptedDate": "2022-11-01 14:28:18",
    "calendarYear": "2022",
    "period": "Q3",
    "revenue": 4479000000,
    "costOfRevenue": 1829000000,
    "grossProfit": 2650000000,
    "grossProfitRatio": 0.5916499219,
    "researchAndDevelopmentExpenses": 317000000,
    "generalAndAdministrativeExpenses": 0,
    "sellingAndMarketingExpenses": 0,
    "sellingGeneralAndAdministrativeExpenses": 1484000000,
    "otherExpenses": 0,
    "operatingExpenses": 1801000000,
    "costAndExpenses": 3630000000,
    "interestIncome": 26000000,
    "interestExpense": 0,
    "depreciationAndAmortization": 250000000,
    "ebitda": 1066000000,
    "ebitdaratio": 0.2379995535,
    "operatingIncome": 849000000,
    "operatingIncomeRatio": 0.1895512391,
    "totalOtherIncomeExpensesNet": -33000000,
    "incomeBeforeTax": 816000000,
    "incomeBeforeTaxRatio": 0.1821835231,
    "incomeTaxExpense": 0,
    "netIncome": 816000000,
    "netIncomeRatio": 0.1821835231,
    "eps": 2.16,
    "epsdiluted": 2.14,
    "weightedAverageShsOut": 378400000,
    "weightedAverageShsOutDil": 381800000,
    "link": "https://www.sec.gov/Archives/edgar/data/310764/000031076422000105/0000310764-22-000105-index.htm",
    "finalLink": "https://www.sec.gov/Archives/edgar/data/310764/000031076422000105/syk-20220930.htm"
  },
  {
    "date": "2022-06-30",
    "symbol": "SYK",
    "reportedCurrency": "USD",
    "cik": "0000310764",
    "fillingDate": "2022-07-27",
    "acceptedDate": "2022-07-27 13:17:34",
    "calendarYear": "2022",
    "period": "Q2",
    "revenue": 4493000000,
    "costOfRevenue": 1807000000,
    "grossProfit": 2686000000,
    "grossProfitRatio": 0.5978188293,
    "researchAndDevelopmentExpenses": 323000000,
    "generalAndAdministrativeExpenses": 0,
    "sellingAndMarketingExpenses": 0,
    "sellingGeneralAndAdministrativeExpenses": 1457000000,
    "otherExpenses": 0,
    "operatingExpenses": 1780000000,
    "costAndExpenses": 3587000000,
    "interestIncome": 20000000,
    "interestExpense": 0,
    "depreciationAndAmortization": 253000000,
    "ebitda": 973000000,
    "ebitdaratio": 0.2165590919,
    "operatingIncome": 906000000,
    "operatingIncomeRatio": 0.2016470065,
    "totalOtherIncomeExpensesNet": -186000000,
    "incomeBeforeTax": 720000000,
    "incomeBeforeTaxRatio": 0.1602492767,
    "incomeTaxExpense": 64000000,
    "netIncome": 656000000,
    "netIncomeRatio": 0.1460048965,
    "eps": 1.73,
    "epsdiluted": 1.72,
    "weightedAverageShsOut": 378300000,
    "weightedAverageShsOutDil": 382200000,
    "link": "https://www.sec.gov/Archives/edgar/data/310764/000031076422000092/0000310764-22-000092-index.htm",
    "finalLink": "https://www.sec.gov/Archives/edgar/data/310764/000031076422000092/syk-20220630.htm"
  },
  {
    "date": "2022-03-31",
    "symbol": "SYK",
    "reportedCurrency": "USD",
    "cik": "0000310764",
    "fillingDate": "2022-04-29",
    "acceptedDate": "2022-04-29 10:48:04",
    "calendarYear": "2022",
    "period": "Q1",
    "revenue": 4275000000,
    "costOfRevenue": 1684000000,
    "grossProfit": 2591000000,
    "grossProfitRatio": 0.6060818713,
    "researchAndDevelopmentExpenses": 306000000,
    "generalAndAdministrativeExpenses": 0,
    "sellingAndMarketingExpenses": 0,
    "sellingGeneralAndAdministrativeExpenses": 1501000000,
    "otherExpenses": 0,
    "operatingExpenses": 1807000000,
    "costAndExpenses": 3491000000,
    "interestIncome": 15000000,
    "interestExpense": 0,
    "depreciationAndAmortization": 242000000,
    "ebitda": 628000000,
    "ebitdaratio": 0.1469005848,
    "operatingIncome": 784000000,
    "operatingIncomeRatio": 0.1833918129,
    "totalOtherIncomeExpensesNet": -398000000,
    "incomeBeforeTax": 386000000,
    "incomeBeforeTaxRatio": 0.0902923977,
    "incomeTaxExpense": 63000000,
    "netIncome": 323000000,
    "netIncomeRatio": 0.0755555556,
    "eps": 0.86,
    "epsdiluted": 0.84,
    "weightedAverageShsOut": 377700000,
    "weightedAverageShsOutDil": 382700000,
    "link": "https://www.sec.gov/Archives/edgar/data/310764/000031076422000062/0000310764-22-000062-index.htm",
    "finalLink": "https://www.sec.gov/Archives/edgar/data/310764/000031076422000062/syk-20220331.htm"
  },
  {
    "date": "2021-12-31",
    "symbol": "SYK",
    "reportedCurrency": "USD",
    "cik": "0000310764",
    "fillingDate": "2022-02-11",
    "acceptedDate": "2022-02-11 13:02:17",
    "calendarYear": "2021",
    "period": "Q4",
    "revenue": 4701000000,
    "costOfRevenue": 1773000000,
    "grossProfit": 2928000000,
    "grossProfitRatio": 0.6228462029,
    "researchAndDevelopmentExpenses": 331000000,
    "generalAndAdministrativeExpenses": 0,
    "sellingAndMarketingExpenses": 0,
    "sellingGeneralAndAdministrativeExpenses": 1507000000,
    "otherExpenses": 0,
    "operatingExpenses": 1838000000,
    "costAndExpenses": 3611000000,
    "interestIncome": 18000000,
    "interestExpense": 0,
    "depreciationAndAmortization": 238000000,
    "ebitda": 1329000000,
    "ebitdaratio": 0.2827058073,
    "operatingIncome": 1090000000,
    "operatingIncomeRatio": 0.2318655605,
    "totalOtherIncomeExpensesNet": -333000000,
    "incomeBeforeTax": 757000000,
    "incomeBeforeTaxRatio": 0.1610295682,
    "incomeTaxExpense": 95000000,
    "netIncome": 662000000,
    "netIncomeRatio": 0.1408211019,
    "eps": 1.75,
    "epsdiluted": 1.73,
    "weightedAverageShsOut": 377300000,
    "weightedAverageShsOutDil": 382700000,
    "link": "https://www.sec.gov/Archives/edgar/data/310764/000031076422000028/0000310764-22-000028-index.htm",
    "finalLink": "https://www.sec.gov/Archives/edgar/data/310764/000031076422000028/syk-20211231.htm"
  },
  {
    "date": "2021-09-30",
    "symbol": "SYK",
    "reportedCurrency": "USD",
    "cik": "0000310764",
    "fillingDate": "2021-10-29",
    "acceptedDate": "2021-10-29 10:58:06",
    "calendarYear": "2021",
    "period": "Q3",
    "revenue": 4160000000,
    "costOfRevenue": 1539000000,
    "grossProfit": 2621000000,
    "grossProfitRatio": 0.6300480769,
    "researchAndDevelopmentExpenses": 306000000,
    "generalAndAdministrativeExpenses": 0,
    "sellingAndMarketingExpenses": 0,
    "sellingGeneralAndAdministrativeExpenses": 1419000000,
    "otherExpenses": 0,
    "operatingExpenses": 1725000000,
    "costAndExpenses": 3264000000,
    "interestIncome": 15000000,
    "interestExpense": 0,
    "depreciationAndAmortization": 235000000,
    "ebitda": 730000000,
    "ebitdaratio": 0.1754807692,
    "operatingIncome": 896000000,
    "operatingIncomeRatio": 0.2153846154,
    "totalOtherIncomeExpensesNet": -401000000,
    "incomeBeforeTax": 495000000,
    "incomeBeforeTaxRatio": 0.1189903846,
    "incomeTaxExpense": 57000000,
    "netIncome": 438000000,
    "netIncomeRatio": 0.1052884615,
    "eps": 1.17,
    "epsdiluted": 1.14,
    "weightedAverageShsOut": 377100000,
    "weightedAverageShsOutDil": 382700000,
    "link": "https://www.sec.gov/Archives/edgar/data/310764/000031076421000146/0000310764-21-000146-index.htm",
    "finalLink": "https://www.sec.gov/Archives/edgar/data/310764/000031076421000146/syk-20210930.htm"
  },
  {
    "date": "2021-06-30",
    "symbol": "SYK",
    "reportedCurrency": "USD",
    "cik": "0000310764",
    "fillingDate": "2021-07-28",
    "acceptedDate": "2021-07-28 14:16:09",
    "calendarYear": "2021",
    "period": "Q2",
    "revenue": 4294000000,
    "costOfRevenue": 1611000000,
    "grossProfit": 2683000000,
    "grossProfitRatio": 0.6248253377,
    "researchAndDevelopmentExpenses": 310000000,
    "generalAndAdministrativeExpenses": 0,
    "sellingAndMarketingExpenses": 0,
    "sellingGeneralAndAdministrativeExpenses": 1436000000,
    "otherExpenses": 0,
    "operatingExpenses": 1746000000,
    "costAndExpenses": 3357000000,
    "interestIncome": 18000000,
    "interestExpense": 0,
    "depreciationAndAmortization": 241000000,
    "ebitda": 903000000,
    "ebitdaratio": 0.2102934327,
    "operatingIncome": 937000000,
    "operatingIncomeRatio": 0.2182114578,
    "totalOtherIncomeExpensesNet": -275000000,
    "incomeBeforeTax": 662000000,
    "incomeBeforeTaxRatio": 0.1541686074,
    "incomeTaxExpense": 70000000,
    "netIncome": 592000000,
    "netIncomeRatio": 0.1378667909,
    "eps": 1.57,
    "epsdiluted": 1.55,
    "weightedAverageShsOut": 376900000,
    "weightedAverageShsOutDil": 382300000,
    "link": "https://www.sec.gov/Archives/edgar/data/310764/000031076421000111/0000310764-21-000111-index.htm",
    "finalLink": "https://www.sec.gov/Archives/edgar/data/310764/000031076421000111/syk-20210630.htm"
  },
  {
    "date": "2021-03-31",
    "symbol": "SYK",
    "reportedCurrency": "USD",
    "cik": "0000310764",
    "fillingDate": "2021-04-28",
    "acceptedDate": "2021-04-28 12:42:05",
    "calendarYear": "2021",
    "period": "Q1",
    "revenue": 3953000000,
    "costOfRevenue": 1547000000,
    "grossProfit": 2406000000,
    "grossProfitRatio": 0.608651657,
    "researchAndDevelopmentExpenses": 288000000,
    "generalAndAdministrativeExpenses": 0,
    "sellingAndMarketingExpenses": 0,
    "sellingGeneralAndAdministrativeExpenses": 1390000000,
    "otherExpenses": 0,
    "operatingExpenses": 1678000000,
    "costAndExpenses": 3225000000,
    "interestIncome": 17000000,
    "interestExpense": 0,
    "depreciationAndAmortization": 276000000,
    "ebitda": 643000000,
    "ebitdaratio": 0.1626612699,
    "operatingIncome": 728000000,
    "operatingIncomeRatio": 0.1841639261,
    "totalOtherIncomeExpensesNet": -361000000,
    "incomeBeforeTax": 367000000,
    "incomeBeforeTaxRatio": 0.0928408803,
    "incomeTaxExpense": 65000000,
    "netIncome": 302000000,
    "netIncomeRatio": 0.0763976727,
    "eps": 0.8,
    "epsdiluted": 0.79,
    "weightedAverageShsOut": 376300000,
    "weightedAverageShsOutDil": 381700000,
    "link": "https://www.sec.gov/Archives/edgar/data/310764/000031076421000065/0000310764-21-000065-index.htm",
    "finalLink": "https://www.sec.gov/Archives/edgar/data/310764/000031076421000065/syk-20210331.htm"
  },
  {
    "date": "2020-12-31",
    "symbol": "SYK",
    "reportedCurrency": "USD",
    "cik": "0000310764",
    "fillingDate": "2021-02-11",
    "acceptedDate": "2021-02-11 11:17:32",
    "calendarYear": "2020",
    "period": "Q4",
    "revenue": 4262000000,
    "costOfRevenue": 1618000000,
    "grossProfit": 2644000000,
    "grossProfitRatio": 0.6203660253,
    "researchAndDevelopmentExpenses": 255000000,
    "generalAndAdministrativeExpenses": 0,
    "sellingAndMarketingExpenses": 0,
    "sellingGeneralAndAdministrativeExpenses": 1293000000,
    "otherExpenses": 0,
    "operatingExpenses": 1548000000,
    "costAndExpenses": 3166000000,
    "interestIncome": 18000000,
    "interestExpense": 0,
    "depreciationAndAmortization": 223000000,
    "ebitda": 894000000,
    "ebitdaratio": 0.2097606757,
    "operatingIncome": 1096000000,
    "operatingIncomeRatio": 0.2571562647,
    "totalOtherIncomeExpensesNet": -425000000,
    "incomeBeforeTax": 671000000,
    "incomeBeforeTaxRatio": 0.1574378226,
    "incomeTaxExpense": 103000000,
    "netIncome": 568000000,
    "netIncomeRatio": 0.1332707649,
    "eps": 1.51,
    "epsdiluted": 1.49,
    "weightedAverageShsOut": 375900000,
    "weightedAverageShsOutDil": 381300000,
    "link": "https://www.sec.gov/Archives/edgar/data/310764/000031076421000027/0000310764-21-000027-index.htm",
    "finalLink": "https://www.sec.gov/Archives/edgar/data/310764/000031076421000027/syk-20201231.htm"
  },
  {
    "date": "2020-09-30",
    "symbol": "SYK",
    "reportedCurrency": "USD",
    "cik": "0000310764",
    "fillingDate": "2020-10-30",
    "acceptedDate": "2020-10-30 12:48:45",
    "calendarYear": "2020",
    "period": "Q3",
    "revenue": 3737000000,
    "costOfRevenue": 1390000000,
    "grossProfit": 2347000000,
    "grossProfitRatio": 0.6280438855,
    "researchAndDevelopmentExpenses": 242000000,
    "generalAndAdministrativeExpenses": 0,
    "sellingAndMarketingExpenses": 0,
    "sellingGeneralAndAdministrativeExpenses": 1186000000,
    "otherExpenses": 0,
    "operatingExpenses": 1428000000,
    "costAndExpenses": 2818000000,
    "interestIncome": 19000000,
    "interestExpense": 0,
    "depreciationAndAmortization": 198000000,
    "ebitda": 978000000,
    "ebitdaratio": 0.2617072518,
    "operatingIncome": 919000000,
    "operatingIncomeRatio": 0.2459191865,
    "totalOtherIncomeExpensesNet": -139000000,
    "incomeBeforeTax": 780000000,
    "incomeBeforeTaxRatio": 0.2087235751,
    "incomeTaxExpense": 159000000,
    "netIncome": 621000000,
    "netIncomeRatio": 0.1661760771,
    "eps": 1.66,
    "epsdiluted": 1.63,
    "weightedAverageShsOut": 375700000,
    "weightedAverageShsOutDil": 380200000,
    "link": "https://www.sec.gov/Archives/edgar/data/310764/000031076420000150/0000310764-20-000150-index.htm",
    "finalLink": "https://www.sec.gov/Archives/edgar/data/310764/000031076420000150/syk-20200930.htm"
  },
  {
    "date": "2020-06-30",
    "symbol": "SYK",
    "reportedCurrency": "USD",
    "cik": "0000310764",
    "fillingDate": "2020-07-31",
    "acceptedDate": "2020-07-31 12:55:46",
    "calendarYear": "2020",
    "period": "Q2",
    "revenue": 2764000000,
    "costOfRevenue": 1326000000,
    "grossProfit": 1438000000,
    "grossProfitRatio": 0.520260492,
    "researchAndDevelopmentExpenses": 233000000,
    "generalAndAdministrativeExpenses": 0,
    "sellingAndMarketingExpenses": 0,
    "sellingGeneralAndAdministrativeExpenses": 997000000,
    "otherExpenses": 0,
    "operatingExpenses": 1230000000,
    "costAndExpenses": 2556000000,
    "interestIncome": 25000000,
    "interestExpense": 0,
    "depreciationAndAmortization": 193000000,
    "ebitda": 106000000,
    "ebitdaratio": 0.0383502171,
    "operatingIncome": 208000000,
    "operatingIncomeRatio": 0.0752532562,
    "totalOtherIncomeExpensesNet": -295000000,
    "incomeBeforeTax": -87000000,
    "incomeBeforeTaxRatio": -0.0314761216,
    "incomeTaxExpense": -4000000,
    "netIncome": -83000000,
    "netIncomeRatio": -0.0300289436,
    "eps": -0.22,
    "epsdiluted": -0.22,
    "weightedAverageShsOut": 375500000,
    "weightedAverageShsOutDil": 375500000,
    "link": "https://www.sec.gov/Archives/edgar/data/310764/000031076420000125/0000310764-20-000125-index.htm",
    "finalLink": "https://www.sec.gov/Archives/edgar/data/310764/000031076420000125/syk10q6302020.htm"
  },
  {
    "date": "2020-03-31",
    "symbol": "SYK",
    "reportedCurrency": "USD",
    "cik": "0000310764",
    "fillingDate": "2020-05-01",
    "acceptedDate": "2020-05-01 16:49:10",
    "calendarYear": "2020",
    "period": "Q1",
    "revenue": 3588000000,
    "costOfRevenue": 1375000000,
    "grossProfit": 2213000000,
    "grossProfitRatio": 0.6167781494,
    "researchAndDevelopmentExpenses": 254000000,
    "generalAndAdministrativeExpenses": 0,
    "sellingAndMarketingExpenses": 0,
    "sellingGeneralAndAdministrativeExpenses": 1245000000,
    "otherExpenses": 0,
    "operatingExpenses": 1499000000,
    "costAndExpenses": 2874000000,
    "interestIncome": 40000000,
    "interestExpense": 0,
    "depreciationAndAmortization": 198000000,
    "ebitda": 788000000,
    "ebitdaratio": 0.2196209588,
    "operatingIncome": 714000000,
    "operatingIncomeRatio": 0.1989966555,
    "totalOtherIncomeExpensesNet": -124000000,
    "incomeBeforeTax": 590000000,
    "incomeBeforeTaxRatio": 0.1644370123,
    "incomeTaxExpense": 97000000,
    "netIncome": 493000000,
    "netIncomeRatio": 0.1374024526,
    "eps": 1.32,
    "epsdiluted": 1.3,
    "weightedAverageShsOut": 374800000,
    "weightedAverageShsOutDil": 379700000,
    "link": "https://www.sec.gov/Archives/edgar/data/310764/000031076420000069/0000310764-20-000069-index.htm",
    "finalLink": "https://www.sec.gov/Archives/edgar/data/310764/000031076420000069/syk10q3312020.htm"
  },
  {
    "date": "2019-12-31",
    "symbol": "SYK",
    "reportedCurrency": "USD",
    "cik": "0000310764",
    "fillingDate": "2020-02-06",
    "acceptedDate": "2020-02-06 10:12:26",
    "calendarYear": "2019",
    "period": "Q4",
    "revenue": 4131000000,
    "costOfRevenue": 1504000000,
    "grossProfit": 2627000000,
    "grossProfitRatio": 0.6359235052,
    "researchAndDevelopmentExpenses": 254000000,
    "generalAndAdministrativeExpenses": 0,
    "sellingAndMarketingExpenses": 0,
    "sellingGeneralAndAdministrativeExpenses": 1336000000,
    "otherExpenses": 0,
    "operatingExpenses": 1590000000,
    "costAndExpenses": 3094000000,
    "interestIncome": 46000000,
    "interestExpense": 0,
    "depreciationAndAmortization": 195000000,
    "ebitda": 1131000000,
    "ebitdaratio": 0.2737835875,
    "operatingIncome": 1037000000,
    "operatingIncomeRatio": 0.2510288066,
    "totalOtherIncomeExpensesNet": -101000000,
    "incomeBeforeTax": 936000000,
    "incomeBeforeTaxRatio": 0.2265795207,
    "incomeTaxExpense": 211000000,
    "netIncome": 725000000,
    "netIncomeRatio": 0.1755022997,
    "eps": 1.94,
    "epsdiluted": 1.9,
    "weightedAverageShsOut": 374400000,
    "weightedAverageShsOutDil": 380100000,
    "link": "https://www.sec.gov/Archives/edgar/data/310764/000031076420000014/0000310764-20-000014-index.htm",
    "finalLink": "https://www.sec.gov/Archives/edgar/data/310764/000031076420000014/syk10k12312019.htm"
  },
  {
    "date": "2019-09-30",
    "symbol": "SYK",
    "reportedCurrency": "USD",
    "cik": "0000310764",
    "fillingDate": "2019-10-30",
    "acceptedDate": "2019-10-30 10:33:12",
    "calendarYear": "2019",
    "period": "Q3",
    "revenue": 3587000000,
    "costOfRevenue": 1375000000,
    "grossProfit": 2212000000,
    "grossProfitRatio": 0.6166713131,
    "researchAndDevelopmentExpenses": 246000000,
    "generalAndAdministrativeExpenses": 0,
    "sellingAndMarketingExpenses": 0,
    "sellingGeneralAndAdministrativeExpenses": 1214000000,
    "otherExpenses": 0,
    "operatingExpenses": 1460000000,
    "costAndExpenses": 2835000000,
    "interestIncome": 36000000,
    "interestExpense": 0,
    "depreciationAndAmortization": 194000000,
    "ebitda": 775000000,
    "ebitdaratio": 0.2160579872,
    "operatingIncome": 752000000,
    "operatingIncomeRatio": 0.2096459437,
    "totalOtherIncomeExpensesNet": -171000000,
    "incomeBeforeTax": 581000000,
    "incomeBeforeTaxRatio": 0.1619737943,
    "incomeTaxExpense": 115000000,
    "netIncome": 466000000,
    "netIncomeRatio": 0.1299135768,
    "eps": 1.24,
    "epsdiluted": 1.23,
    "weightedAverageShsOut": 374200000,
    "weightedAverageShsOutDil": 380300000,
    "link": "https://www.sec.gov/Archives/edgar/data/310764/000031076419000140/0000310764-19-000140-index.htm",
    "finalLink": "https://www.sec.gov/Archives/edgar/data/310764/000031076419000140/syk10q9302019.htm"
  },
  {
    "date": "2019-06-30",
    "symbol": "SYK",
    "reportedCurrency": "USD",
    "cik": "0000310764",
    "fillingDate": "2019-07-26",
    "acceptedDate": "2019-07-26 11:21:01",
    "calendarYear": "2019",
    "period": "Q2",
    "revenue": 3650000000,
    "costOfRevenue": 1392000000,
    "grossProfit": 2258000000,
    "grossProfitRatio": 0.618630137,
    "researchAndDevelopmentExpenses": 246000000,
    "generalAndAdministrativeExpenses": 0,
    "sellingAndMarketingExpenses": 0,
    "sellingGeneralAndAdministrativeExpenses": 1192000000,
    "otherExpenses": 0,
    "operatingExpenses": 1438000000,
    "costAndExpenses": 2830000000,
    "interestIncome": 34000000,
    "interestExpense": 0,
    "depreciationAndAmortization": 199000000,
    "ebitda": 764000000,
    "ebitdaratio": 0.2093150685,
    "operatingIncome": 820000000,
    "operatingIncomeRatio": 0.2246575342,
    "totalOtherIncomeExpensesNet": -255000000,
    "incomeBeforeTax": 565000000,
    "incomeBeforeTaxRatio": 0.1547945205,
    "incomeTaxExpense": 85000000,
    "netIncome": 480000000,
    "netIncomeRatio": 0.1315068493,
    "eps": 1.29,
    "epsdiluted": 1.26,
    "weightedAverageShsOut": 373900000,
    "weightedAverageShsOutDil": 379500000,
    "link": "https://www.sec.gov/Archives/edgar/data/310764/000031076419000110/0000310764-19-000110-index.htm",
    "finalLink": "https://www.sec.gov/Archives/edgar/data/310764/000031076419000110/syk10q6302019.htm"
  },
  {
    "date": "2019-03-31",
    "symbol": "SYK",
    "reportedCurrency": "USD",
    "cik": "0000310764",
    "fillingDate": "2019-04-24",
    "acceptedDate": "2019-04-24 12:37:04",
    "calendarYear": "2019",
    "period": "Q1",
    "revenue": 3516000000,
    "costOfRevenue": 1347000000,
    "grossProfit": 2169000000,
    "grossProfitRatio": 0.616894198,
    "researchAndDevelopmentExpenses": 225000000,
    "generalAndAdministrativeExpenses": 0,
    "sellingAndMarketingExpenses": 0,
    "sellingGeneralAndAdministrativeExpenses": 1212000000,
    "otherExpenses": 0,
    "operatingExpenses": 1437000000,
    "costAndExpenses": 2784000000,
    "interestIncome": 39000000,
    "interestExpense": 0,
    "depreciationAndAmortization": 190000000,
    "ebitda": 670000000,
    "ebitdaratio": 0.1905574516,
    "operatingIncome": 732000000,
    "operatingIncomeRatio": 0.2081911263,
    "totalOtherIncomeExpensesNet": -252000000,
    "incomeBeforeTax": 480000000,
    "incomeBeforeTaxRatio": 0.1365187713,
    "incomeTaxExpense": 68000000,
    "netIncome": 412000000,
    "netIncomeRatio": 0.1171786121,
    "eps": 1.1,
    "epsdiluted": 1.09,
    "weightedAverageShsOut": 373300000,
    "weightedAverageShsOutDil": 379300000,
    "link": "https://www.sec.gov/Archives/edgar/data/310764/000031076419000071/0000310764-19-000071-index.htm",
    "finalLink": "https://www.sec.gov/Archives/edgar/data/310764/000031076419000071/syk10q3312019.htm"
  },
  {
    "date": "2018-12-31",
    "symbol": "SYK",
    "reportedCurrency": "USD",
    "cik": "0000310764",
    "fillingDate": "2019-02-07",
    "acceptedDate": "2019-02-07 09:31:07",
    "calendarYear": "2018",
    "period": "Q4",
    "revenue": 3796000000,
    "costOfRevenue": 1419000000,
    "grossProfit": 2377000000,
    "grossProfitRatio": 0.6261854584,
    "researchAndDevelopmentExpenses": 221000000,
    "generalAndAdministrativeExpenses": 0,
    "sellingAndMarketingExpenses": 0,
    "sellingGeneralAndAdministrativeExpenses": 1240000000,
    "otherExpenses": 0,
    "operatingExpenses": 1461000000,
    "costAndExpenses": 2880000000,
    "interestIncome": 40000000,
    "interestExpense": 0,
    "depreciationAndAmortization": 176000000,
    "ebitda": 794000000,
    "ebitdaratio": 0.2091675448,
    "operatingIncome": 916000000,
    "operatingIncomeRatio": 0.2413066386,
    "totalOtherIncomeExpensesNet": -259000000,
    "incomeBeforeTax": 657000000,
    "incomeBeforeTaxRatio": 0.1730769231,
    "incomeTaxExpense": -1411000000,
    "netIncome": 2068000000,
    "netIncomeRatio": 0.5447839831,
    "eps": 5.52,
    "epsdiluted": 5.44,
    "weightedAverageShsOut": 374300000,
    "weightedAverageShsOutDil": 380200000,
    "link": "https://www.sec.gov/Archives/edgar/data/310764/000031076419000014/0000310764-19-000014-index.htm",
    "finalLink": "https://www.sec.gov/Archives/edgar/data/310764/000031076419000014/syk10k123118.htm"
  },
  {
    "date": "2018-09-30",
    "symbol": "SYK",
    "reportedCurrency": "USD",
    "cik": "0000310764",
    "fillingDate": "2018-10-26",
    "acceptedDate": "2018-10-26 15:05:04",
    "calendarYear": "2018",
    "period": "Q3",
    "revenue": 3242000000,
    "costOfRevenue": 1199000000,
    "grossProfit": 2043000000,
    "grossProfitRatio": 0.6301665638,
    "researchAndDevelopmentExpenses": 221000000,
    "generalAndAdministrativeExpenses": 0,
    "sellingAndMarketingExpenses": 0,
    "sellingGeneralAndAdministrativeExpenses": 1129000000,
    "otherExpenses": 0,
    "operatingExpenses": 1350000000,
    "costAndExpenses": 2549000000,
    "interestIncome": 29000000,
    "interestExpense": 0,
    "depreciationAndAmortization": 185000000,
    "ebitda": 719000000,
    "ebitdaratio": 0.2217766811,
    "operatingIncome": 693000000,
    "operatingIncomeRatio": 0.2137569402,
    "totalOtherIncomeExpensesNet": -159000000,
    "incomeBeforeTax": 534000000,
    "incomeBeforeTaxRatio": 0.16471314,
    "incomeTaxExpense": -56000000,
    "netIncome": 590000000,
    "netIncomeRatio": 0.1819864281,
    "eps": 1.58,
    "epsdiluted": 1.55,
    "weightedAverageShsOut": 374100000,
    "weightedAverageShsOutDil": 380200000,
    "link": "https://www.sec.gov/Archives/edgar/data/310764/000031076418000205/0000310764-18-000205-index.htm",
    "finalLink": "https://www.sec.gov/Archives/edgar/data/310764/000031076418000205/syk10q93018.htm"
  },
  {
    "date": "2018-06-30",
    "symbol": "SYK",
    "reportedCurrency": "USD",
    "cik": "0000310764",
    "fillingDate": "2018-07-25",
    "acceptedDate": "2018-07-25 16:03:24",
    "calendarYear": "2018",
    "period": "Q2",
    "revenue": 3322000000,
    "costOfRevenue": 1242000000,
    "grossProfit": 2080000000,
    "grossProfitRatio": 0.626128838,
    "researchAndDevelopmentExpenses": 216000000,
    "generalAndAdministrativeExpenses": 0,
    "sellingAndMarketingExpenses": 0,
    "sellingGeneralAndAdministrativeExpenses": 1121000000,
    "otherExpenses": 0,
    "operatingExpenses": 1337000000,
    "costAndExpenses": 2579000000,
    "interestIncome": 27000000,
    "interestExpense": 0,
    "depreciationAndAmortization": 186000000,
    "ebitda": 809000000,
    "ebitdaratio": 0.2435279952,
    "operatingIncome": 743000000,
    "operatingIncomeRatio": 0.2236604455,
    "totalOtherIncomeExpensesNet": -120000000,
    "incomeBeforeTax": 623000000,
    "incomeBeforeTaxRatio": 0.1875376279,
    "incomeTaxExpense": 171000000,
    "netIncome": 452000000,
    "netIncomeRatio": 0.1360626129,
    "eps": 1.21,
    "epsdiluted": 1.19,
    "weightedAverageShsOut": 373900000,
    "weightedAverageShsOutDil": 380100000,
    "link": "https://www.sec.gov/Archives/edgar/data/310764/000031076418000185/0000310764-18-000185-index.htm",
    "finalLink": "https://www.sec.gov/Archives/edgar/data/310764/000031076418000185/syk10q63018.htm"
  },
  {
    "date": "2018-03-31",
    "symbol": "SYK",
    "reportedCurrency": "USD",
    "cik": "0000310764",
    "fillingDate": "2018-04-27",
    "acceptedDate": "2018-04-27 17:23:24",
    "calendarYear": "2018",
    "period": "Q1",
    "revenue": 3241000000,
    "costOfRevenue": 1206000000,
    "grossProfit": 2035000000,
    "grossProfitRatio": 0.6278926257,
    "researchAndDevelopmentExpenses": 204000000,
    "generalAndAdministrativeExpenses": 0,
    "sellingAndMarketingExpenses": 0,
    "sellingGeneralAndAdministrativeExpenses": 1135000000,
    "otherExpenses": 0,
    "operatingExpenses": 1339000000,
    "costAndExpenses": 2545000000,
    "interestIncome": 23000000,
    "interestExpense": 0,
    "depreciationAndAmortization": 176000000,
    "ebitda": 718000000,
    "ebitdaratio": 0.2215365628,
    "operatingIncome": 696000000,
    "operatingIncomeRatio": 0.2147485344,
    "totalOtherIncomeExpensesNet": -154000000,
    "incomeBeforeTax": 542000000,
    "incomeBeforeTaxRatio": 0.1672323357,
    "incomeTaxExpense": 99000000,
    "netIncome": 443000000,
    "netIncomeRatio": 0.136686208,
    "eps": 1.18,
    "epsdiluted": 1.16,
    "weightedAverageShsOut": 374000000,
    "weightedAverageShsOutDil": 380700000,
    "link": "https://www.sec.gov/Archives/edgar/data/310764/000031076418000110/0000310764-18-000110-index.htm",
    "finalLink": "https://www.sec.gov/Archives/edgar/data/310764/000031076418000110/syk10q33118.htm"
  },
  {
    "date": "2017-12-31",
    "symbol": "SYK",
    "reportedCurrency": "USD",
    "cik": "0000310764",
    "fillingDate": "2018-02-08",
    "acceptedDate": "2018-02-08 16:54:05",
    "calendarYear": "2017",
    "period": "Q4",
    "revenue": 3471000000,
    "costOfRevenue": 1326000000,
    "grossProfit": 2145000000,
    "grossProfitRatio": 0.6179775281,
    "researchAndDevelopmentExpenses": 205000000,
    "generalAndAdministrativeExpenses": 0,
    "sellingAndMarketingExpenses": 0,
    "sellingGeneralAndAdministrativeExpenses": 1177000000,
    "otherExpenses": 0,
    "operatingExpenses": 1382000000,
    "costAndExpenses": 2708000000,
    "interestIncome": 22000000,
    "interestExpense": 0,
    "depreciationAndAmortization": 169000000,
    "ebitda": 748000000,
    "ebitdaratio": 0.2154998559,
    "operatingIncome": 763000000,
    "operatingIncomeRatio": 0.2198213771,
    "totalOtherIncomeExpensesNet": -114000000,
    "incomeBeforeTax": 649000000,
    "incomeBeforeTaxRatio": 0.1869778162,
    "incomeTaxExpense": 898000000,
    "netIncome": -249000000,
    "netIncomeRatio": -0.0717372515,
    "eps": -0.67,
    "epsdiluted": -0.65,
    "weightedAverageShsOut": 374400000,
    "weightedAverageShsOutDil": 380900000,
    "link": "https://www.sec.gov/Archives/edgar/data/310764/000031076418000031/0000310764-18-000031-index.htm",
    "finalLink": "https://www.sec.gov/Archives/edgar/data/310764/000031076418000031/syk10k123117.htm"
  },
  {
    "date": "2017-09-30",
    "symbol": "SYK",
    "reportedCurrency": "USD",
    "cik": "0000310764",
    "fillingDate": "2017-10-27",
    "acceptedDate": "2017-10-27 14:47:26",
    "calendarYear": "2017",
    "period": "Q3",
    "revenue": 3006000000,
    "costOfRevenue": 1116000000,
    "grossProfit": 1890000000,
    "grossProfitRatio": 0.628742515,
    "researchAndDevelopmentExpenses": 198000000,
    "generalAndAdministrativeExpenses": 0,
    "sellingAndMarketingExpenses": 0,
    "sellingGeneralAndAdministrativeExpenses": 1059000000,
    "otherExpenses": 0,
    "operatingExpenses": 1257000000,
    "costAndExpenses": 2373000000,
    "interestIncome": 15000000,
    "interestExpense": 0,
    "depreciationAndAmortization": 163000000,
    "ebitda": 634000000,
    "ebitdaratio": 0.2109115103,
    "operatingIncome": 633000000,
    "operatingIncomeRatio": 0.2105788423,
    "totalOtherIncomeExpensesNet": -162000000,
    "incomeBeforeTax": 471000000,
    "incomeBeforeTaxRatio": 0.1566866267,
    "incomeTaxExpense": 37000000,
    "netIncome": 434000000,
    "netIncomeRatio": 0.1443779108,
    "eps": 1.16,
    "epsdiluted": 1.14,
    "weightedAverageShsOut": 374200000,
    "weightedAverageShsOutDil": 380200000,
    "link": "https://www.sec.gov/Archives/edgar/data/310764/000031076417000164/0000310764-17-000164-index.htm",
    "finalLink": "https://www.sec.gov/Archives/edgar/data/310764/000031076417000164/syk10q93017.htm"
  },
  {
    "date": "2017-06-30",
    "symbol": "SYK",
    "reportedCurrency": "USD",
    "cik": "0000310764",
    "fillingDate": "2017-07-28",
    "acceptedDate": "2017-07-28 13:33:14",
    "calendarYear": "2017",
    "period": "Q2",
    "revenue": 3012000000,
    "costOfRevenue": 1117000000,
    "grossProfit": 1895000000,
    "grossProfitRatio": 0.6291500664,
    "researchAndDevelopmentExpenses": 192000000,
    "generalAndAdministrativeExpenses": 0,
    "sellingAndMarketingExpenses": 0,
    "sellingGeneralAndAdministrativeExpenses": 1053000000,
    "otherExpenses": 0,
    "operatingExpenses": 1245000000,
    "costAndExpenses": 2362000000,
    "interestIncome": 12000000,
    "interestExpense": 0,
    "depreciationAndAmortization": 160000000,
    "ebitda": 604000000,
    "ebitdaratio": 0.2005312085,
    "operatingIncome": 650000000,
    "operatingIncomeRatio": 0.2158034529,
    "totalOtherIncomeExpensesNet": -206000000,
    "incomeBeforeTax": 444000000,
    "incomeBeforeTaxRatio": 0.1474103586,
    "incomeTaxExpense": 53000000,
    "netIncome": 391000000,
    "netIncomeRatio": 0.129814077,
    "eps": 1.04,
    "epsdiluted": 1.03,
    "weightedAverageShsOut": 373900000,
    "weightedAverageShsOutDil": 379800000,
    "link": "https://www.sec.gov/Archives/edgar/data/310764/000031076417000136/0000310764-17-000136-index.htm",
    "finalLink": "https://www.sec.gov/Archives/edgar/data/310764/000031076417000136/syk10q63017.htm"
  },
  {
    "date": "2017-03-31",
    "symbol": "SYK",
    "reportedCurrency": "USD",
    "cik": "0000310764",
    "fillingDate": "2017-04-27",
    "acceptedDate": "2017-04-27 15:16:17",
    "calendarYear": "2017",
    "period": "Q1",
    "revenue": 2955000000,
    "costOfRevenue": 1081000000,
    "grossProfit": 1874000000,
    "grossProfitRatio": 0.634179357,
    "researchAndDevelopmentExpenses": 192000000,
    "generalAndAdministrativeExpenses": 0,
    "sellingAndMarketingExpenses": 0,
    "sellingGeneralAndAdministrativeExpenses": 1059000000,
    "otherExpenses": 0,
    "operatingExpenses": 1251000000,
    "costAndExpenses": 2332000000,
    "interestIncome": 11000000,
    "interestExpense": 0,
    "depreciationAndAmortization": 150000000,
    "ebitda": 649000000,
    "ebitdaratio": 0.2196277496,
    "operatingIncome": 623000000,
    "operatingIncomeRatio": 0.2108291032,
    "totalOtherIncomeExpensesNet": -124000000,
    "incomeBeforeTax": 499000000,
    "incomeBeforeTaxRatio": 0.1688663283,
    "incomeTaxExpense": 55000000,
    "netIncome": 444000000,
    "netIncomeRatio": 0.1502538071,
    "eps": 1.19,
    "epsdiluted": 1.17,
    "weightedAverageShsOut": 373400000,
    "weightedAverageShsOutDil": 379300000,
    "link": "https://www.sec.gov/Archives/edgar/data/310764/000031076417000102/0000310764-17-000102-index.htm",
    "finalLink": "https://www.sec.gov/Archives/edgar/data/310764/000031076417000102/syk10q33117.htm"
  },
  {
    "date": "2016-12-31",
    "symbol": "SYK",
    "reportedCurrency": "USD",
    "cik": "0000310764",
    "fillingDate": "2017-02-09",
    "acceptedDate": "2017-02-09 16:56:14",
    "calendarYear": "2016",
    "period": "Q4",
    "revenue": 3157000000,
    "costOfRevenue": 1153000000,
    "grossProfit": 2004000000,
    "grossProfitRatio": 0.6347798543,
    "researchAndDevelopmentExpenses": 189000000,
    "generalAndAdministrativeExpenses": 0,
    "sellingAndMarketingExpenses": 0,
    "sellingGeneralAndAdministrativeExpenses": 1093000000,
    "otherExpenses": 0,
    "operatingExpenses": 1282000000,
    "costAndExpenses": 2435000000,
    "interestIncome": 10000000,
    "interestExpense": 0,
    "depreciationAndAmortization": 151000000,
    "ebitda": 739000000,
    "ebitdaratio": 0.2340829902,
    "operatingIncome": 722000000,
    "operatingIncomeRatio": 0.2286981311,
    "totalOtherIncomeExpensesNet": -134000000,
    "incomeBeforeTax": 588000000,
    "incomeBeforeTaxRatio": 0.1862527716,
    "incomeTaxExpense": 78000000,
    "netIncome": 510000000,
    "netIncomeRatio": 0.1615457713,
    "eps": 1.36,
    "epsdiluted": 1.34,
    "weightedAverageShsOut": 374500000,
    "weightedAverageShsOutDil": 379100000,
    "link": "https://www.sec.gov/Archives/edgar/data/310764/000031076417000034/0000310764-17-000034-index.htm",
    "finalLink": "https://www.sec.gov/Archives/edgar/data/310764/000031076417000034/syk10k123116.htm"
  },
  {
    "date": "2016-09-30",
    "symbol": "SYK",
    "reportedCurrency": "USD",
    "cik": "0000310764",
    "fillingDate": "2016-10-28",
    "acceptedDate": "2016-10-28 15:04:55",
    "calendarYear": "2016",
    "period": "Q3",
    "revenue": 2833000000,
    "costOfRevenue": 1045000000,
    "grossProfit": 1788000000,
    "grossProfitRatio": 0.6311330745,
    "researchAndDevelopmentExpenses": 184000000,
    "generalAndAdministrativeExpenses": 0,
    "sellingAndMarketingExpenses": 0,
    "sellingGeneralAndAdministrativeExpenses": 987000000,
    "otherExpenses": 0,
    "operatingExpenses": 1171000000,
    "costAndExpenses": 2216000000,
    "interestIncome": 7000000,
    "interestExpense": 0,
    "depreciationAndAmortization": 148000000,
    "ebitda": 567000000,
    "ebitdaratio": 0.2001411931,
    "operatingIncome": 617000000,
    "operatingIncomeRatio": 0.2177903283,
    "totalOtherIncomeExpensesNet": -198000000,
    "incomeBeforeTax": 419000000,
    "incomeBeforeTaxRatio": 0.1478997529,
    "incomeTaxExpense": 64000000,
    "netIncome": 355000000,
    "netIncomeRatio": 0.1253088599,
    "eps": 0.95,
    "epsdiluted": 0.94,
    "weightedAverageShsOut": 374400000,
    "weightedAverageShsOutDil": 379000000,
    "link": "https://www.sec.gov/Archives/edgar/data/310764/000031076416000458/0000310764-16-000458-index.htm",
    "finalLink": "https://www.sec.gov/Archives/edgar/data/310764/000031076416000458/syk10q93016.htm"
  },
  {
    "date": "2016-06-30",
    "symbol": "SYK",
    "reportedCurrency": "USD",
    "cik": "0000310764",
    "fillingDate": "2016-07-22",
    "acceptedDate": "2016-07-22 14:26:11",
    "calendarYear": "2016",
    "period": "Q2",
    "revenue": 2840000000,
    "costOfRevenue": 998000000,
    "grossProfit": 1842000000,
    "grossProfitRatio": 0.6485915493,
    "researchAndDevelopmentExpenses": 183000000,
    "generalAndAdministrativeExpenses": 1043000000,
    "sellingAndMarketingExpenses": 0,
    "sellingGeneralAndAdministrativeExpenses": 1043000000,
    "otherExpenses": -67000000,
    "operatingExpenses": 1314000000,
    "costAndExpenses": 2312000000,
    "interestIncome": 0,
    "interestExpense": 0,
    "depreciationAndAmortization": 145000000,
    "ebitda": 761000000,
    "ebitdaratio": 0.2679577465,
    "operatingIncome": 500000000,
    "operatingIncomeRatio": 0.176056338,
    "totalOtherIncomeExpensesNet": -67000000,
    "incomeBeforeTax": 433000000,
    "incomeBeforeTaxRatio": 0.1524647887,
    "incomeTaxExpense": 53000000,
    "netIncome": 380000000,
    "netIncomeRatio": 0.1338028169,
    "eps": 1.02,
    "epsdiluted": 1,
    "weightedAverageShsOut": 374200000,
    "weightedAverageShsOutDil": 378500000,
    "link": "https://www.sec.gov/Archives/edgar/data/310764/000031076416000392/0000310764-16-000392-index.htm",
    "finalLink": "https://www.sec.gov/Archives/edgar/data/310764/000031076416000392/syk10q63016.htm"
  },
  {
    "date": "2016-03-31",
    "symbol": "SYK",
    "reportedCurrency": "USD",
    "cik": "0000310764",
    "fillingDate": "2016-04-22",
    "acceptedDate": "2016-04-22 17:00:49",
    "calendarYear": "2016",
    "period": "Q1",
    "revenue": 2495000000,
    "costOfRevenue": 801000000,
    "grossProfit": 1694000000,
    "grossProfitRatio": 0.6789579158,
    "researchAndDevelopmentExpenses": 159000000,
    "generalAndAdministrativeExpenses": 944000000,
    "sellingAndMarketingExpenses": 0,
    "sellingGeneralAndAdministrativeExpenses": 944000000,
    "otherExpenses": -38000000,
    "operatingExpenses": 1156000000,
    "costAndExpenses": 1957000000,
    "interestIncome": 0,
    "interestExpense": 0,
    "depreciationAndAmortization": 102000000,
    "ebitda": 653000000,
    "ebitdaratio": 0.2617234469,
    "operatingIncome": 519000000,
    "operatingIncomeRatio": 0.2080160321,
    "totalOtherIncomeExpensesNet": -38000000,
    "incomeBeforeTax": 481000000,
    "incomeBeforeTaxRatio": 0.1927855711,
    "incomeTaxExpense": 79000000,
    "netIncome": 402000000,
    "netIncomeRatio": 0.1611222445,
    "eps": 1.08,
    "epsdiluted": 1.07,
    "weightedAverageShsOut": 373200000,
    "weightedAverageShsOutDil": 377400000,
    "link": "https://www.sec.gov/Archives/edgar/data/310764/000031076416000320/0000310764-16-000320-index.htm",
    "finalLink": "https://www.sec.gov/Archives/edgar/data/310764/000031076416000320/syk10q33116.htm"
  },
  {
    "date": "2015-12-31",
    "symbol": "SYK",
    "reportedCurrency": "USD",
    "cik": "0000310764",
    "fillingDate": "2016-02-11",
    "acceptedDate": "2016-02-11 17:00:24",
    "calendarYear": "2015",
    "period": "Q4",
    "revenue": 2715000000,
    "costOfRevenue": 895000000,
    "grossProfit": 1820000000,
    "grossProfitRatio": 0.6703499079,
    "researchAndDevelopmentExpenses": 164000000,
    "generalAndAdministrativeExpenses": 970000000,
    "sellingAndMarketingExpenses": 0,
    "sellingGeneralAndAdministrativeExpenses": 970000000,
    "otherExpenses": -36000000,
    "operatingExpenses": 1192000000,
    "costAndExpenses": 2087000000,
    "interestIncome": 0,
    "interestExpense": 0,
    "depreciationAndAmortization": 108000000,
    "ebitda": 794000000,
    "ebitdaratio": 0.2924493554,
    "operatingIncome": 648000000,
    "operatingIncomeRatio": 0.2386740331,
    "totalOtherIncomeExpensesNet": -36000000,
    "incomeBeforeTax": 612000000,
    "incomeBeforeTaxRatio": 0.2254143646,
    "incomeTaxExpense": 90000000,
    "netIncome": 522000000,
    "netIncomeRatio": 0.1922651934,
    "eps": 1.39,
    "epsdiluted": 1.38,
    "weightedAverageShsOut": 374300000,
    "weightedAverageShsOutDil": 378400000,
    "link": "https://www.sec.gov/Archives/edgar/data/310764/000031076416000226/0000310764-16-000226-index.htm",
    "finalLink": "https://www.sec.gov/Archives/edgar/data/310764/000031076416000226/syk10k12312015.htm"
  },
  {
    "date": "2015-09-30",
    "symbol": "SYK",
    "reportedCurrency": "USD",
    "cik": "0000310764",
    "fillingDate": "2015-10-23",
    "acceptedDate": "2015-10-23 17:26:15",
    "calendarYear": "2015",
    "period": "Q3",
    "revenue": 2420000000,
    "costOfRevenue": 796000000,
    "grossProfit": 1624000000,
    "grossProfitRatio": 0.6710743802,
    "researchAndDevelopmentExpenses": 155000000,
    "generalAndAdministrativeExpenses": 887000000,
    "sellingAndMarketingExpenses": 0,
    "sellingGeneralAndAdministrativeExpenses": 887000000,
    "otherExpenses": -33000000,
    "operatingExpenses": 1096000000,
    "costAndExpenses": 1892000000,
    "interestIncome": 0,
    "interestExpense": 0,
    "depreciationAndAmortization": 101000000,
    "ebitda": 650000000,
    "ebitdaratio": 0.2685950413,
    "operatingIncome": 378000000,
    "operatingIncomeRatio": 0.1561983471,
    "totalOtherIncomeExpensesNet": -33000000,
    "incomeBeforeTax": 345000000,
    "incomeBeforeTaxRatio": 0.1425619835,
    "incomeTaxExpense": 44000000,
    "netIncome": 301000000,
    "netIncomeRatio": 0.1243801653,
    "eps": 0.8,
    "epsdiluted": 0.79,
    "weightedAverageShsOut": 376300000,
    "weightedAverageShsOutDil": 380700000,
    "link": "https://www.sec.gov/Archives/edgar/data/310764/000031076415000153/0000310764-15-000153-index.htm",
    "finalLink": "https://www.sec.gov/Archives/edgar/data/310764/000031076415000153/syk10q09302015.htm"
  },
  {
    "date": "2015-06-30",
    "symbol": "SYK",
    "reportedCurrency": "USD",
    "cik": "0000310764",
    "fillingDate": "2015-07-29",
    "acceptedDate": "2015-07-29 16:43:36",
    "calendarYear": "2015",
    "period": "Q2",
    "revenue": 2432000000,
    "costOfRevenue": 827000000,
    "grossProfit": 1605000000,
    "grossProfitRatio": 0.6599506579,
    "researchAndDevelopmentExpenses": 154000000,
    "generalAndAdministrativeExpenses": 861000000,
    "sellingAndMarketingExpenses": 0,
    "sellingGeneralAndAdministrativeExpenses": 861000000,
    "otherExpenses": -28000000,
    "operatingExpenses": 1064000000,
    "costAndExpenses": 1891000000,
    "interestIncome": 0,
    "interestExpense": 0,
    "depreciationAndAmortization": 49000000,
    "ebitda": 623000000,
    "ebitdaratio": 0.2561677632,
    "operatingIncome": 429000000,
    "operatingIncomeRatio": 0.1763980263,
    "totalOtherIncomeExpensesNet": -28000000,
    "incomeBeforeTax": 401000000,
    "incomeBeforeTaxRatio": 0.1648848684,
    "incomeTaxExpense": 9000000,
    "netIncome": 392000000,
    "netIncomeRatio": 0.1611842105,
    "eps": 1.04,
    "epsdiluted": 1.03,
    "weightedAverageShsOut": 377000000,
    "weightedAverageShsOutDil": 381100000,
    "link": "https://www.sec.gov/Archives/edgar/data/310764/000031076415000109/0000310764-15-000109-index.htm",
    "finalLink": "https://www.sec.gov/Archives/edgar/data/310764/000031076415000109/syk10q06302015.htm"
  },
  {
    "date": "2015-03-31",
    "symbol": "SYK",
    "reportedCurrency": "USD",
    "cik": "0000310764",
    "fillingDate": "2015-04-30",
    "acceptedDate": "2015-04-30 16:25:00",
    "calendarYear": "2015",
    "period": "Q1",
    "revenue": 2379000000,
    "costOfRevenue": 826000000,
    "grossProfit": 1553000000,
    "grossProfitRatio": 0.6527952921,
    "researchAndDevelopmentExpenses": 152000000,
    "generalAndAdministrativeExpenses": 892000000,
    "sellingAndMarketingExpenses": 0,
    "sellingGeneralAndAdministrativeExpenses": 892000000,
    "otherExpenses": -29000000,
    "operatingExpenses": 1093000000,
    "costAndExpenses": 1919000000,
    "interestIncome": 0,
    "interestExpense": 0,
    "depreciationAndAmortization": 49000000,
    "ebitda": 600000000,
    "ebitdaratio": 0.2522068096,
    "operatingIncome": 406000000,
    "operatingIncomeRatio": 0.1706599412,
    "totalOtherIncomeExpensesNet": -29000000,
    "incomeBeforeTax": 377000000,
    "incomeBeforeTaxRatio": 0.1584699454,
    "incomeTaxExpense": 153000000,
    "netIncome": 224000000,
    "netIncomeRatio": 0.0941572089,
    "eps": 0.59,
    "epsdiluted": 0.58,
    "weightedAverageShsOut": 378900000,
    "weightedAverageShsOutDil": 383500000,
    "link": "https://www.sec.gov/Archives/edgar/data/310764/000031076415000074/0000310764-15-000074-index.htm",
    "finalLink": "https://www.sec.gov/Archives/edgar/data/310764/000031076415000074/syk10q03312015.htm"
  },
  {
    "date": "2014-12-31",
    "symbol": "SYK",
    "reportedCurrency": "USD",
    "cik": "0000310764",
    "fillingDate": "2015-02-12",
    "acceptedDate": "2015-02-12 17:11:41",
    "calendarYear": "2014",
    "period": "Q4",
    "revenue": 2618000000,
    "costOfRevenue": 892000000,
    "grossProfit": 1726000000,
    "grossProfitRatio": 0.6592818946,
    "researchAndDevelopmentExpenses": 153000000,
    "generalAndAdministrativeExpenses": 312000000,
    "sellingAndMarketingExpenses": 747000000,
    "sellingGeneralAndAdministrativeExpenses": 1059000000,
    "otherExpenses": -7000000,
    "operatingExpenses": 1258000000,
    "costAndExpenses": 2150000000,
    "interestIncome": 0,
    "interestExpense": 0,
    "depreciationAndAmortization": 96000000,
    "ebitda": 771000000,
    "ebitdaratio": 0.294499618,
    "operatingIncome": 468000000,
    "operatingIncomeRatio": 0.1787624141,
    "totalOtherIncomeExpensesNet": -7000000,
    "incomeBeforeTax": 461000000,
    "incomeBeforeTaxRatio": 0.1760886173,
    "incomeTaxExpense": 201000000,
    "netIncome": 260000000,
    "netIncomeRatio": 0.0993124523,
    "eps": 0.68,
    "epsdiluted": 0.67,
    "weightedAverageShsOut": 378500000,
    "weightedAverageShsOutDil": 383000000,
    "link": "https://www.sec.gov/Archives/edgar/data/310764/000031076415000022/0000310764-15-000022-index.htm",
    "finalLink": "https://www.sec.gov/Archives/edgar/data/310764/000031076415000022/syk10k12312014.htm"
  },
  {
    "date": "2014-09-30",
    "symbol": "SYK",
    "reportedCurrency": "USD",
    "cik": "0000310764",
    "fillingDate": "2014-10-23",
    "acceptedDate": "2014-10-23 14:23:55",
    "calendarYear": "2014",
    "period": "Q3",
    "revenue": 2389000000,
    "costOfRevenue": 822000000,
    "grossProfit": 1567000000,
    "grossProfitRatio": 0.6559229803,
    "researchAndDevelopmentExpenses": 153000000,
    "generalAndAdministrativeExpenses": 910000000,
    "sellingAndMarketingExpenses": 0,
    "sellingGeneralAndAdministrativeExpenses": 910000000,
    "otherExpenses": -25000000,
    "operatingExpenses": 1113000000,
    "costAndExpenses": 1935000000,
    "interestIncome": 0,
    "interestExpense": 0,
    "depreciationAndAmortization": 97000000,
    "ebitda": 619000000,
    "ebitdaratio": 0.2591042277,
    "operatingIncome": 450000000,
    "operatingIncomeRatio": 0.1883633319,
    "totalOtherIncomeExpensesNet": -25000000,
    "incomeBeforeTax": 425000000,
    "incomeBeforeTaxRatio": 0.1778987024,
    "incomeTaxExpense": 368000000,
    "netIncome": 57000000,
    "netIncomeRatio": 0.0238593554,
    "eps": 0.16,
    "epsdiluted": 0.16,
    "weightedAverageShsOut": 378400000,
    "weightedAverageShsOutDil": 382500000,
    "link": "https://www.sec.gov/Archives/edgar/data/310764/000031076414000187/0000310764-14-000187-index.htm",
    "finalLink": "https://www.sec.gov/Archives/edgar/data/310764/000031076414000187/syk10q9302014.htm"
  },
  {
    "date": "2014-06-30",
    "symbol": "SYK",
    "reportedCurrency": "USD",
    "cik": "0000310764",
    "fillingDate": "2014-07-24",
    "acceptedDate": "2014-07-24 09:28:10",
    "calendarYear": "2014",
    "period": "Q2",
    "revenue": 2363000000,
    "costOfRevenue": 808000000,
    "grossProfit": 1555000000,
    "grossProfitRatio": 0.6580617859,
    "researchAndDevelopmentExpenses": 158000000,
    "generalAndAdministrativeExpenses": 1148000000,
    "sellingAndMarketingExpenses": -110000000,
    "sellingGeneralAndAdministrativeExpenses": 1038000000,
    "otherExpenses": -30000000,
    "operatingExpenses": 1243000000,
    "costAndExpenses": 2051000000,
    "interestIncome": 0,
    "interestExpense": 0,
    "depreciationAndAmortization": 94000000,
    "ebitda": 607000000,
    "ebitdaratio": 0.2568768515,
    "operatingIncome": 307000000,
    "operatingIncomeRatio": 0.1299195937,
    "totalOtherIncomeExpensesNet": -30000000,
    "incomeBeforeTax": 277000000,
    "incomeBeforeTaxRatio": 0.117223868,
    "incomeTaxExpense": 62000000,
    "netIncome": 215000000,
    "netIncomeRatio": 0.0909860347,
    "eps": 0.57,
    "epsdiluted": 0.56,
    "weightedAverageShsOut": 378800000,
    "weightedAverageShsOutDil": 382700000,
    "link": "https://www.sec.gov/Archives/edgar/data/310764/000031076414000137/0000310764-14-000137-index.htm",
    "finalLink": "https://www.sec.gov/Archives/edgar/data/310764/000031076414000137/syk10q6302014.htm"
  },
  {
    "date": "2014-03-31",
    "symbol": "SYK",
    "reportedCurrency": "USD",
    "cik": "0000310764",
    "fillingDate": "2014-04-24",
    "acceptedDate": "2014-04-24 15:20:34",
    "calendarYear": "2014",
    "period": "Q1",
    "revenue": 2305000000,
    "costOfRevenue": 769000000,
    "grossProfit": 1536000000,
    "grossProfitRatio": 0.6663774403,
    "researchAndDevelopmentExpenses": 150000000,
    "generalAndAdministrativeExpenses": 1205000000,
    "sellingAndMarketingExpenses": 0,
    "sellingGeneralAndAdministrativeExpenses": 1205000000,
    "otherExpenses": -24000000,
    "operatingExpenses": 1400000000,
    "costAndExpenses": 2169000000,
    "interestIncome": 0,
    "interestExpense": 0,
    "depreciationAndAmortization": 91000000,
    "ebitda": 602000000,
    "ebitdaratio": 0.2611713666,
    "operatingIncome": 131000000,
    "operatingIncomeRatio": 0.0568329718,
    "totalOtherIncomeExpensesNet": -24000000,
    "incomeBeforeTax": 107000000,
    "incomeBeforeTaxRatio": 0.0464208243,
    "incomeTaxExpense": 37000000,
    "netIncome": 70000000,
    "netIncomeRatio": 0.0303687636,
    "eps": 0.19,
    "epsdiluted": 0.18,
    "weightedAverageShsOut": 378200000,
    "weightedAverageShsOutDil": 382600000,
    "link": "https://www.sec.gov/Archives/edgar/data/310764/000031076414000091/0000310764-14-000091-index.htm",
    "finalLink": "https://www.sec.gov/Archives/edgar/data/310764/000031076414000091/syk10q03312014q1.htm"
  },
  {
    "date": "2013-12-31",
    "symbol": "SYK",
    "reportedCurrency": "USD",
    "cik": "0000310764",
    "fillingDate": "2014-02-13",
    "acceptedDate": "2014-02-13 16:58:56",
    "calendarYear": "2013",
    "period": "Q4",
    "revenue": 2468000000,
    "costOfRevenue": 852000000,
    "grossProfit": 1616000000,
    "grossProfitRatio": 0.6547811994,
    "researchAndDevelopmentExpenses": 139000000,
    "generalAndAdministrativeExpenses": 999000000,
    "sellingAndMarketingExpenses": 0,
    "sellingGeneralAndAdministrativeExpenses": 999000000,
    "otherExpenses": 1000000,
    "operatingExpenses": 1174000000,
    "costAndExpenses": 2026000000,
    "interestIncome": 0,
    "interestExpense": 0,
    "depreciationAndAmortization": 82000000,
    "ebitda": 1200000000,
    "ebitdaratio": 0.4862236629,
    "operatingIncome": 430000000,
    "operatingIncomeRatio": 0.1742301459,
    "totalOtherIncomeExpensesNet": 1000000,
    "incomeBeforeTax": 431000000,
    "incomeBeforeTaxRatio": 0.1746353323,
    "incomeTaxExpense": 45000000,
    "netIncome": 386000000,
    "netIncomeRatio": 0.1564019449,
    "eps": 1.02,
    "epsdiluted": 1.01,
    "weightedAverageShsOut": 378400000,
    "weightedAverageShsOutDil": 382300000,
    "link": "https://www.sec.gov/Archives/edgar/data/310764/000031076414000021/0000310764-14-000021-index.htm",
    "finalLink": "https://www.sec.gov/Archives/edgar/data/310764/000031076414000021/syk10k12312013.htm"
  },
  {
    "date": "2013-09-30",
    "symbol": "SYK",
    "reportedCurrency": "USD",
    "cik": "0000310764",
    "fillingDate": "2013-10-23",
    "acceptedDate": "2013-10-23 15:59:26",
    "calendarYear": "2013",
    "period": "Q3",
    "revenue": 2151000000,
    "costOfRevenue": 682000000,
    "grossProfit": 1469000000,
    "grossProfitRatio": 0.6829381683,
    "researchAndDevelopmentExpenses": 136000000,
    "generalAndAdministrativeExpenses": 1136000000,
    "sellingAndMarketingExpenses": 0,
    "sellingGeneralAndAdministrativeExpenses": 1136000000,
    "otherExpenses": -13000000,
    "operatingExpenses": 1306000000,
    "costAndExpenses": 1988000000,
    "interestIncome": 0,
    "interestExpense": 0,
    "depreciationAndAmortization": 76000000,
    "ebitda": 255000000,
    "ebitdaratio": 0.1185495119,
    "operatingIncome": 150000000,
    "operatingIncomeRatio": 0.069735007,
    "totalOtherIncomeExpensesNet": -13000000,
    "incomeBeforeTax": 137000000,
    "incomeBeforeTaxRatio": 0.0636913064,
    "incomeTaxExpense": 34000000,
    "netIncome": 103000000,
    "netIncomeRatio": 0.0478847048,
    "eps": 0.27,
    "epsdiluted": 0.27,
    "weightedAverageShsOut": 378300000,
    "weightedAverageShsOutDil": 381700000,
    "link": "https://www.sec.gov/Archives/edgar/data/310764/000031076413000210/0000310764-13-000210-index.htm",
    "finalLink": "https://www.sec.gov/Archives/edgar/data/310764/000031076413000210/syk09302013q3.htm"
  },
  {
    "date": "2013-06-30",
    "symbol": "SYK",
    "reportedCurrency": "USD",
    "cik": "0000310764",
    "fillingDate": "2013-07-23",
    "acceptedDate": "2013-07-23 10:33:08",
    "calendarYear": "2013",
    "period": "Q2",
    "revenue": 2212000000,
    "costOfRevenue": 730000000,
    "grossProfit": 1482000000,
    "grossProfitRatio": 0.6699819168,
    "researchAndDevelopmentExpenses": 132000000,
    "generalAndAdministrativeExpenses": 1015000000,
    "sellingAndMarketingExpenses": 0,
    "sellingGeneralAndAdministrativeExpenses": 1015000000,
    "otherExpenses": -21000000,
    "operatingExpenses": 1183000000,
    "costAndExpenses": 1913000000,
    "interestIncome": 0,
    "interestExpense": 0,
    "depreciationAndAmortization": 79000000,
    "ebitda": 378000000,
    "ebitdaratio": 0.1708860759,
    "operatingIncome": 290000000,
    "operatingIncomeRatio": 0.1311030741,
    "totalOtherIncomeExpensesNet": -21000000,
    "incomeBeforeTax": 269000000,
    "incomeBeforeTaxRatio": 0.1216094033,
    "incomeTaxExpense": 56000000,
    "netIncome": 213000000,
    "netIncomeRatio": 0.0962929476,
    "eps": 0.56,
    "epsdiluted": 0.56,
    "weightedAverageShsOut": 378000000,
    "weightedAverageShsOutDil": 381000000,
    "link": "https://www.sec.gov/Archives/edgar/data/310764/000031076413000158/0000310764-13-000158-index.htm",
    "finalLink": "https://www.sec.gov/Archives/edgar/data/310764/000031076413000158/syk06302013q2.htm"
  },
  {
    "date": "2013-03-31",
    "symbol": "SYK",
    "reportedCurrency": "USD",
    "cik": "0000310764",
    "fillingDate": "2013-04-30",
    "acceptedDate": "2013-04-30 10:25:15",
    "calendarYear": "2013",
    "period": "Q1",
    "revenue": 2190000000,
    "costOfRevenue": 713000000,
    "grossProfit": 1477000000,
    "grossProfitRatio": 0.6744292237,
    "researchAndDevelopmentExpenses": 129000000,
    "generalAndAdministrativeExpenses": 916000000,
    "sellingAndMarketingExpenses": 0,
    "sellingGeneralAndAdministrativeExpenses": 916000000,
    "otherExpenses": -11000000,
    "operatingExpenses": 1077000000,
    "costAndExpenses": 1790000000,
    "interestIncome": 0,
    "interestExpense": 0,
    "depreciationAndAmortization": 70000000,
    "ebitda": 470000000,
    "ebitdaratio": 0.2146118721,
    "operatingIncome": 386000000,
    "operatingIncomeRatio": 0.1762557078,
    "totalOtherIncomeExpensesNet": -11000000,
    "incomeBeforeTax": 375000000,
    "incomeBeforeTaxRatio": 0.1712328767,
    "incomeTaxExpense": 71000000,
    "netIncome": 304000000,
    "netIncomeRatio": 0.1388127854,
    "eps": 0.8,
    "epsdiluted": 0.79,
    "weightedAverageShsOut": 379700000,
    "weightedAverageShsOutDil": 383000000,
    "link": "https://www.sec.gov/Archives/edgar/data/310764/000031076413000110/0000310764-13-000110-index.htm",
    "finalLink": "https://www.sec.gov/Archives/edgar/data/310764/000031076413000110/syk03312013q1.htm"
  },
  {
    "date": "2012-12-31",
    "symbol": "SYK",
    "reportedCurrency": "USD",
    "cik": "0000310764",
    "fillingDate": "2013-02-27",
    "acceptedDate": "2013-02-27 17:24:58",
    "calendarYear": "2012",
    "period": "Q4",
    "revenue": 2337000000,
    "costOfRevenue": 744000000,
    "grossProfit": 1593000000,
    "grossProfitRatio": 0.6816431322,
    "researchAndDevelopmentExpenses": 129000000,
    "generalAndAdministrativeExpenses": 1033000000,
    "sellingAndMarketingExpenses": 0,
    "sellingGeneralAndAdministrativeExpenses": 1033000000,
    "otherExpenses": -12000000,
    "operatingExpenses": 1193000000,
    "costAndExpenses": 1937000000,
    "interestIncome": 0,
    "interestExpense": 0,
    "depreciationAndAmortization": 122000000,
    "ebitda": 439000000,
    "ebitdaratio": 0.187847668,
    "operatingIncome": 370000000,
    "operatingIncomeRatio": 0.1583226359,
    "totalOtherIncomeExpensesNet": -12000000,
    "incomeBeforeTax": 358000000,
    "incomeBeforeTaxRatio": 0.1531878477,
    "incomeTaxExpense": 88000000,
    "netIncome": 270000000,
    "netIncomeRatio": 0.1155327343,
    "eps": 0.71,
    "epsdiluted": 0.71,
    "weightedAverageShsOut": 380300000,
    "weightedAverageShsOutDil": 382700000,
    "link": "https://www.sec.gov/Archives/edgar/data/310764/000031076413000054/0000310764-13-000054-index.htm",
    "finalLink": "https://www.sec.gov/Archives/edgar/data/310764/000031076413000054/syk10k12312012.htm"
  },
  {
    "date": "2012-09-30",
    "symbol": "SYK",
    "reportedCurrency": "USD",
    "cik": "0000310764",
    "fillingDate": "2012-10-22",
    "acceptedDate": "2012-10-22 17:10:52",
    "calendarYear": "2012",
    "period": "Q3",
    "revenue": 2052000000,
    "costOfRevenue": 655000000,
    "grossProfit": 1397000000,
    "grossProfitRatio": 0.6807992203,
    "researchAndDevelopmentExpenses": 114000000,
    "generalAndAdministrativeExpenses": 791000000,
    "sellingAndMarketingExpenses": 0,
    "sellingGeneralAndAdministrativeExpenses": 791000000,
    "otherExpenses": 30000000,
    "operatingExpenses": 935000000,
    "costAndExpenses": 1590000000,
    "interestIncome": 12000000,
    "interestExpense": 18000000,
    "depreciationAndAmortization": 120000000,
    "ebitda": 530000000,
    "ebitdaratio": 0.2582846004,
    "operatingIncome": 450000000,
    "operatingIncomeRatio": 0.2192982456,
    "totalOtherIncomeExpensesNet": -6000000,
    "incomeBeforeTax": 444000000,
    "incomeBeforeTaxRatio": 0.216374269,
    "incomeTaxExpense": 91000000,
    "netIncome": 353000000,
    "netIncomeRatio": 0.1720272904,
    "eps": 0.93,
    "epsdiluted": 0.92,
    "weightedAverageShsOut": 380200000,
    "weightedAverageShsOutDil": 382500000,
    "link": "https://www.sec.gov/Archives/edgar/data/310764/000031076412000240/0000310764-12-000240-index.htm",
    "finalLink": "https://www.sec.gov/Archives/edgar/data/310764/000031076412000240/syk09302012q3.htm"
  },
  {
    "date": "2012-06-30",
    "symbol": "SYK",
    "reportedCurrency": "USD",
    "cik": "0000310764",
    "fillingDate": "2012-07-24",
    "acceptedDate": "2012-07-24 15:17:51",
    "calendarYear": "2012",
    "period": "Q2",
    "revenue": 2106000000,
    "costOfRevenue": 672000000,
    "grossProfit": 1434000000,
    "grossProfitRatio": 0.6809116809,
    "researchAndDevelopmentExpenses": 116000000,
    "generalAndAdministrativeExpenses": 823000000,
    "sellingAndMarketingExpenses": 0,
    "sellingGeneralAndAdministrativeExpenses": 823000000,
    "otherExpenses": 31000000,
    "operatingExpenses": 970000000,
    "costAndExpenses": 1642000000,
    "interestIncome": 0,
    "interestExpense": 0,
    "depreciationAndAmortization": 121000000,
    "ebitda": 533000000,
    "ebitdaratio": 0.2530864198,
    "operatingIncome": 445000000,
    "operatingIncomeRatio": 0.2113010446,
    "totalOtherIncomeExpensesNet": -10000000,
    "incomeBeforeTax": 435000000,
    "incomeBeforeTaxRatio": 0.2065527066,
    "incomeTaxExpense": 110000000,
    "netIncome": 325000000,
    "netIncomeRatio": 0.1543209877,
    "eps": 0.85,
    "epsdiluted": 0.85,
    "weightedAverageShsOut": 381000000,
    "weightedAverageShsOutDil": 383300000,
    "link": "https://www.sec.gov/Archives/edgar/data/310764/000031076412000178/0000310764-12-000178-index.htm",
    "finalLink": "https://www.sec.gov/Archives/edgar/data/310764/000031076412000178/d10q.htm"
  },
  {
    "date": "2012-03-31",
    "symbol": "SYK",
    "reportedCurrency": "USD",
    "cik": "0000310764",
    "fillingDate": "2012-04-24",
    "acceptedDate": "2012-04-24 13:30:46",
    "calendarYear": "2012",
    "period": "Q1",
    "revenue": 2161000000,
    "costOfRevenue": 709000000,
    "grossProfit": 1452000000,
    "grossProfitRatio": 0.6719111522,
    "researchAndDevelopmentExpenses": 112000000,
    "generalAndAdministrativeExpenses": 819000000,
    "sellingAndMarketingExpenses": 0,
    "sellingGeneralAndAdministrativeExpenses": 819000000,
    "otherExpenses": 31000000,
    "operatingExpenses": 962000000,
    "costAndExpenses": 1671000000,
    "interestIncome": 0,
    "interestExpense": 0,
    "depreciationAndAmortization": 123000000,
    "ebitda": 560000000,
    "ebitdaratio": 0.2591392874,
    "operatingIncome": 476000000,
    "operatingIncomeRatio": 0.2202683943,
    "totalOtherIncomeExpensesNet": -8000000,
    "incomeBeforeTax": 468000000,
    "incomeBeforeTaxRatio": 0.2165664044,
    "incomeTaxExpense": 118000000,
    "netIncome": 350000000,
    "netIncomeRatio": 0.1619620546,
    "eps": 0.92,
    "epsdiluted": 0.91,
    "weightedAverageShsOut": 381000000,
    "weightedAverageShsOutDil": 383800000,
    "link": "https://www.sec.gov/Archives/edgar/data/310764/000031076412000129/0000310764-12-000129-index.htm",
    "finalLink": "https://www.sec.gov/Archives/edgar/data/310764/000031076412000129/d10q.htm"
  },
  {
    "date": "2011-12-31",
    "symbol": "SYK",
    "reportedCurrency": "USD",
    "cik": "0000310764",
    "fillingDate": "2012-02-13",
    "acceptedDate": "2012-02-13 16:25:27",
    "calendarYear": "2011",
    "period": "Q4",
    "revenue": 2215000000,
    "costOfRevenue": 740000000,
    "grossProfit": 1475000000,
    "grossProfitRatio": 0.6659142212,
    "researchAndDevelopmentExpenses": 115000000,
    "generalAndAdministrativeExpenses": 834000000,
    "sellingAndMarketingExpenses": 0,
    "sellingGeneralAndAdministrativeExpenses": 834000000,
    "otherExpenses": 32000000,
    "operatingExpenses": 981000000,
    "costAndExpenses": 1721000000,
    "interestIncome": 0,
    "interestExpense": 0,
    "depreciationAndAmortization": 122000000,
    "ebitda": 574000000,
    "ebitdaratio": 0.2591422122,
    "operatingIncome": 418000000,
    "operatingIncomeRatio": 0.1887133183,
    "totalOtherIncomeExpensesNet": 14800000,
    "incomeBeforeTax": 433000000,
    "incomeBeforeTaxRatio": 0.1954853273,
    "incomeTaxExpense": 32000000,
    "netIncome": 401000000,
    "netIncomeRatio": 0.1810383747,
    "eps": 1.05,
    "epsdiluted": 1.04,
    "weightedAverageShsOut": 381000000,
    "weightedAverageShsOutDil": 383800000,
    "link": "https://www.sec.gov/Archives/edgar/data/310764/000031076412000031/0000310764-12-000031-index.htm",
    "finalLink": "https://www.sec.gov/Archives/edgar/data/310764/000031076412000031/d10-k.htm"
  },
  {
    "date": "2011-09-30",
    "symbol": "SYK",
    "reportedCurrency": "USD",
    "cik": "0000310764",
    "fillingDate": "2011-10-28",
    "acceptedDate": "2011-10-28 09:37:54",
    "calendarYear": "2011",
    "period": "Q3",
    "revenue": 2031000000,
    "costOfRevenue": 669000000,
    "grossProfit": 1362000000,
    "grossProfitRatio": 0.670605613,
    "researchAndDevelopmentExpenses": 122000000,
    "generalAndAdministrativeExpenses": 765000000,
    "sellingAndMarketingExpenses": 0,
    "sellingGeneralAndAdministrativeExpenses": 765000000,
    "otherExpenses": 31000000,
    "operatingExpenses": 918000000,
    "costAndExpenses": 1587000000,
    "interestIncome": 9000000,
    "interestExpense": 22000000,
    "depreciationAndAmortization": 123400000,
    "ebitda": 577000000,
    "ebitdaratio": 0.2840965042,
    "operatingIncome": 444000000,
    "operatingIncomeRatio": 0.2186115214,
    "totalOtherIncomeExpensesNet": -13000000,
    "incomeBeforeTax": 431000000,
    "incomeBeforeTaxRatio": 0.2122107336,
    "incomeTaxExpense": 104000000,
    "netIncome": 327000000,
    "netIncomeRatio": 0.1610044313,
    "eps": 0.85,
    "epsdiluted": 0.84,
    "weightedAverageShsOut": 386000000,
    "weightedAverageShsOutDil": 388000000,
    "link": "https://www.sec.gov/Archives/edgar/data/310764/000031076411000151/0000310764-11-000151-index.htm",
    "finalLink": "https://www.sec.gov/Archives/edgar/data/310764/000031076411000151/d10q.htm"
  },
  {
    "date": "2011-06-30",
    "symbol": "SYK",
    "reportedCurrency": "USD",
    "cik": "0000310764",
    "fillingDate": "2011-07-28",
    "acceptedDate": "2011-07-28 09:14:12",
    "calendarYear": "2011",
    "period": "Q2",
    "revenue": 2045500000,
    "costOfRevenue": 712800000,
    "grossProfit": 1332700000,
    "grossProfitRatio": 0.6515277438,
    "researchAndDevelopmentExpenses": 114500000,
    "generalAndAdministrativeExpenses": 785800000,
    "sellingAndMarketingExpenses": 0,
    "sellingGeneralAndAdministrativeExpenses": 785800000,
    "otherExpenses": 32100000,
    "operatingExpenses": 932400000,
    "costAndExpenses": 1645200000,
    "interestIncome": 0,
    "interestExpense": 0,
    "depreciationAndAmortization": 120700000,
    "ebitda": 521000000,
    "ebitdaratio": 0.254705451,
    "operatingIncome": 400300000,
    "operatingIncomeRatio": 0.1956978734,
    "totalOtherIncomeExpensesNet": 9700000,
    "incomeBeforeTax": 410000000,
    "incomeBeforeTaxRatio": 0.2004399902,
    "incomeTaxExpense": 100900000,
    "netIncome": 310000000,
    "netIncomeRatio": 0.1515521877,
    "eps": 0.8,
    "epsdiluted": 0.79,
    "weightedAverageShsOut": 388200000,
    "weightedAverageShsOutDil": 392000000,
    "link": "https://www.sec.gov/Archives/edgar/data/310764/000119312511200017/0001193125-11-200017-index.htm",
    "finalLink": "https://www.sec.gov/Archives/edgar/data/310764/000119312511200017/d10q.htm"
  },
  {
    "date": "2011-03-31",
    "symbol": "SYK",
    "reportedCurrency": "USD",
    "cik": "0000310764",
    "fillingDate": "2011-05-04",
    "acceptedDate": "2011-05-04 09:40:00",
    "calendarYear": "2011",
    "period": "Q1",
    "revenue": 2015200000,
    "costOfRevenue": 688900000,
    "grossProfit": 1326300000,
    "grossProfitRatio": 0.6581480746,
    "researchAndDevelopmentExpenses": 110900000,
    "generalAndAdministrativeExpenses": 765200000,
    "sellingAndMarketingExpenses": 0,
    "sellingGeneralAndAdministrativeExpenses": 765200000,
    "otherExpenses": 26700000,
    "operatingExpenses": 902800000,
    "costAndExpenses": 1591700000,
    "interestIncome": 6600000,
    "interestExpense": 17000000,
    "depreciationAndAmortization": 114900000,
    "ebitda": 526000000,
    "ebitdaratio": 0.2610162763,
    "operatingIncome": 423500000,
    "operatingIncomeRatio": 0.2101528384,
    "totalOtherIncomeExpensesNet": -11700000,
    "incomeBeforeTax": 411800000,
    "incomeBeforeTaxRatio": 0.2043469631,
    "incomeTaxExpense": 104400000,
    "netIncome": 307000000,
    "netIncomeRatio": 0.1523421993,
    "eps": 0.79,
    "epsdiluted": 0.78,
    "weightedAverageShsOut": 390000000,
    "weightedAverageShsOutDil": 394200000,
    "link": "https://www.sec.gov/Archives/edgar/data/310764/000119312511125202/0001193125-11-125202-index.htm",
    "finalLink": "https://www.sec.gov/Archives/edgar/data/310764/000119312511125202/d10q.htm"
  },
  {
    "date": "2010-12-31",
    "symbol": "SYK",
    "reportedCurrency": "USD",
    "cik": "0000310764",
    "fillingDate": "2011-02-18",
    "acceptedDate": "2011-02-18 09:54:01",
    "calendarYear": "2010",
    "period": "Q4",
    "revenue": 1995100000,
    "costOfRevenue": 624200000,
    "grossProfit": 1370900000,
    "grossProfitRatio": 0.687133477,
    "researchAndDevelopmentExpenses": 110700000,
    "generalAndAdministrativeExpenses": 734400000,
    "sellingAndMarketingExpenses": 0,
    "sellingGeneralAndAdministrativeExpenses": 734400000,
    "otherExpenses": 15900000,
    "operatingExpenses": 861000000,
    "costAndExpenses": 1485200000,
    "interestIncome": 0,
    "interestExpense": 0,
    "depreciationAndAmortization": 111300000,
    "ebitda": 621200000,
    "ebitdaratio": 0.311362839,
    "operatingIncome": 386400000,
    "operatingIncomeRatio": 0.1936745025,
    "totalOtherIncomeExpensesNet": -7100000,
    "incomeBeforeTax": 379300000,
    "incomeBeforeTaxRatio": 0.1901157837,
    "incomeTaxExpense": 84300000,
    "netIncome": 295000000,
    "netIncomeRatio": 0.1478622625,
    "eps": 0.76,
    "epsdiluted": 0.75,
    "weightedAverageShsOut": 390000000,
    "weightedAverageShsOutDil": 394200000,
    "link": "https://www.sec.gov/Archives/edgar/data/310764/000119312511039845/0001193125-11-039845-index.htm",
    "finalLink": "https://www.sec.gov/Archives/edgar/data/310764/000119312511039845/d10k.htm"
  },
  {
    "date": "2010-09-30",
    "symbol": "SYK",
    "reportedCurrency": "USD",
    "cik": "0000310764",
    "fillingDate": "2010-11-04",
    "acceptedDate": "2010-11-04 15:42:51",
    "calendarYear": "2010",
    "period": "Q3",
    "revenue": 1767600000,
    "costOfRevenue": 540800000,
    "grossProfit": 1226800000,
    "grossProfitRatio": 0.6940484272,
    "researchAndDevelopmentExpenses": 98600000,
    "generalAndAdministrativeExpenses": 643300000,
    "sellingAndMarketingExpenses": 0,
    "sellingGeneralAndAdministrativeExpenses": 643300000,
    "otherExpenses": 14400000,
    "operatingExpenses": 756300000,
    "costAndExpenses": 1297100000,
    "interestIncome": 0,
    "interestExpense": 0,
    "depreciationAndAmortization": 101100000,
    "ebitda": 572200000,
    "ebitdaratio": 0.3237157728,
    "operatingIncome": 470500000,
    "operatingIncomeRatio": 0.2661801313,
    "totalOtherIncomeExpensesNet": -8600000,
    "incomeBeforeTax": 461900000,
    "incomeBeforeTaxRatio": 0.2613147771,
    "incomeTaxExpense": 124200000,
    "netIncome": 337000000,
    "netIncomeRatio": 0.1906539941,
    "eps": 0.85,
    "epsdiluted": 0.85,
    "weightedAverageShsOut": 397000000,
    "weightedAverageShsOutDil": 398100000,
    "link": "https://www.sec.gov/Archives/edgar/data/310764/000119312510248001/0001193125-10-248001-index.htm",
    "finalLink": "https://www.sec.gov/Archives/edgar/data/310764/000119312510248001/d10q.htm"
  },
  {
    "date": "2010-06-30",
    "symbol": "SYK",
    "reportedCurrency": "USD",
    "cik": "0000310764",
    "fillingDate": "2010-08-09",
    "acceptedDate": "2010-08-09 10:35:14",
    "calendarYear": "2010",
    "period": "Q2",
    "revenue": 1758200000,
    "costOfRevenue": 539300000,
    "grossProfit": 1218900000,
    "grossProfitRatio": 0.6932658401,
    "researchAndDevelopmentExpenses": 94600000,
    "generalAndAdministrativeExpenses": 661800000,
    "sellingAndMarketingExpenses": 0,
    "sellingGeneralAndAdministrativeExpenses": 661800000,
    "otherExpenses": 14400000,
    "operatingExpenses": 770800000,
    "costAndExpenses": 1310100000,
    "interestIncome": 0,
    "interestExpense": 0,
    "depreciationAndAmortization": 98600000,
    "ebitda": 448100000,
    "ebitdaratio": 0.254862928,
    "operatingIncome": 448100000,
    "operatingIncomeRatio": 0.254862928,
    "totalOtherIncomeExpensesNet": -5500000,
    "incomeBeforeTax": 442600000,
    "incomeBeforeTaxRatio": 0.2517347287,
    "incomeTaxExpense": 123600000,
    "netIncome": 319000000,
    "netIncomeRatio": 0.1814355591,
    "eps": 0.8,
    "epsdiluted": 0.8,
    "weightedAverageShsOut": 396900000,
    "weightedAverageShsOutDil": 399200000,
    "link": "https://www.sec.gov/Archives/edgar/data/310764/000119312510182697/0001193125-10-182697-index.htm",
    "finalLink": "https://www.sec.gov/Archives/edgar/data/310764/000119312510182697/d10q.htm"
  },
  {
    "date": "2010-03-31",
    "symbol": "SYK",
    "reportedCurrency": "USD",
    "cik": "0000310764",
    "fillingDate": "2010-04-29",
    "acceptedDate": "2010-04-29 09:20:58",
    "calendarYear": "2010",
    "period": "Q1",
    "revenue": 1799100000,
    "costOfRevenue": 581400000,
    "grossProfit": 1217700000,
    "grossProfitRatio": 0.6768384192,
    "researchAndDevelopmentExpenses": 90000000,
    "generalAndAdministrativeExpenses": 667800000,
    "sellingAndMarketingExpenses": 0,
    "sellingGeneralAndAdministrativeExpenses": 667800000,
    "otherExpenses": 13500000,
    "operatingExpenses": 771300000,
    "costAndExpenses": 1352700000,
    "interestIncome": 13100000,
    "interestExpense": 15100000,
    "depreciationAndAmortization": 99200000,
    "ebitda": 560100000,
    "ebitdaratio": 0.3113223278,
    "operatingIncome": 446400000,
    "operatingIncomeRatio": 0.248124062,
    "totalOtherIncomeExpensesNet": -600000,
    "incomeBeforeTax": 445800000,
    "incomeBeforeTaxRatio": 0.2477905619,
    "incomeTaxExpense": 124100000,
    "netIncome": 321700000,
    "netIncomeRatio": 0.178811628,
    "eps": 0.81,
    "epsdiluted": 0.8,
    "weightedAverageShsOut": 397200000,
    "weightedAverageShsOutDil": 400100000,
    "link": "https://www.sec.gov/Archives/edgar/data/310764/000119312510098095/0001193125-10-098095-index.htm",
    "finalLink": "https://www.sec.gov/Archives/edgar/data/310764/000119312510098095/d10q.htm"
  },
  {
    "date": "2009-12-31",
    "symbol": "SYK",
    "reportedCurrency": "USD",
    "cik": "0000310764",
    "fillingDate": "2010-02-26",
    "acceptedDate": "2010-02-26 16:32:59",
    "calendarYear": "2009",
    "period": "Q4",
    "revenue": 1834200000,
    "costOfRevenue": 593200000,
    "grossProfit": 1241000000,
    "grossProfitRatio": 0.6765892487,
    "researchAndDevelopmentExpenses": 89500000,
    "generalAndAdministrativeExpenses": 628700000,
    "sellingAndMarketingExpenses": 0,
    "sellingGeneralAndAdministrativeExpenses": 628700000,
    "otherExpenses": 8800000,
    "operatingExpenses": 727000000,
    "costAndExpenses": 1320200000,
    "interestIncome": 0,
    "interestExpense": 0,
    "depreciationAndAmortization": 104800000,
    "ebitda": 618800000,
    "ebitdaratio": 0.3373677898,
    "operatingIncome": 514000000,
    "operatingIncomeRatio": 0.2802311635,
    "totalOtherIncomeExpensesNet": 9100000,
    "incomeBeforeTax": 523100000,
    "incomeBeforeTaxRatio": 0.2851924545,
    "incomeTaxExpense": 217100000,
    "netIncome": 306000000,
    "netIncomeRatio": 0.1668302257,
    "eps": 0.77,
    "epsdiluted": 0.76,
    "weightedAverageShsOut": 397200000,
    "weightedAverageShsOutDil": 400100000,
    "link": "https://www.sec.gov/Archives/edgar/data/310764/000119312510042997/0001193125-10-042997-index.htm",
    "finalLink": "https://www.sec.gov/Archives/edgar/data/310764/000119312510042997/d10k.htm"
  },
  {
    "date": "2009-09-30",
    "symbol": "SYK",
    "reportedCurrency": "USD",
    "cik": "0000310764",
    "fillingDate": "2009-11-09",
    "acceptedDate": "2009-11-09 14:36:46",
    "calendarYear": "2009",
    "period": "Q3",
    "revenue": 1653300000,
    "costOfRevenue": 538700000,
    "grossProfit": 1114600000,
    "grossProfitRatio": 0.6741668179,
    "researchAndDevelopmentExpenses": 83700000,
    "generalAndAdministrativeExpenses": 643900000,
    "sellingAndMarketingExpenses": 0,
    "sellingGeneralAndAdministrativeExpenses": 643900000,
    "otherExpenses": 8600000,
    "operatingExpenses": 736200000,
    "costAndExpenses": 1274900000,
    "interestIncome": 0,
    "interestExpense": 0,
    "depreciationAndAmortization": 96600000,
    "ebitda": 475000000,
    "ebitdaratio": 0.2873041795,
    "operatingIncome": 311400000,
    "operatingIncomeRatio": 0.1883505716,
    "totalOtherIncomeExpensesNet": 3000000,
    "incomeBeforeTax": 314400000,
    "incomeBeforeTaxRatio": 0.1901651243,
    "incomeTaxExpense": 85400000,
    "netIncome": 229000000,
    "netIncomeRatio": 0.1385108571,
    "eps": 0.58,
    "epsdiluted": 0.57,
    "weightedAverageShsOut": 397600000,
    "weightedAverageShsOutDil": 399600000,
    "link": "https://www.sec.gov/Archives/edgar/data/310764/000119312509229142/0001193125-09-229142-index.htm",
    "finalLink": "https://www.sec.gov/Archives/edgar/data/310764/000119312509229142/d10q.htm"
  },
  {
    "date": "2009-06-30",
    "symbol": "SYK",
    "reportedCurrency": "USD",
    "cik": "0000310764",
    "fillingDate": "2009-08-07",
    "acceptedDate": "2009-08-07 15:14:20",
    "calendarYear": "2009",
    "period": "Q2",
    "revenue": 1634300000,
    "costOfRevenue": 536300000,
    "grossProfit": 1098000000,
    "grossProfitRatio": 0.6718472741,
    "researchAndDevelopmentExpenses": 82600000,
    "generalAndAdministrativeExpenses": 617100000,
    "sellingAndMarketingExpenses": 0,
    "sellingGeneralAndAdministrativeExpenses": 617100000,
    "otherExpenses": 8500000,
    "operatingExpenses": 708200000,
    "costAndExpenses": 1244500000,
    "interestIncome": 0,
    "interestExpense": 0,
    "depreciationAndAmortization": 92200000,
    "ebitda": 389800000,
    "ebitdaratio": 0.2385119011,
    "operatingIncome": 389800000,
    "operatingIncomeRatio": 0.2385119011,
    "totalOtherIncomeExpensesNet": 10200000,
    "incomeBeforeTax": 400000000,
    "incomeBeforeTaxRatio": 0.2447531053,
    "incomeTaxExpense": 108700000,
    "netIncome": 291300000,
    "netIncomeRatio": 0.1782414489,
    "eps": 0.73,
    "epsdiluted": 0.73,
    "weightedAverageShsOut": 397400000,
    "weightedAverageShsOutDil": 399000000,
    "link": "https://www.sec.gov/Archives/edgar/data/310764/000031076409000073/0000310764-09-000073-index.htm",
    "finalLink": "https://www.sec.gov/Archives/edgar/data/310764/000031076409000073/syk10q209.htm"
  },
  {
    "date": "2009-03-31",
    "symbol": "SYK",
    "reportedCurrency": "USD",
    "cik": "0000310764",
    "fillingDate": "2009-05-04",
    "acceptedDate": "2009-05-04 15:51:51",
    "calendarYear": "2009",
    "period": "Q1",
    "revenue": 1601300000,
    "costOfRevenue": 515500000,
    "grossProfit": 1085800000,
    "grossProfitRatio": 0.6780740648,
    "researchAndDevelopmentExpenses": 80400000,
    "generalAndAdministrativeExpenses": 616600000,
    "sellingAndMarketingExpenses": 0,
    "sellingGeneralAndAdministrativeExpenses": 616600000,
    "otherExpenses": 9600000,
    "operatingExpenses": 706600000,
    "costAndExpenses": 1222100000,
    "interestIncome": 0,
    "interestExpense": 0,
    "depreciationAndAmortization": 91700000,
    "ebitda": 379200000,
    "ebitdaratio": 0.2368075938,
    "operatingIncome": 379200000,
    "operatingIncomeRatio": 0.2368075938,
    "totalOtherIncomeExpensesNet": 7200000,
    "incomeBeforeTax": 386400000,
    "incomeBeforeTaxRatio": 0.2413039405,
    "incomeTaxExpense": 105300000,
    "netIncome": 281100000,
    "netIncomeRatio": 0.1755448698,
    "eps": 0.71,
    "epsdiluted": 0.71,
    "weightedAverageShsOut": 396700000,
    "weightedAverageShsOutDil": 398600000,
    "link": "https://www.sec.gov/Archives/edgar/data/310764/000031076409000049/0000310764-09-000049-index.htm",
    "finalLink": "https://www.sec.gov/Archives/edgar/data/310764/000031076409000049/syk10q109.htm"
  },
  {
    "date": "2008-12-31",
    "symbol": "SYK",
    "reportedCurrency": "USD",
    "cik": "0000310764",
    "fillingDate": "2009-02-20",
    "acceptedDate": "2009-02-20 17:03:01",
    "calendarYear": "2008",
    "period": "Q4",
    "revenue": 1718200000,
    "costOfRevenue": 556000000,
    "grossProfit": 1162200000,
    "grossProfitRatio": 0.6764055407,
    "researchAndDevelopmentExpenses": 99800000,
    "generalAndAdministrativeExpenses": 647600000,
    "sellingAndMarketingExpenses": 0,
    "sellingGeneralAndAdministrativeExpenses": 647600000,
    "otherExpenses": 9600000,
    "operatingExpenses": 757000000,
    "costAndExpenses": 1313000000,
    "interestIncome": 0,
    "interestExpense": 0,
    "depreciationAndAmortization": 93100000,
    "ebitda": 577200000,
    "ebitdaratio": 0.3359329531,
    "operatingIncome": 370300000,
    "operatingIncomeRatio": 0.2155162379,
    "totalOtherIncomeExpensesNet": 9800000,
    "incomeBeforeTax": 380100000,
    "incomeBeforeTaxRatio": 0.2212198813,
    "incomeTaxExpense": 102400000,
    "netIncome": 277700000,
    "netIncomeRatio": 0.1616226283,
    "eps": 0.7,
    "epsdiluted": 0.7,
    "weightedAverageShsOut": 396700000,
    "weightedAverageShsOutDil": 398600000,
    "link": "https://www.sec.gov/Archives/edgar/data/310764/000031076409000035/0000310764-09-000035-index.htm",
    "finalLink": "https://www.sec.gov/Archives/edgar/data/310764/000031076409000035/syk10k08.htm"
  },
  {
    "date": "2008-09-30",
    "symbol": "SYK",
    "reportedCurrency": "USD",
    "cik": "0000310764",
    "fillingDate": "2008-11-03",
    "acceptedDate": "2008-11-03 17:19:06",
    "calendarYear": "2008",
    "period": "Q3",
    "revenue": 1653000000,
    "costOfRevenue": 541700000,
    "grossProfit": 1111300000,
    "grossProfitRatio": 0.672292801,
    "researchAndDevelopmentExpenses": 92600000,
    "generalAndAdministrativeExpenses": 644800000,
    "sellingAndMarketingExpenses": 0,
    "sellingGeneralAndAdministrativeExpenses": 644800000,
    "otherExpenses": 9800000,
    "operatingExpenses": 747200000,
    "costAndExpenses": 1288900000,
    "interestIncome": 0,
    "interestExpense": 0,
    "depreciationAndAmortization": 97600000,
    "ebitda": 364100000,
    "ebitdaratio": 0.2202661827,
    "operatingIncome": 364100000,
    "operatingIncomeRatio": 0.2202661827,
    "totalOtherIncomeExpensesNet": 11900000,
    "incomeBeforeTax": 376000000,
    "incomeBeforeTaxRatio": 0.2274652148,
    "incomeTaxExpense": 102200000,
    "netIncome": 273800000,
    "netIncomeRatio": 0.1656382335,
    "eps": 0.67,
    "epsdiluted": 0.66,
    "weightedAverageShsOut": 409700000,
    "weightedAverageShsOutDil": 415800000,
    "link": "https://www.sec.gov/Archives/edgar/data/310764/000031076408000099/0000310764-08-000099-index.htm",
    "finalLink": "https://www.sec.gov/Archives/edgar/data/310764/000031076408000099/syk10q308.htm"
  },
  {
    "date": "2008-06-30",
    "symbol": "SYK",
    "reportedCurrency": "USD",
    "cik": "0000310764",
    "fillingDate": "2008-08-07",
    "acceptedDate": "2008-08-07 15:56:53",
    "calendarYear": "2008",
    "period": "Q2",
    "revenue": 1712600000,
    "costOfRevenue": 533200000,
    "grossProfit": 1179400000,
    "grossProfitRatio": 0.6886605162,
    "researchAndDevelopmentExpenses": 90300000,
    "generalAndAdministrativeExpenses": 678200000,
    "sellingAndMarketingExpenses": 0,
    "sellingGeneralAndAdministrativeExpenses": 678200000,
    "otherExpenses": 10000000,
    "operatingExpenses": 778500000,
    "costAndExpenses": 1311700000,
    "interestIncome": 0,
    "interestExpense": 0,
    "depreciationAndAmortization": 98700000,
    "ebitda": 400900000,
    "ebitdaratio": 0.2340885204,
    "operatingIncome": 400900000,
    "operatingIncomeRatio": 0.2340885204,
    "totalOtherIncomeExpensesNet": 19200000,
    "incomeBeforeTax": 420100000,
    "incomeBeforeTaxRatio": 0.2452995446,
    "incomeTaxExpense": 114300000,
    "netIncome": 305800000,
    "netIncomeRatio": 0.1785589163,
    "eps": 0.74,
    "epsdiluted": 0.73,
    "weightedAverageShsOut": 412000000,
    "weightedAverageShsOutDil": 417900000,
    "link": "https://www.sec.gov/Archives/edgar/data/310764/000031076408000072/0000310764-08-000072-index.htm",
    "finalLink": "https://www.sec.gov/Archives/edgar/data/310764/000031076408000072/syk10q208.htm"
  },
  {
    "date": "2008-03-31",
    "symbol": "SYK",
    "reportedCurrency": "USD",
    "cik": "0000310764",
    "fillingDate": "2008-05-05",
    "acceptedDate": "2008-05-05 16:13:41",
    "calendarYear": "2008",
    "period": "Q1",
    "revenue": 1634400000,
    "costOfRevenue": 500500000,
    "grossProfit": 1133900000,
    "grossProfitRatio": 0.6937714146,
    "researchAndDevelopmentExpenses": 85100000,
    "generalAndAdministrativeExpenses": 654500000,
    "sellingAndMarketingExpenses": 0,
    "sellingGeneralAndAdministrativeExpenses": 654500000,
    "otherExpenses": 10600000,
    "operatingExpenses": 750200000,
    "costAndExpenses": 1250700000,
    "interestIncome": 0,
    "interestExpense": 0,
    "depreciationAndAmortization": 98200000,
    "ebitda": 383700000,
    "ebitdaratio": 0.2347650514,
    "operatingIncome": 383700000,
    "operatingIncomeRatio": 0.2347650514,
    "totalOtherIncomeExpensesNet": 20300000,
    "incomeBeforeTax": 404000000,
    "incomeBeforeTaxRatio": 0.2471855115,
    "incomeTaxExpense": 113500000,
    "netIncome": 290500000,
    "netIncomeRatio": 0.1777410671,
    "eps": 0.71,
    "epsdiluted": 0.7,
    "weightedAverageShsOut": 411400000,
    "weightedAverageShsOutDil": 417900000,
    "link": "https://www.sec.gov/Archives/edgar/data/310764/000031076408000058/0000310764-08-000058-index.htm",
    "finalLink": "https://www.sec.gov/Archives/edgar/data/310764/000031076408000058/syk10q108.htm"
  },
  {
    "date": "2007-12-31",
    "symbol": "SYK",
    "reportedCurrency": "USD",
    "cik": "0000310764",
    "fillingDate": "2008-03-03",
    "acceptedDate": "2008-03-03 15:41:10",
    "calendarYear": "2007",
    "period": "Q4",
    "revenue": 1658100000,
    "costOfRevenue": 524500000,
    "grossProfit": 1133600000,
    "grossProfitRatio": 0.6836740848,
    "researchAndDevelopmentExpenses": 101800000,
    "generalAndAdministrativeExpenses": 658900000,
    "sellingAndMarketingExpenses": 0,
    "sellingGeneralAndAdministrativeExpenses": 658900000,
    "otherExpenses": 10000000,
    "operatingExpenses": 770700000,
    "costAndExpenses": 1295200000,
    "interestIncome": 0,
    "interestExpense": 0,
    "depreciationAndAmortization": 95500000,
    "ebitda": 458400000,
    "ebitdaratio": 0.2764610096,
    "operatingIncome": 362900000,
    "operatingIncomeRatio": 0.2188649659,
    "totalOtherIncomeExpensesNet": 21100000,
    "incomeBeforeTax": 384000000,
    "incomeBeforeTaxRatio": 0.2315903745,
    "incomeTaxExpense": 107900000,
    "netIncome": 276100000,
    "netIncomeRatio": 0.1665158917,
    "eps": 0.67,
    "epsdiluted": 0.66,
    "weightedAverageShsOut": 411400000,
    "weightedAverageShsOutDil": 417900000,
    "link": "https://www.sec.gov/Archives/edgar/data/310764/000031076408000049/0000310764-08-000049-index.htm",
    "finalLink": "https://www.sec.gov/Archives/edgar/data/310764/000031076408000049/syk10ka07.htm"
  },
  {
    "date": "2007-09-30",
    "symbol": "SYK",
    "reportedCurrency": "USD",
    "cik": "0000310764",
    "fillingDate": "2007-11-09",
    "acceptedDate": "2007-11-09 14:37:14",
    "calendarYear": "2007",
    "period": "Q3",
    "revenue": 1453200000,
    "costOfRevenue": 457000000,
    "grossProfit": 996200000,
    "grossProfitRatio": 0.6855216075,
    "researchAndDevelopmentExpenses": 96800000,
    "generalAndAdministrativeExpenses": 582900000,
    "sellingAndMarketingExpenses": 0,
    "sellingGeneralAndAdministrativeExpenses": 582900000,
    "otherExpenses": -372400000,
    "operatingExpenses": 307300000,
    "costAndExpenses": 764300000,
    "interestIncome": 0,
    "interestExpense": 0,
    "depreciationAndAmortization": 73900000,
    "ebitda": 762800000,
    "ebitdaratio": 0.5249105423,
    "operatingIncome": 688900000,
    "operatingIncomeRatio": 0.474057253,
    "totalOtherIncomeExpensesNet": -371000000,
    "incomeBeforeTax": 317900000,
    "incomeBeforeTaxRatio": 0.2187586017,
    "incomeTaxExpense": 89200000,
    "netIncome": 228700000,
    "netIncomeRatio": 0.1573768236,
    "eps": 0.56,
    "epsdiluted": 0.55,
    "weightedAverageShsOut": 410000000,
    "weightedAverageShsOutDil": 417500000,
    "link": "https://www.sec.gov/Archives/edgar/data/310764/000031076407000127/0000310764-07-000127-index.htm",
    "finalLink": "https://www.sec.gov/Archives/edgar/data/310764/000031076407000127/syk10q307.htm"
  },
  {
    "date": "2007-06-30",
    "symbol": "SYK",
    "reportedCurrency": "USD",
    "cik": "0000310764",
    "fillingDate": "2007-08-09",
    "acceptedDate": "2007-08-09 10:59:17",
    "calendarYear": "2007",
    "period": "Q2",
    "revenue": 1463700000,
    "costOfRevenue": 444300000,
    "grossProfit": 1019400000,
    "grossProfitRatio": 0.6964541914,
    "researchAndDevelopmentExpenses": 92100000,
    "generalAndAdministrativeExpenses": 581600000,
    "sellingAndMarketingExpenses": 0,
    "sellingGeneralAndAdministrativeExpenses": 581600000,
    "otherExpenses": 30800000,
    "operatingExpenses": 704500000,
    "costAndExpenses": 1148800000,
    "interestIncome": 0,
    "interestExpense": 0,
    "depreciationAndAmortization": 108200000,
    "ebitda": 314900000,
    "ebitdaratio": 0.2151397144,
    "operatingIncome": 314900000,
    "operatingIncomeRatio": 0.2151397144,
    "totalOtherIncomeExpensesNet": 16900000,
    "incomeBeforeTax": 331800000,
    "incomeBeforeTaxRatio": 0.2266857963,
    "incomeTaxExpense": 91700000,
    "netIncome": 509200000,
    "netIncomeRatio": 0.3478854957,
    "eps": 0.66,
    "epsdiluted": 0.65,
    "weightedAverageShsOut": 409400000,
    "weightedAverageShsOutDil": 416900000,
    "link": "https://www.sec.gov/Archives/edgar/data/310764/000031076407000094/0000310764-07-000094-index.htm",
    "finalLink": "https://www.sec.gov/Archives/edgar/data/310764/000031076407000094/syk10q207.htm"
  },
  {
    "date": "2007-03-31",
    "symbol": "SYK",
    "reportedCurrency": "USD",
    "cik": "0000310764",
    "fillingDate": "2007-04-27",
    "acceptedDate": "2007-04-27 14:53:53",
    "calendarYear": "2007",
    "period": "Q1",
    "revenue": 1489300000,
    "costOfRevenue": 496700000,
    "grossProfit": 992600000,
    "grossProfitRatio": 0.6664876116,
    "researchAndDevelopmentExpenses": 84600000,
    "generalAndAdministrativeExpenses": 571400000,
    "sellingAndMarketingExpenses": 0,
    "sellingGeneralAndAdministrativeExpenses": 571400000,
    "otherExpenses": 11300000,
    "operatingExpenses": 667300000,
    "costAndExpenses": 1164000000,
    "interestIncome": 0,
    "interestExpense": 0,
    "depreciationAndAmortization": 89000000,
    "ebitda": 400500000,
    "ebitdaratio": 0.2689182838,
    "operatingIncome": 325300000,
    "operatingIncomeRatio": 0.2184247633,
    "totalOtherIncomeExpensesNet": 13800000,
    "incomeBeforeTax": 339100000,
    "incomeBeforeTaxRatio": 0.2276908615,
    "incomeTaxExpense": 95600000,
    "netIncome": 241800000,
    "netIncomeRatio": 0.1623581548,
    "eps": 0.6,
    "epsdiluted": 0.59,
    "weightedAverageShsOut": 408600000,
    "weightedAverageShsOutDil": 416000000,
    "link": "https://www.sec.gov/Archives/edgar/data/310764/000031076407000074/0000310764-07-000074-index.htm",
    "finalLink": "https://www.sec.gov/Archives/edgar/data/310764/000031076407000074/syk10q107.htm"
  },
  {
    "date": "2006-12-31",
    "symbol": "SYK",
    "reportedCurrency": "USD",
    "cik": "0000310764",
    "fillingDate": "2007-02-28",
    "acceptedDate": "2007-02-28 15:32:22",
    "calendarYear": "2006",
    "period": "Q4",
    "revenue": 1462800000,
    "costOfRevenue": 501600000,
    "grossProfit": 961200000,
    "grossProfitRatio": 0.6570959803,
    "researchAndDevelopmentExpenses": 91200000,
    "generalAndAdministrativeExpenses": 552600000,
    "sellingAndMarketingExpenses": 0,
    "sellingGeneralAndAdministrativeExpenses": 552600000,
    "otherExpenses": 11500000,
    "operatingExpenses": 655300000,
    "costAndExpenses": 1156900000,
    "interestIncome": 0,
    "interestExpense": 0,
    "depreciationAndAmortization": 87300000,
    "ebitda": 393200000,
    "ebitdaratio": 0.2687995625,
    "operatingIncome": 305900000,
    "operatingIncomeRatio": 0.2091194969,
    "totalOtherIncomeExpensesNet": 11600000,
    "incomeBeforeTax": 317500000,
    "incomeBeforeTaxRatio": 0.2170494941,
    "incomeTaxExpense": 89600000,
    "netIncome": 227900000,
    "netIncomeRatio": 0.1557971014,
    "eps": 0.56,
    "epsdiluted": 0.55,
    "weightedAverageShsOut": 408600000,
    "weightedAverageShsOutDil": 416000000,
    "link": "https://www.sec.gov/Archives/edgar/data/310764/000031076407000062/0000310764-07-000062-index.htm",
    "finalLink": "https://www.sec.gov/Archives/edgar/data/310764/000031076407000062/syk10k06.htm"
  },
  {
    "date": "2006-09-30",
    "symbol": "SYK",
    "reportedCurrency": "USD",
    "cik": "0000310764",
    "fillingDate": "2006-11-08",
    "acceptedDate": "2006-11-08 14:45:56",
    "calendarYear": "2006",
    "period": "Q3",
    "revenue": 1294000000,
    "costOfRevenue": 441700000,
    "grossProfit": 852300000,
    "grossProfitRatio": 0.6586553323,
    "researchAndDevelopmentExpenses": 80400000,
    "generalAndAdministrativeExpenses": 506400000,
    "sellingAndMarketingExpenses": 0,
    "sellingGeneralAndAdministrativeExpenses": 506400000,
    "otherExpenses": 11100000,
    "operatingExpenses": 597900000,
    "costAndExpenses": 1039600000,
    "interestIncome": 0,
    "interestExpense": 0,
    "depreciationAndAmortization": 84800000,
    "ebitda": 677200000,
    "ebitdaratio": 0.5233384853,
    "operatingIncome": 254400000,
    "operatingIncomeRatio": 0.1965996909,
    "totalOtherIncomeExpensesNet": 8000000,
    "incomeBeforeTax": 262400000,
    "incomeBeforeTaxRatio": 0.2027820711,
    "incomeTaxExpense": 74000000,
    "netIncome": 187000000,
    "netIncomeRatio": 0.1445131376,
    "eps": 0.46,
    "epsdiluted": 0.46,
    "weightedAverageShsOut": 406700000,
    "weightedAverageShsOutDil": 411600000,
    "link": "https://www.sec.gov/Archives/edgar/data/310764/000031076406000086/0000310764-06-000086-index.htm",
    "finalLink": "https://www.sec.gov/Archives/edgar/data/310764/000031076406000086/syk10q306.htm"
  },
  {
    "date": "2006-06-30",
    "symbol": "SYK",
    "reportedCurrency": "USD",
    "cik": "0000310764",
    "fillingDate": "2006-08-09",
    "acceptedDate": "2006-08-09 14:41:59",
    "calendarYear": "2006",
    "period": "Q2",
    "revenue": 1327900000,
    "costOfRevenue": 452500000,
    "grossProfit": 875400000,
    "grossProfitRatio": 0.6592363883,
    "researchAndDevelopmentExpenses": 75900000,
    "generalAndAdministrativeExpenses": 497000000,
    "sellingAndMarketingExpenses": 0,
    "sellingGeneralAndAdministrativeExpenses": 497000000,
    "otherExpenses": 10600000,
    "operatingExpenses": 583500000,
    "costAndExpenses": 1036000000,
    "interestIncome": 0,
    "interestExpense": 0,
    "depreciationAndAmortization": 81900000,
    "ebitda": 366800000,
    "ebitdaratio": 0.2762256194,
    "operatingIncome": 291900000,
    "operatingIncomeRatio": 0.2198207696,
    "totalOtherIncomeExpensesNet": 4700000,
    "incomeBeforeTax": 296600000,
    "incomeBeforeTaxRatio": 0.2233601928,
    "incomeTaxExpense": 82700000,
    "netIncome": 213900000,
    "netIncomeRatio": 0.1610814067,
    "eps": 0.53,
    "epsdiluted": 0.52,
    "weightedAverageShsOut": 406400000,
    "weightedAverageShsOutDil": 410700000,
    "link": "https://www.sec.gov/Archives/edgar/data/310764/000031076406000061/0000310764-06-000061-index.htm",
    "finalLink": "https://www.sec.gov/Archives/edgar/data/310764/000031076406000061/syk10q206.htm"
  },
  {
    "date": "2006-03-31",
    "symbol": "SYK",
    "reportedCurrency": "USD",
    "cik": "0000310764",
    "fillingDate": "2006-05-03",
    "acceptedDate": "2006-05-03 14:38:05",
    "calendarYear": "2006",
    "period": "Q1",
    "revenue": 1320900000,
    "costOfRevenue": 452900000,
    "grossProfit": 868000000,
    "grossProfitRatio": 0.657127716,
    "researchAndDevelopmentExpenses": 77100000,
    "generalAndAdministrativeExpenses": 505700000,
    "sellingAndMarketingExpenses": 0,
    "sellingGeneralAndAdministrativeExpenses": 505700000,
    "otherExpenses": 10400000,
    "operatingExpenses": 593200000,
    "costAndExpenses": 1046100000,
    "interestIncome": 0,
    "interestExpense": 0,
    "depreciationAndAmortization": 77800000,
    "ebitda": 352600000,
    "ebitdaratio": 0.2669392081,
    "operatingIncome": 222100000,
    "operatingIncomeRatio": 0.1681429328,
    "totalOtherIncomeExpensesNet": 5200000,
    "incomeBeforeTax": 227300000,
    "incomeBeforeTaxRatio": 0.1720796427,
    "incomeTaxExpense": 79800000,
    "netIncome": 147500000,
    "netIncomeRatio": 0.1116662881,
    "eps": 0.36,
    "epsdiluted": 0.36,
    "weightedAverageShsOut": 405700000,
    "weightedAverageShsOutDil": 411300000,
    "link": "https://www.sec.gov/Archives/edgar/data/310764/000031076406000051/0000310764-06-000051-index.htm",
    "finalLink": "https://www.sec.gov/Archives/edgar/data/310764/000031076406000051/syk10q106.htm"
  },
  {
    "date": "2005-12-31",
    "symbol": "SYK",
    "reportedCurrency": "USD",
    "cik": "0000310764",
    "fillingDate": "2006-03-07",
    "acceptedDate": "2006-03-06 17:45:35",
    "calendarYear": "2005",
    "period": "Q4",
    "revenue": 1278500000,
    "costOfRevenue": 447100000,
    "grossProfit": 831400000,
    "grossProfitRatio": 0.6502933125,
    "researchAndDevelopmentExpenses": 83000000,
    "generalAndAdministrativeExpenses": 463400000,
    "sellingAndMarketingExpenses": 0,
    "sellingGeneralAndAdministrativeExpenses": 463400000,
    "otherExpenses": 10500000,
    "operatingExpenses": 556900000,
    "costAndExpenses": 1004000000,
    "interestIncome": 0,
    "interestExpense": 0,
    "depreciationAndAmortization": 76600000,
    "ebitda": 351100000,
    "ebitdaratio": 0.2746186938,
    "operatingIncome": 258600000,
    "operatingIncomeRatio": 0.2022682831,
    "totalOtherIncomeExpensesNet": 5900000,
    "incomeBeforeTax": 264500000,
    "incomeBeforeTaxRatio": 0.2068830661,
    "incomeTaxExpense": 78800000,
    "netIncome": 185700000,
    "netIncomeRatio": 0.1452483379,
    "eps": 0.46,
    "epsdiluted": 0.45,
    "weightedAverageShsOut": 405700000,
    "weightedAverageShsOutDil": 411300000,
    "link": "https://www.sec.gov/Archives/edgar/data/310764/000031076406000040/0000310764-06-000040-index.htm",
    "finalLink": "https://www.sec.gov/Archives/edgar/data/310764/000031076406000040/syk10k05.htm"
  },
  {
    "date": "2005-09-30",
    "symbol": "SYK",
    "reportedCurrency": "USD",
    "cik": "0000310764",
    "fillingDate": "2005-11-04",
    "acceptedDate": "2005-11-04 10:12:10",
    "calendarYear": "2005",
    "period": "Q3",
    "revenue": 1171900000,
    "costOfRevenue": 415500000,
    "grossProfit": 756400000,
    "grossProfitRatio": 0.6454475638,
    "researchAndDevelopmentExpenses": 70300000,
    "generalAndAdministrativeExpenses": 443200000,
    "sellingAndMarketingExpenses": 0,
    "sellingGeneralAndAdministrativeExpenses": 443200000,
    "otherExpenses": 10500000,
    "operatingExpenses": 524000000,
    "costAndExpenses": 939500000,
    "interestIncome": 0,
    "interestExpense": 0,
    "depreciationAndAmortization": 70000000,
    "ebitda": 284900000,
    "ebitdaratio": 0.2431094803,
    "operatingIncome": 232400000,
    "operatingIncomeRatio": 0.198310436,
    "totalOtherIncomeExpensesNet": -600000,
    "incomeBeforeTax": 231800000,
    "incomeBeforeTaxRatio": 0.197798447,
    "incomeTaxExpense": 99700000,
    "netIncome": 120700000,
    "netIncomeRatio": 0.1029951361,
    "eps": 0.3,
    "epsdiluted": 0.29,
    "weightedAverageShsOut": 403700000,
    "weightedAverageShsOutDil": 411400000,
    "link": "https://www.sec.gov/Archives/edgar/data/310764/000031076405000045/0000310764-05-000045-index.htm",
    "finalLink": "https://www.sec.gov/Archives/edgar/data/310764/000031076405000045/syk10q305.htm"
  },
  {
    "date": "2005-06-30",
    "symbol": "SYK",
    "reportedCurrency": "USD",
    "cik": "0000310764",
    "fillingDate": "2005-08-01",
    "acceptedDate": "2005-08-01 16:07:31",
    "calendarYear": "2005",
    "period": "Q2",
    "revenue": 1218600000,
    "costOfRevenue": 422200000,
    "grossProfit": 796400000,
    "grossProfitRatio": 0.6535368456,
    "researchAndDevelopmentExpenses": 65900000,
    "generalAndAdministrativeExpenses": 457500000,
    "sellingAndMarketingExpenses": 0,
    "sellingGeneralAndAdministrativeExpenses": 457500000,
    "otherExpenses": 11400000,
    "operatingExpenses": 534800000,
    "costAndExpenses": 957000000,
    "interestIncome": 0,
    "interestExpense": 0,
    "depreciationAndAmortization": 69400000,
    "ebitda": 320900000,
    "ebitdaratio": 0.2633349746,
    "operatingIncome": 261600000,
    "operatingIncomeRatio": 0.2146725751,
    "totalOtherIncomeExpensesNet": -200000,
    "incomeBeforeTax": 261400000,
    "incomeBeforeTaxRatio": 0.2145084523,
    "incomeTaxExpense": 77100000,
    "netIncome": 177800000,
    "netIncomeRatio": 0.145905137,
    "eps": 0.44,
    "epsdiluted": 0.43,
    "weightedAverageShsOut": 403300000,
    "weightedAverageShsOutDil": 410500000,
    "link": "https://www.sec.gov/Archives/edgar/data/310764/000031076405000021/0000310764-05-000021-index.htm",
    "finalLink": "https://www.sec.gov/Archives/edgar/data/310764/000031076405000021/syk10q205.htm"
  },
  {
    "date": "2005-03-31",
    "symbol": "SYK",
    "reportedCurrency": "USD",
    "cik": "0000310764",
    "fillingDate": "2005-04-29",
    "acceptedDate": "2005-04-29 12:53:30",
    "calendarYear": "2005",
    "period": "Q1",
    "revenue": 1202500000,
    "costOfRevenue": 429100000,
    "grossProfit": 773400000,
    "grossProfitRatio": 0.6431600832,
    "researchAndDevelopmentExpenses": 60600000,
    "generalAndAdministrativeExpenses": 450200000,
    "sellingAndMarketingExpenses": 0,
    "sellingGeneralAndAdministrativeExpenses": 450200000,
    "otherExpenses": 16400000,
    "operatingExpenses": 527200000,
    "costAndExpenses": 956300000,
    "interestIncome": 0,
    "interestExpense": 0,
    "depreciationAndAmortization": 73900000,
    "ebitda": 246200000,
    "ebitdaratio": 0.2047401247,
    "operatingIncome": 246200000,
    "operatingIncomeRatio": 0.2047401247,
    "totalOtherIncomeExpensesNet": -600000,
    "incomeBeforeTax": 245600000,
    "incomeBeforeTaxRatio": 0.2042411642,
    "incomeTaxExpense": 72500000,
    "netIncome": 173100000,
    "netIncomeRatio": 0.143950104,
    "eps": 0.41,
    "epsdiluted": 0.41,
    "weightedAverageShsOut": 402800000,
    "weightedAverageShsOutDil": 410700000,
    "link": "https://www.sec.gov/Archives/edgar/data/310764/000031076405000012/0000310764-05-000012-index.htm",
    "finalLink": "https://www.sec.gov/Archives/edgar/data/310764/000031076405000012/syk10q105.htm"
  },
  {
    "date": "2004-12-31",
    "symbol": "SYK",
    "reportedCurrency": "USD",
    "cik": "0000310764",
    "fillingDate": "2005-03-02",
    "acceptedDate": "2005-03-02 16:50:35",
    "calendarYear": "2004",
    "period": "Q4",
    "revenue": 1155500000,
    "costOfRevenue": 412100000,
    "grossProfit": 743400000,
    "grossProfitRatio": 0.6433578537,
    "researchAndDevelopmentExpenses": 56300000,
    "generalAndAdministrativeExpenses": 442100000,
    "sellingAndMarketingExpenses": 0,
    "sellingGeneralAndAdministrativeExpenses": 442100000,
    "otherExpenses": 12200000,
    "operatingExpenses": 510600000,
    "costAndExpenses": 922700000,
    "interestIncome": 0,
    "interestExpense": 6800000,
    "depreciationAndAmortization": 66400000,
    "ebitda": 299200000,
    "ebitdaratio": 0.2589355257,
    "operatingIncome": 232800000,
    "operatingIncomeRatio": 0.2014712246,
    "totalOtherIncomeExpensesNet": -500000,
    "incomeBeforeTax": 232300000,
    "incomeBeforeTaxRatio": 0.2010385115,
    "incomeTaxExpense": 69600000,
    "netIncome": 162700000,
    "netIncomeRatio": 0.1408048464,
    "eps": 0.4,
    "epsdiluted": 0.4,
    "weightedAverageShsOut": 402800000,
    "weightedAverageShsOutDil": 411300000,
    "link": "https://www.sec.gov/Archives/edgar/data/310764/000031076405000008/0000310764-05-000008-index.htm",
    "finalLink": "https://www.sec.gov/Archives/edgar/data/310764/000031076405000008/syk10k04.htm"
  },
  {
    "date": "2004-09-30",
    "symbol": "SYK",
    "reportedCurrency": "USD",
    "cik": "0000310764",
    "fillingDate": "2004-10-28",
    "acceptedDate": "2004-10-28 15:44:33",
    "calendarYear": "2004",
    "period": "Q3",
    "revenue": 1028700000,
    "costOfRevenue": 365100000,
    "grossProfit": 663600000,
    "grossProfitRatio": 0.6450860309,
    "researchAndDevelopmentExpenses": 54600000,
    "generalAndAdministrativeExpenses": 402300000,
    "sellingAndMarketingExpenses": 0,
    "sellingGeneralAndAdministrativeExpenses": 402300000,
    "otherExpenses": 11600000,
    "operatingExpenses": 468500000,
    "costAndExpenses": 833600000,
    "interestIncome": 0,
    "interestExpense": 1400000,
    "depreciationAndAmortization": 62500000,
    "ebitda": 257600000,
    "ebitdaratio": 0.2504131428,
    "operatingIncome": 74300000,
    "operatingIncomeRatio": 0.0722270827,
    "totalOtherIncomeExpensesNet": -1900000,
    "incomeBeforeTax": 72400000,
    "incomeBeforeTaxRatio": 0.0703800914,
    "incomeTaxExpense": 58000000,
    "netIncome": 14400000,
    "netIncomeRatio": 0.0139982502,
    "eps": 0.04,
    "epsdiluted": 0.04,
    "weightedAverageShsOut": 401700000,
    "weightedAverageShsOutDil": 410700000,
    "link": "https://www.sec.gov/Archives/edgar/data/310764/000031076404000032/0000310764-04-000032-index.htm",
    "finalLink": "https://www.sec.gov/Archives/edgar/data/310764/000031076404000032/syk10q304.htm"
  },
  {
    "date": "2004-06-30",
    "symbol": "SYK",
    "reportedCurrency": "USD",
    "cik": "0000310764",
    "fillingDate": "2004-07-30",
    "acceptedDate": "2004-07-30 10:46:06",
    "calendarYear": "2004",
    "period": "Q2",
    "revenue": 1043000000,
    "costOfRevenue": 364700000,
    "grossProfit": 678300000,
    "grossProfitRatio": 0.6503355705,
    "researchAndDevelopmentExpenses": 50500000,
    "generalAndAdministrativeExpenses": 396500000,
    "sellingAndMarketingExpenses": 0,
    "sellingGeneralAndAdministrativeExpenses": 396500000,
    "otherExpenses": 11200000,
    "operatingExpenses": 458200000,
    "costAndExpenses": 822900000,
    "interestIncome": 0,
    "interestExpense": 1800000,
    "depreciationAndAmortization": 61000000,
    "ebitda": 220100000,
    "ebitdaratio": 0.2110258869,
    "operatingIncome": 220100000,
    "operatingIncomeRatio": 0.2110258869,
    "totalOtherIncomeExpensesNet": -1900000,
    "incomeBeforeTax": 218200000,
    "incomeBeforeTaxRatio": 0.2092042186,
    "incomeTaxExpense": 65500000,
    "netIncome": 152700000,
    "netIncomeRatio": 0.1464046021,
    "eps": 0.38,
    "epsdiluted": 0.37,
    "weightedAverageShsOut": 400800000,
    "weightedAverageShsOutDil": 410800000,
    "link": "https://www.sec.gov/Archives/edgar/data/310764/000031076404000025/0000310764-04-000025-index.htm",
    "finalLink": "https://www.sec.gov/Archives/edgar/data/310764/000031076404000025/syk10q204.htm"
  },
  {
    "date": "2004-03-31",
    "symbol": "SYK",
    "reportedCurrency": "USD",
    "cik": "0000310764",
    "fillingDate": "2004-04-30",
    "acceptedDate": "2004-04-30 15:30:44",
    "calendarYear": "2004",
    "period": "Q1",
    "revenue": 1035100000,
    "costOfRevenue": 368200000,
    "grossProfit": 666900000,
    "grossProfitRatio": 0.6442855763,
    "researchAndDevelopmentExpenses": 49600000,
    "generalAndAdministrativeExpenses": 411300000,
    "sellingAndMarketingExpenses": 0,
    "sellingGeneralAndAdministrativeExpenses": 411300000,
    "otherExpenses": 12800000,
    "operatingExpenses": 473700000,
    "costAndExpenses": 841900000,
    "interestIncome": 0,
    "interestExpense": 1400000,
    "depreciationAndAmortization": 61000000,
    "ebitda": 193200000,
    "ebitdaratio": 0.186648633,
    "operatingIncome": 193200000,
    "operatingIncomeRatio": 0.186648633,
    "totalOtherIncomeExpensesNet": 900000,
    "incomeBeforeTax": 194100000,
    "incomeBeforeTaxRatio": 0.1875181142,
    "incomeTaxExpense": 58200000,
    "netIncome": 135900000,
    "netIncomeRatio": 0.1312916626,
    "eps": 0.34,
    "epsdiluted": 0.33,
    "weightedAverageShsOut": 399800000,
    "weightedAverageShsOutDil": 409100000,
    "link": "https://www.sec.gov/Archives/edgar/data/310764/000031076404000012/0000310764-04-000012-index.htm",
    "finalLink": "https://www.sec.gov/Archives/edgar/data/310764/000031076404000012/syk10q104.htm"
  },
  {
    "date": "2003-12-31",
    "symbol": "SYK",
    "reportedCurrency": "USD",
    "cik": "0000310764",
    "fillingDate": "2004-03-12",
    "acceptedDate": "2004-03-12 10:44:45",
    "calendarYear": "2003",
    "period": "Q4",
    "revenue": 1001300000,
    "costOfRevenue": 355900000,
    "grossProfit": 645400000,
    "grossProfitRatio": 0.6445620693,
    "researchAndDevelopmentExpenses": 48000000,
    "generalAndAdministrativeExpenses": 386700000,
    "sellingAndMarketingExpenses": 0,
    "sellingGeneralAndAdministrativeExpenses": 386700000,
    "otherExpenses": 16300000,
    "operatingExpenses": 451000000,
    "costAndExpenses": 806900000,
    "interestIncome": 0,
    "interestExpense": 22600000,
    "depreciationAndAmortization": 68200000,
    "ebitda": 262600000,
    "ebitdaratio": 0.2622590632,
    "operatingIncome": 203400000,
    "operatingIncomeRatio": 0.2031359233,
    "totalOtherIncomeExpensesNet": -46900000,
    "incomeBeforeTax": 192900000,
    "incomeBeforeTaxRatio": 0.1926495556,
    "incomeTaxExpense": 58800000,
    "netIncome": 134100000,
    "netIncomeRatio": 0.1339258963,
    "eps": 0.34,
    "epsdiluted": 0.33,
    "weightedAverageShsOut": 399800000,
    "weightedAverageShsOutDil": 409100000,
    "link": "https://www.sec.gov/Archives/edgar/data/310764/000123933804000002/0001239338-04-000002-index.htm",
    "finalLink": "https://www.sec.gov/Archives/edgar/data/310764/000123933804000002/syk10k03.htm"
  },
  {
    "date": "2003-09-30",
    "symbol": "SYK",
    "reportedCurrency": "USD",
    "cik": "0000310764",
    "fillingDate": "2003-11-03",
    "acceptedDate": "2003-11-03 15:15:34",
    "calendarYear": "2003",
    "period": "Q3",
    "revenue": 885400000,
    "costOfRevenue": 328800000,
    "grossProfit": 556600000,
    "grossProfitRatio": 0.6286424215,
    "researchAndDevelopmentExpenses": 44100000,
    "generalAndAdministrativeExpenses": 343400000,
    "sellingAndMarketingExpenses": 0,
    "sellingGeneralAndAdministrativeExpenses": 343400000,
    "otherExpenses": 10000000,
    "operatingExpenses": 397500000,
    "costAndExpenses": 726300000,
    "interestIncome": 0,
    "interestExpense": 5800000,
    "depreciationAndAmortization": 55100000,
    "ebitda": 214200000,
    "ebitdaratio": 0.2419245539,
    "operatingIncome": 159100000,
    "operatingIncomeRatio": 0.1796927942,
    "totalOtherIncomeExpensesNet": -6200000,
    "incomeBeforeTax": 152900000,
    "incomeBeforeTaxRatio": 0.1726903095,
    "incomeTaxExpense": 45100000,
    "netIncome": 107800000,
    "netIncomeRatio": 0.1217528801,
    "eps": 0.27,
    "epsdiluted": 0.27,
    "weightedAverageShsOut": 398200000,
    "weightedAverageShsOutDil": 407200000,
    "link": "https://www.sec.gov/Archives/edgar/data/310764/000031076403000031/0000310764-03-000031-index.htm",
    "finalLink": "https://www.sec.gov/Archives/edgar/data/310764/000031076403000031/syk10q303.htm"
  },
  {
    "date": "2003-06-30",
    "symbol": "SYK",
    "reportedCurrency": "USD",
    "cik": "0000310764",
    "fillingDate": "2003-08-11",
    "acceptedDate": "2003-08-11 12:57:12",
    "calendarYear": "2003",
    "period": "Q2",
    "revenue": 891700000,
    "costOfRevenue": 326900000,
    "grossProfit": 564800000,
    "grossProfitRatio": 0.6333968824,
    "researchAndDevelopmentExpenses": 44900000,
    "generalAndAdministrativeExpenses": 348400000,
    "sellingAndMarketingExpenses": 0,
    "sellingGeneralAndAdministrativeExpenses": 348400000,
    "otherExpenses": 10100000,
    "operatingExpenses": 403400000,
    "costAndExpenses": 730300000,
    "interestIncome": 0,
    "interestExpense": 6400000,
    "depreciationAndAmortization": 53700000,
    "ebitda": 215100000,
    "ebitdaratio": 0.2412246271,
    "operatingIncome": 161400000,
    "operatingIncomeRatio": 0.1810025793,
    "totalOtherIncomeExpensesNet": -5600000,
    "incomeBeforeTax": 155800000,
    "incomeBeforeTaxRatio": 0.1747224403,
    "incomeTaxExpense": 48300000,
    "netIncome": 107500000,
    "netIncomeRatio": 0.1205562409,
    "eps": 0.27,
    "epsdiluted": 0.26,
    "weightedAverageShsOut": 397200000,
    "weightedAverageShsOutDil": 406100000,
    "link": "https://www.sec.gov/Archives/edgar/data/310764/000031076403000026/0000310764-03-000026-index.htm",
    "finalLink": "https://www.sec.gov/Archives/edgar/data/310764/000031076403000026/syk10q203.htm"
  },
  {
    "date": "2003-03-31",
    "symbol": "SYK",
    "reportedCurrency": "USD",
    "cik": "0000310764",
    "fillingDate": "2003-05-05",
    "acceptedDate": "2003-05-05 11:22:38",
    "calendarYear": "2003",
    "period": "Q1",
    "revenue": 846900000,
    "costOfRevenue": 300800000,
    "grossProfit": 546100000,
    "grossProfitRatio": 0.6448222931,
    "researchAndDevelopmentExpenses": 43200000,
    "generalAndAdministrativeExpenses": 337500000,
    "sellingAndMarketingExpenses": 0,
    "sellingGeneralAndAdministrativeExpenses": 337500000,
    "otherExpenses": 9000000,
    "operatingExpenses": 389700000,
    "costAndExpenses": 690500000,
    "interestIncome": 0,
    "interestExpense": 7000000,
    "depreciationAndAmortization": 52700000,
    "ebitda": 209100000,
    "ebitdaratio": 0.2469004605,
    "operatingIncome": 156400000,
    "operatingIncomeRatio": 0.1846735152,
    "totalOtherIncomeExpensesNet": -5500000,
    "incomeBeforeTax": 150900000,
    "incomeBeforeTaxRatio": 0.1781792419,
    "incomeTaxExpense": 46800000,
    "netIncome": 104100000,
    "netIncomeRatio": 0.1229188806,
    "eps": 0.26,
    "epsdiluted": 0.26,
    "weightedAverageShsOut": 396600000,
    "weightedAverageShsOutDil": 405600000,
    "link": "https://www.sec.gov/Archives/edgar/data/310764/000031076403000018/0000310764-03-000018-index.htm",
    "finalLink": "https://www.sec.gov/Archives/edgar/data/310764/000031076403000018/syk10q103.htm"
  },
  {
    "date": "2002-12-31",
    "symbol": "SYK",
    "reportedCurrency": "USD",
    "cik": "0000310764",
    "fillingDate": "2003-03-14",
    "acceptedDate": "2003-03-14 15:17:19",
    "calendarYear": "2002",
    "period": "Q4",
    "revenue": 829200000,
    "costOfRevenue": 309300000,
    "grossProfit": 519900000,
    "grossProfitRatio": 0.6269898698,
    "researchAndDevelopmentExpenses": 37500000,
    "generalAndAdministrativeExpenses": 316000000,
    "sellingAndMarketingExpenses": 0,
    "sellingGeneralAndAdministrativeExpenses": 316000000,
    "otherExpenses": 8600000,
    "operatingExpenses": 362100000,
    "costAndExpenses": 671400000,
    "interestIncome": 0,
    "interestExpense": 40300000,
    "depreciationAndAmortization": 51600000,
    "ebitda": 209400000,
    "ebitdaratio": 0.2525325615,
    "operatingIncome": 140600000,
    "operatingIncomeRatio": 0.1695610227,
    "totalOtherIncomeExpensesNet": -37400000,
    "incomeBeforeTax": 149300000,
    "incomeBeforeTaxRatio": 0.1800530632,
    "incomeTaxExpense": 43200000,
    "netIncome": 106100000,
    "netIncomeRatio": 0.1279546551,
    "eps": 0.27,
    "epsdiluted": 0.26,
    "weightedAverageShsOut": 396600000,
    "weightedAverageShsOutDil": 405600000,
    "link": "https://www.sec.gov/Archives/edgar/data/310764/000031076403000008/0000310764-03-000008-index.htm",
    "finalLink": "https://www.sec.gov/Archives/edgar/data/310764/000031076403000008/syk10k02.htm"
  },
  {
    "date": "2002-09-30",
    "symbol": "SYK",
    "reportedCurrency": "USD",
    "cik": "0000310764",
    "fillingDate": "2002-11-08",
    "acceptedDate": "2002-11-08 14:12:25",
    "calendarYear": "2002",
    "period": "Q3",
    "revenue": 745600000,
    "costOfRevenue": 279900000,
    "grossProfit": 465700000,
    "grossProfitRatio": 0.6245976395,
    "researchAndDevelopmentExpenses": 35900000,
    "generalAndAdministrativeExpenses": 284300000,
    "sellingAndMarketingExpenses": 0,
    "sellingGeneralAndAdministrativeExpenses": 284300000,
    "otherExpenses": 8500000,
    "operatingExpenses": 328700000,
    "costAndExpenses": 608600000,
    "interestIncome": 0,
    "interestExpense": 10900000,
    "depreciationAndAmortization": 49100000,
    "ebitda": 186100000,
    "ebitdaratio": 0.2495976395,
    "operatingIncome": 137000000,
    "operatingIncomeRatio": 0.1837446352,
    "totalOtherIncomeExpensesNet": -28800000,
    "incomeBeforeTax": 108200000,
    "incomeBeforeTaxRatio": 0.1451180258,
    "incomeTaxExpense": 35700000,
    "netIncome": 72500000,
    "netIncomeRatio": 0.0972371245,
    "eps": 0.19,
    "epsdiluted": 0.18,
    "weightedAverageShsOut": 395400000,
    "weightedAverageShsOutDil": 406800000,
    "link": "https://www.sec.gov/Archives/edgar/data/310764/000031076402000035/0000310764-02-000035-index.htm",
    "finalLink": "https://www.sec.gov/Archives/edgar/data/310764/000031076402000035/syk10qa.htm"
  },
  {
    "date": "2002-06-30",
    "symbol": "SYK",
    "reportedCurrency": "USD",
    "cik": "0000310764",
    "fillingDate": "2002-08-12",
    "acceptedDate": "2002-08-12 15:00:55",
    "calendarYear": "2002",
    "period": "Q2",
    "revenue": 733900000,
    "costOfRevenue": 267100000,
    "grossProfit": 466800000,
    "grossProfitRatio": 0.6360539583,
    "researchAndDevelopmentExpenses": 34400000,
    "generalAndAdministrativeExpenses": 287900000,
    "sellingAndMarketingExpenses": 0,
    "sellingGeneralAndAdministrativeExpenses": 287900000,
    "otherExpenses": 5800000,
    "operatingExpenses": 328100000,
    "costAndExpenses": 595200000,
    "interestIncome": 0,
    "interestExpense": 10000000,
    "depreciationAndAmortization": 45200000,
    "ebitda": 183900000,
    "ebitdaratio": 0.250579098,
    "operatingIncome": 138700000,
    "operatingIncomeRatio": 0.1889903257,
    "totalOtherIncomeExpensesNet": -10500000,
    "incomeBeforeTax": 128200000,
    "incomeBeforeTaxRatio": 0.1746831993,
    "incomeTaxExpense": 42300000,
    "netIncome": 85900000,
    "netIncomeRatio": 0.1170459191,
    "eps": 0.22,
    "epsdiluted": 0.21,
    "weightedAverageShsOut": 394800000,
    "weightedAverageShsOutDil": 407200000,
    "link": "https://www.sec.gov/Archives/edgar/data/310764/000031076402000018/0000310764-02-000018-index.htm",
    "finalLink": "https://www.sec.gov/Archives/edgar/data/310764/000031076402000018/syk10q202.htm"
  },
  {
    "date": "2002-03-31",
    "symbol": "SYK",
    "reportedCurrency": "USD",
    "cik": "0000310764",
    "fillingDate": "2002-05-14",
    "acceptedDate": "2002-05-14 16:42:11",
    "calendarYear": "2002",
    "period": "Q1",
    "revenue": 702900000,
    "costOfRevenue": 254900000,
    "grossProfit": 448000000,
    "grossProfitRatio": 0.6373595106,
    "researchAndDevelopmentExpenses": 33600000,
    "generalAndAdministrativeExpenses": 277200000,
    "sellingAndMarketingExpenses": 0,
    "sellingGeneralAndAdministrativeExpenses": 277200000,
    "otherExpenses": 6000000,
    "operatingExpenses": 316800000,
    "costAndExpenses": 571700000,
    "interestIncome": 0,
    "interestExpense": 10600000,
    "depreciationAndAmortization": 40200000,
    "ebitda": 171400000,
    "ebitdaratio": 0.2438469199,
    "operatingIncome": 131200000,
    "operatingIncomeRatio": 0.1866552852,
    "totalOtherIncomeExpensesNet": -10200000,
    "incomeBeforeTax": 121000000,
    "incomeBeforeTaxRatio": 0.172143975,
    "incomeTaxExpense": 39900000,
    "netIncome": 81100000,
    "netIncomeRatio": 0.1153791435,
    "eps": 0.21,
    "epsdiluted": 0.2,
    "weightedAverageShsOut": 394000000,
    "weightedAverageShsOutDil": 407600000,
    "link": "https://www.sec.gov/Archives/edgar/data/310764/000031076402000016/0000310764-02-000016-index.htm",
    "finalLink": "https://www.sec.gov/Archives/edgar/data/310764/000031076402000016/syk10q1-02.htm"
  },
  {
    "date": "2001-12-31",
    "symbol": "SYK",
    "reportedCurrency": "USD",
    "cik": "0000310764",
    "fillingDate": "2002-03-15",
    "acceptedDate": "2002-03-15 00:00:00",
    "calendarYear": "2001",
    "period": "Q4",
    "revenue": 709300000,
    "costOfRevenue": 265800000,
    "grossProfit": 443500000,
    "grossProfitRatio": 0.6252643451,
    "researchAndDevelopmentExpenses": 36100000,
    "generalAndAdministrativeExpenses": 261400000,
    "sellingAndMarketingExpenses": 0,
    "sellingGeneralAndAdministrativeExpenses": 261400000,
    "otherExpenses": 9400000,
    "operatingExpenses": 306900000,
    "costAndExpenses": 572700000,
    "interestIncome": 0,
    "interestExpense": 67900000,
    "depreciationAndAmortization": 46000000,
    "ebitda": 182600000,
    "ebitdaratio": 0.2574369096,
    "operatingIncome": 137000000,
    "operatingIncomeRatio": 0.1931481743,
    "totalOtherIncomeExpensesNet": -15300000,
    "incomeBeforeTax": 121700000,
    "incomeBeforeTaxRatio": 0.1715776117,
    "incomeTaxExpense": 39900000,
    "netIncome": 77000000,
    "netIncomeRatio": 0.108557733,
    "eps": 0.2,
    "epsdiluted": 0.19,
    "weightedAverageShsOut": 394000000,
    "weightedAverageShsOutDil": 407600000,
    "link": "https://www.sec.gov/Archives/edgar/data/310764/000031076402000013/0000310764-02-000013-index.htm",
    "finalLink": "https://www.sec.gov/Archives/edgar/data/310764/000031076402000013/syk10k01.htm"
  },
  {
    "date": "2001-09-30",
    "symbol": "SYK",
    "reportedCurrency": "USD",
    "cik": "0000310764",
    "fillingDate": "2001-11-13",
    "acceptedDate": "2001-11-13 00:00:00",
    "calendarYear": "2001",
    "period": "Q3",
    "revenue": 619000000,
    "costOfRevenue": 229000000,
    "grossProfit": 390000000,
    "grossProfitRatio": 0.6300484653,
    "researchAndDevelopmentExpenses": 35000000,
    "generalAndAdministrativeExpenses": 239000000,
    "sellingAndMarketingExpenses": 0,
    "sellingGeneralAndAdministrativeExpenses": 239000000,
    "otherExpenses": 9000000,
    "operatingExpenses": 283000000,
    "costAndExpenses": 512000000,
    "interestIncome": 0,
    "interestExpense": 16800000,
    "depreciationAndAmortization": 43300000,
    "ebitda": 150300000,
    "ebitdaratio": 0.2428109855,
    "operatingIncome": 108000000,
    "operatingIncomeRatio": 0.1744749596,
    "totalOtherIncomeExpensesNet": -18000000,
    "incomeBeforeTax": 90000000,
    "incomeBeforeTaxRatio": 0.1453957997,
    "incomeTaxExpense": 30000000,
    "netIncome": 60000000,
    "netIncomeRatio": 0.0969305331,
    "eps": 0.16,
    "epsdiluted": 0.15,
    "weightedAverageShsOut": 392600000,
    "weightedAverageShsOutDil": 406000000,
    "link": "https://www.sec.gov/Archives/edgar/data/310764/000031076401500024/0000310764-01-500024-index.htm",
    "finalLink": "https://www.sec.gov/Archives/edgar/data/310764/000031076401500024/syk10q301.htm"
  },
  {
    "date": "2001-06-30",
    "symbol": "SYK",
    "reportedCurrency": "USD",
    "cik": "0000310764",
    "fillingDate": "2001-08-06",
    "acceptedDate": "2001-08-06 00:00:00",
    "calendarYear": "2001",
    "period": "Q2",
    "revenue": 639000000,
    "costOfRevenue": 237300000,
    "grossProfit": 401700000,
    "grossProfitRatio": 0.6286384977,
    "researchAndDevelopmentExpenses": 35400000,
    "generalAndAdministrativeExpenses": 242000000,
    "sellingAndMarketingExpenses": 0,
    "sellingGeneralAndAdministrativeExpenses": 242000000,
    "otherExpenses": 9300000,
    "operatingExpenses": 286700000,
    "costAndExpenses": 524000000,
    "interestIncome": 0,
    "interestExpense": 16800000,
    "depreciationAndAmortization": 40300000,
    "ebitda": 155300000,
    "ebitdaratio": 0.2430359937,
    "operatingIncome": 115000000,
    "operatingIncomeRatio": 0.1799687011,
    "totalOtherIncomeExpensesNet": -16900000,
    "incomeBeforeTax": 98100000,
    "incomeBeforeTaxRatio": 0.1535211268,
    "incomeTaxExpense": 32400000,
    "netIncome": 65700000,
    "netIncomeRatio": 0.1028169014,
    "eps": 0.17,
    "epsdiluted": 0.16,
    "weightedAverageShsOut": 392400000,
    "weightedAverageShsOutDil": 406200000,
    "link": "https://www.sec.gov/Archives/edgar/data/310764/000031076401500018/0000310764-01-500018-index.htm",
    "finalLink": "https://www.sec.gov/Archives/edgar/data/310764/000031076401500018/syk10q201.htm"
  },
  {
    "date": "2001-03-31",
    "symbol": "SYK",
    "reportedCurrency": "USD",
    "cik": "0000310764",
    "fillingDate": "2001-05-02",
    "acceptedDate": "2001-05-02 00:00:00",
    "calendarYear": "2001",
    "period": "Q1",
    "revenue": 634200000,
    "costOfRevenue": 214100000,
    "grossProfit": 420100000,
    "grossProfitRatio": 0.6624093346,
    "researchAndDevelopmentExpenses": 35400000,
    "generalAndAdministrativeExpenses": 243400000,
    "sellingAndMarketingExpenses": 0,
    "sellingGeneralAndAdministrativeExpenses": 243400000,
    "otherExpenses": 28100000,
    "operatingExpenses": 306900000,
    "costAndExpenses": 521000000,
    "interestIncome": 0,
    "interestExpense": 19500000,
    "depreciationAndAmortization": 42400000,
    "ebitda": 155600000,
    "ebitdaratio": 0.2453484705,
    "operatingIncome": 95000000,
    "operatingIncomeRatio": 0.1497950173,
    "totalOtherIncomeExpensesNet": -27400000,
    "incomeBeforeTax": 95700000,
    "incomeBeforeTaxRatio": 0.1508987701,
    "incomeTaxExpense": 31600000,
    "netIncome": 64100000,
    "netIncomeRatio": 0.101072217,
    "eps": 0.17,
    "epsdiluted": 0.16,
    "weightedAverageShsOut": 392000000,
    "weightedAverageShsOutDil": 405200000,
    "link": "https://www.sec.gov/Archives/edgar/data/310764/000031076401500012/0000310764-01-500012-index.htm",
    "finalLink": "https://www.sec.gov/Archives/edgar/data/310764/000031076401500012/q1-01.htm"
  },
  {
    "date": "2000-12-31",
    "symbol": "SYK",
    "reportedCurrency": "USD",
    "cik": "0000310764",
    "fillingDate": "2001-03-16",
    "acceptedDate": "2001-03-16 00:00:00",
    "calendarYear": "2000",
    "period": "Q4",
    "revenue": 612400000,
    "costOfRevenue": 197200000,
    "grossProfit": 415200000,
    "grossProfitRatio": 0.677988243,
    "researchAndDevelopmentExpenses": 33400000,
    "generalAndAdministrativeExpenses": 232200000,
    "sellingAndMarketingExpenses": 0,
    "sellingGeneralAndAdministrativeExpenses": 232200000,
    "otherExpenses": 27100000,
    "operatingExpenses": 292700000,
    "costAndExpenses": 489900000,
    "interestIncome": 0,
    "interestExpense": 96600000,
    "depreciationAndAmortization": 44000000,
    "ebitda": 166500000,
    "ebitdaratio": 0.2718811234,
    "operatingIncome": 104800000,
    "operatingIncomeRatio": 0.1711299804,
    "totalOtherIncomeExpensesNet": -112400000,
    "incomeBeforeTax": 100800000,
    "incomeBeforeTaxRatio": 0.1645983018,
    "incomeTaxExpense": 34300000,
    "netIncome": 66500000,
    "netIncomeRatio": 0.1085891574,
    "eps": 0.17,
    "epsdiluted": 0.16,
    "weightedAverageShsOut": 392000000,
    "weightedAverageShsOutDil": 405200000,
    "link": "https://www.sec.gov/Archives/edgar/data/310764/000031076401500006/0000310764-01-500006-index.htm",
    "finalLink": "https://www.sec.gov/Archives/edgar/data/310764/000031076401500006/syk10kuseme.htm"
  },
  {
    "date": "2000-09-30",
    "symbol": "SYK",
    "reportedCurrency": "USD",
    "cik": "0000310764",
    "fillingDate": "2000-10-31",
    "acceptedDate": "2000-10-31 00:00:00",
    "calendarYear": "2000",
    "period": "Q3",
    "revenue": 548400000,
    "costOfRevenue": 177500000,
    "grossProfit": 370900000,
    "grossProfitRatio": 0.6763311451,
    "researchAndDevelopmentExpenses": 29400000,
    "generalAndAdministrativeExpenses": 214800000,
    "sellingAndMarketingExpenses": 0,
    "sellingGeneralAndAdministrativeExpenses": 214800000,
    "otherExpenses": 25800000,
    "operatingExpenses": 270000000,
    "costAndExpenses": 447500000,
    "interestIncome": 0,
    "interestExpense": 23700000,
    "depreciationAndAmortization": 39800000,
    "ebitda": 140700000,
    "ebitdaratio": 0.2565645514,
    "operatingIncome": 83700000,
    "operatingIncomeRatio": 0.1526258206,
    "totalOtherIncomeExpensesNet": -33700000,
    "incomeBeforeTax": 75800000,
    "incomeBeforeTaxRatio": 0.1382202772,
    "incomeTaxExpense": 25800000,
    "netIncome": 50000000,
    "netIncomeRatio": 0.0911743253,
    "eps": 0.13,
    "epsdiluted": 0.13,
    "weightedAverageShsOut": 390600000,
    "weightedAverageShsOutDil": 403800000,
    "link": "https://www.sec.gov/Archives/edgar/data/310764/000031076400000034/0000310764-00-000034-index.htm",
    "finalLink": "https://www.sec.gov/Archives/edgar/data/310764/000031076400000034/0000310764-00-000034-0001.htm"
  },
  {
    "date": "2000-06-30",
    "symbol": "SYK",
    "reportedCurrency": "USD",
    "cik": "0000310764",
    "fillingDate": "2000-08-10",
    "acceptedDate": "2000-08-10 00:00:00",
    "calendarYear": "2000",
    "period": "Q2",
    "revenue": 566500000,
    "costOfRevenue": 183400000,
    "grossProfit": 383100000,
    "grossProfitRatio": 0.6762577229,
    "researchAndDevelopmentExpenses": 30800000,
    "generalAndAdministrativeExpenses": 220000000,
    "sellingAndMarketingExpenses": 0,
    "sellingGeneralAndAdministrativeExpenses": 220000000,
    "otherExpenses": 29100000,
    "operatingExpenses": 279900000,
    "costAndExpenses": 463300000,
    "interestIncome": 0,
    "interestExpense": 26000000,
    "depreciationAndAmortization": 44400000,
    "ebitda": 147600000,
    "ebitdaratio": 0.2605472198,
    "operatingIncome": 83600000,
    "operatingIncomeRatio": 0.1475728155,
    "totalOtherIncomeExpensesNet": -32900000,
    "incomeBeforeTax": 79800000,
    "incomeBeforeTaxRatio": 0.1408649603,
    "incomeTaxExpense": 27100000,
    "netIncome": 52700000,
    "netIncomeRatio": 0.093027361,
    "eps": 0.14,
    "epsdiluted": 0.13,
    "weightedAverageShsOut": 389800000,
    "weightedAverageShsOutDil": 401000000,
    "link": "https://www.sec.gov/Archives/edgar/data/310764/000031076400000029/0000310764-00-000029-index.htm",
    "finalLink": "https://www.sec.gov/Archives/edgar/data/310764/000031076400000029/0000310764-00-000029-0001.htm"
  },
  {
    "date": "2000-03-31",
    "symbol": "SYK",
    "reportedCurrency": "USD",
    "cik": "0000310764",
    "fillingDate": "2000-05-12",
    "acceptedDate": "2000-05-12 00:00:00",
    "calendarYear": "2000",
    "period": "Q1",
    "revenue": 562100000,
    "costOfRevenue": 182400000,
    "grossProfit": 379700000,
    "grossProfitRatio": 0.6755025796,
    "researchAndDevelopmentExpenses": 28600000,
    "generalAndAdministrativeExpenses": 218600000,
    "sellingAndMarketingExpenses": 0,
    "sellingGeneralAndAdministrativeExpenses": 218600000,
    "otherExpenses": 27400000,
    "operatingExpenses": 274600000,
    "costAndExpenses": 457000000,
    "interestIncome": 0,
    "interestExpense": 26200000,
    "depreciationAndAmortization": 40400000,
    "ebitda": 145500000,
    "ebitdaratio": 0.2588507383,
    "operatingIncome": 85900000,
    "operatingIncomeRatio": 0.152819783,
    "totalOtherIncomeExpensesNet": -34800000,
    "incomeBeforeTax": 78500000,
    "incomeBeforeTaxRatio": 0.1396548657,
    "incomeTaxExpense": 26700000,
    "netIncome": 51800000,
    "netIncomeRatio": 0.0921544209,
    "eps": 0.14,
    "epsdiluted": 0.13,
    "weightedAverageShsOut": 389000000,
    "weightedAverageShsOutDil": 399200000,
    "link": "https://www.sec.gov/Archives/edgar/data/310764/000031076400000027/0000310764-00-000027-index.html",
    "finalLink": "https://www.sec.gov/Archives/edgar/data/310764/000031076400000027/0000310764-00-000027-d1.html"
  },
  {
    "date": "1999-12-31",
    "symbol": "SYK",
    "reportedCurrency": "USD",
    "cik": "0000310764",
    "fillingDate": "2000-03-15",
    "acceptedDate": "2000-03-15 00:00:00",
    "calendarYear": "1999",
    "period": "Q4",
    "revenue": 559100000,
    "costOfRevenue": 186000000,
    "grossProfit": 373100000,
    "grossProfitRatio": 0.6673224826,
    "researchAndDevelopmentExpenses": 26800000,
    "generalAndAdministrativeExpenses": 213400000,
    "sellingAndMarketingExpenses": 0,
    "sellingGeneralAndAdministrativeExpenses": 213400000,
    "otherExpenses": 26500000,
    "operatingExpenses": 266700000,
    "costAndExpenses": 452700000,
    "interestIncome": 0,
    "interestExpense": 122600000,
    "depreciationAndAmortization": 44400000,
    "ebitda": 150800000,
    "ebitdaratio": 0.2697191916,
    "operatingIncome": 63200000,
    "operatingIncomeRatio": 0.1130388124,
    "totalOtherIncomeExpensesNet": 4100000,
    "incomeBeforeTax": 67300000,
    "incomeBeforeTaxRatio": 0.1203720265,
    "incomeTaxExpense": 23500000,
    "netIncome": 43800000,
    "netIncomeRatio": 0.0783401896,
    "eps": 0.11,
    "epsdiluted": 0.11,
    "weightedAverageShsOut": 389000000,
    "weightedAverageShsOutDil": 399200000,
    "link": "https://www.sec.gov/Archives/edgar/data/310764/000031076400000019/0000310764-00-000019-index.html",
    "finalLink": "https://www.sec.gov/Archives/edgar/data/310764/000031076400000019/0000310764-00-000019-d1.html"
  },
  {
    "date": "1999-09-30",
    "symbol": "SYK",
    "reportedCurrency": "USD",
    "cik": "0000310764",
    "fillingDate": "2000-02-22",
    "acceptedDate": "2000-02-22 00:00:00",
    "calendarYear": "1999",
    "period": "Q3",
    "revenue": 498900000,
    "costOfRevenue": 170100000,
    "grossProfit": 328800000,
    "grossProfitRatio": 0.6590499098,
    "researchAndDevelopmentExpenses": 26900000,
    "generalAndAdministrativeExpenses": 191100000,
    "sellingAndMarketingExpenses": 0,
    "sellingGeneralAndAdministrativeExpenses": 191100000,
    "otherExpenses": 24000000,
    "operatingExpenses": 242000000,
    "costAndExpenses": 412100000,
    "interestIncome": 0,
    "interestExpense": 29400000,
    "depreciationAndAmortization": 38800000,
    "ebitda": 125600000,
    "ebitdaratio": 0.2517538585,
    "operatingIncome": -43400000,
    "operatingIncomeRatio": -0.086991381,
    "totalOtherIncomeExpensesNet": -37700000,
    "incomeBeforeTax": 200000,
    "incomeBeforeTaxRatio": 0.0004008819,
    "incomeTaxExpense": 100000,
    "netIncome": 100000,
    "netIncomeRatio": 0.000200441,
    "eps": 0.0003,
    "epsdiluted": 0.0003,
    "weightedAverageShsOut": 387600000,
    "weightedAverageShsOutDil": 397600000,
    "link": "https://www.sec.gov/Archives/edgar/data/310764/000031076400000008/0000310764-00-000008-index.html",
    "finalLink": "https://www.sec.gov/Archives/edgar/data/310764/000031076400000008/0000310764-00-000008-d1.html"
  },
  {
    "date": "1999-06-30",
    "symbol": "SYK",
    "reportedCurrency": "USD",
    "cik": "0000310764",
    "fillingDate": "1999-07-28",
    "acceptedDate": "1999-07-28 00:00:00",
    "calendarYear": "1999",
    "period": "Q2",
    "revenue": 523300000,
    "costOfRevenue": 181800000,
    "grossProfit": 341500000,
    "grossProfitRatio": 0.6525893369,
    "researchAndDevelopmentExpenses": 26300000,
    "generalAndAdministrativeExpenses": 201600000,
    "sellingAndMarketingExpenses": 0,
    "sellingGeneralAndAdministrativeExpenses": 201600000,
    "otherExpenses": 24400000,
    "operatingExpenses": 252300000,
    "costAndExpenses": 434100000,
    "interestIncome": 0,
    "interestExpense": 32000000,
    "depreciationAndAmortization": 38600000,
    "ebitda": 127800000,
    "ebitdaratio": 0.244219377,
    "operatingIncome": -57500000,
    "operatingIncomeRatio": -0.1098796102,
    "totalOtherIncomeExpensesNet": -38500000,
    "incomeBeforeTax": -6200000,
    "incomeBeforeTaxRatio": -0.0118478884,
    "incomeTaxExpense": -2500000,
    "netIncome": -3700000,
    "netIncomeRatio": -0.007070514,
    "eps": -0.0095,
    "epsdiluted": -0.0093,
    "weightedAverageShsOut": 387600000,
    "weightedAverageShsOutDil": 397200000,
    "link": "https://www.sec.gov/Archives/edgar/data/310764/000095013799002659/0000950137-99-002659-index.html",
    "finalLink": "https://www.sec.gov/Archives/edgar/data/310764/000095013799002659/"
  },
  {
    "date": "1999-03-31",
    "symbol": "SYK",
    "reportedCurrency": "USD",
    "cik": "0000310764",
    "fillingDate": "2000-02-22",
    "acceptedDate": "2000-02-22 00:00:00",
    "calendarYear": "1999",
    "period": "Q1",
    "revenue": 522400000,
    "costOfRevenue": 185800000,
    "grossProfit": 336600000,
    "grossProfitRatio": 0.6443338438,
    "researchAndDevelopmentExpenses": 25200000,
    "generalAndAdministrativeExpenses": 202300000,
    "sellingAndMarketingExpenses": 0,
    "sellingGeneralAndAdministrativeExpenses": 202300000,
    "otherExpenses": 26800000,
    "operatingExpenses": 254300000,
    "costAndExpenses": 440100000,
    "interestIncome": 0,
    "interestExpense": 0,
    "depreciationAndAmortization": 41000000,
    "ebitda": 123300000,
    "ebitdaratio": 0.2360260337,
    "operatingIncome": -80700000,
    "operatingIncomeRatio": -0.1544793262,
    "totalOtherIncomeExpensesNet": -59800000,
    "incomeBeforeTax": -31500000,
    "incomeBeforeTaxRatio": -0.0602986217,
    "incomeTaxExpense": -10700000,
    "netIncome": -20800000,
    "netIncomeRatio": -0.0398162328,
    "eps": -0.0537,
    "epsdiluted": -0.0526,
    "weightedAverageShsOut": 387200000,
    "weightedAverageShsOutDil": 395200000,
    "link": "https://www.sec.gov/Archives/edgar/data/310764/000031076400000007/0000310764-00-000007-index.html",
    "finalLink": "https://www.sec.gov/Archives/edgar/data/310764/000031076400000007/0000310764-00-000007-d1.html"
  },
  {
    "date": "1998-12-31",
    "symbol": "SYK",
    "reportedCurrency": "USD",
    "cik": "0000310764",
    "fillingDate": "1999-03-31",
    "acceptedDate": "1999-03-31 00:00:00",
    "calendarYear": "1998",
    "period": "Q4",
    "revenue": 321400000,
    "costOfRevenue": 133900000,
    "grossProfit": 187500000,
    "grossProfitRatio": 0.5833851898,
    "researchAndDevelopmentExpenses": 19700000,
    "generalAndAdministrativeExpenses": 117700000,
    "sellingAndMarketingExpenses": 0,
    "sellingGeneralAndAdministrativeExpenses": 117700000,
    "otherExpenses": 13500000,
    "operatingExpenses": 150900000,
    "costAndExpenses": 284800000,
    "interestIncome": 0,
    "interestExpense": 0,
    "depreciationAndAmortization": 13500000,
    "ebitda": 50100000,
    "ebitdaratio": 0.1558805227,
    "operatingIncome": 36600000,
    "operatingIncomeRatio": 0.113876789,
    "totalOtherIncomeExpensesNet": -139700000,
    "incomeBeforeTax": -103100000,
    "incomeBeforeTaxRatio": -0.3207840697,
    "incomeTaxExpense": -36700000,
    "netIncome": -66400000,
    "netIncomeRatio": -0.2065961419,
    "eps": -0.17,
    "epsdiluted": -0.17,
    "weightedAverageShsOut": 387200000,
    "weightedAverageShsOutDil": 395200000,
    "link": "https://www.sec.gov/Archives/edgar/data/310764/000031076499000008/0000310764-99-000008-index.html",
    "finalLink": "https://www.sec.gov/Archives/edgar/data/310764/"
  },
  {
    "date": "1998-09-30",
    "symbol": "SYK",
    "reportedCurrency": "USD",
    "cik": "0000310764",
    "fillingDate": "1998-11-02",
    "acceptedDate": "1998-11-02 00:00:00",
    "calendarYear": "1998",
    "period": "Q3",
    "revenue": 261000000,
    "costOfRevenue": 103500000,
    "grossProfit": 157500000,
    "grossProfitRatio": 0.6034482759,
    "researchAndDevelopmentExpenses": 13000000,
    "generalAndAdministrativeExpenses": 87100000,
    "sellingAndMarketingExpenses": 0,
    "sellingGeneralAndAdministrativeExpenses": 87100000,
    "otherExpenses": 8300000,
    "operatingExpenses": 108400000,
    "costAndExpenses": 211900000,
    "interestIncome": 0,
    "interestExpense": 0,
    "depreciationAndAmortization": 8300000,
    "ebitda": 57400000,
    "ebitdaratio": 0.2199233716,
    "operatingIncome": 49100000,
    "operatingIncomeRatio": 0.1881226054,
    "totalOtherIncomeExpensesNet": 4400000,
    "incomeBeforeTax": 53500000,
    "incomeBeforeTaxRatio": 0.2049808429,
    "incomeTaxExpense": 18700000,
    "netIncome": 34800000,
    "netIncomeRatio": 0.1333333333,
    "eps": 0.09,
    "epsdiluted": 0.09,
    "weightedAverageShsOut": 386666667,
    "weightedAverageShsOutDil": 386666667,
    "link": "https://www.sec.gov/Archives/edgar/data/310764/000031076498000014/0000310764-98-000014-index.html",
    "finalLink": "https://www.sec.gov/Archives/edgar/data/310764/"
  },
  {
    "date": "1998-06-30",
    "symbol": "SYK",
    "reportedCurrency": "USD",
    "cik": "0000310764",
    "fillingDate": "1998-08-14",
    "acceptedDate": "1998-08-14 00:00:00",
    "calendarYear": "1998",
    "period": "Q2",
    "revenue": 267300000,
    "costOfRevenue": 103600000,
    "grossProfit": 163700000,
    "grossProfitRatio": 0.6124205013,
    "researchAndDevelopmentExpenses": 15400000,
    "generalAndAdministrativeExpenses": 89400000,
    "sellingAndMarketingExpenses": 0,
    "sellingGeneralAndAdministrativeExpenses": 89400000,
    "otherExpenses": 7900000,
    "operatingExpenses": 112700000,
    "costAndExpenses": 216300000,
    "interestIncome": 0,
    "interestExpense": 0,
    "depreciationAndAmortization": 7900000,
    "ebitda": 58900000,
    "ebitdaratio": 0.2203516648,
    "operatingIncome": 51000000,
    "operatingIncomeRatio": 0.1907968575,
    "totalOtherIncomeExpensesNet": 3300000,
    "incomeBeforeTax": 54300000,
    "incomeBeforeTaxRatio": 0.2031425365,
    "incomeTaxExpense": 19000000,
    "netIncome": 35300000,
    "netIncomeRatio": 0.1320613543,
    "eps": 0.095,
    "epsdiluted": 0.09,
    "weightedAverageShsOut": 371578947,
    "weightedAverageShsOutDil": 392222222,
    "link": "https://www.sec.gov/Archives/edgar/data/310764/000031076498000012/0000310764-98-000012-index.html",
    "finalLink": "https://www.sec.gov/Archives/edgar/data/310764/"
  },
  {
    "date": "1998-03-31",
    "symbol": "SYK",
    "reportedCurrency": "USD",
    "cik": "0000310764",
    "fillingDate": "1998-05-07",
    "acceptedDate": "1998-05-07 00:00:00",
    "calendarYear": "1998",
    "period": "Q1",
    "revenue": 253600000,
    "costOfRevenue": 93500000,
    "grossProfit": 160100000,
    "grossProfitRatio": 0.6313091483,
    "researchAndDevelopmentExpenses": 13000000,
    "generalAndAdministrativeExpenses": 86900000,
    "sellingAndMarketingExpenses": 0,
    "sellingGeneralAndAdministrativeExpenses": 86900000,
    "otherExpenses": 7900000,
    "operatingExpenses": 107800000,
    "costAndExpenses": 201300000,
    "interestIncome": 0,
    "interestExpense": 0,
    "depreciationAndAmortization": 7900000,
    "ebitda": 64400000,
    "ebitdaratio": 0.2539432177,
    "operatingIncome": 52300000,
    "operatingIncomeRatio": 0.2062302839,
    "totalOtherIncomeExpensesNet": 3100000,
    "incomeBeforeTax": 55400000,
    "incomeBeforeTaxRatio": 0.2184542587,
    "incomeTaxExpense": 19400000,
    "netIncome": 36000000,
    "netIncomeRatio": 0.141955836,
    "eps": 0.095,
    "epsdiluted": 0.095,
    "weightedAverageShsOut": 378947368,
    "weightedAverageShsOutDil": 378947368,
    "link": "https://www.sec.gov/Archives/edgar/data/310764/000031076498000010/0000310764-98-000010-index.html",
    "finalLink": "https://www.sec.gov/Archives/edgar/data/310764/"
  },
  {
    "date": "1997-12-31",
    "symbol": "SYK",
    "reportedCurrency": "USD",
    "cik": "0000310764",
    "fillingDate": "1998-03-26",
    "acceptedDate": "1998-03-26 00:00:00",
    "calendarYear": "1997",
    "period": "Q4",
    "revenue": 254400000,
    "costOfRevenue": 93700000,
    "grossProfit": 160700000,
    "grossProfitRatio": 0.6316823899,
    "researchAndDevelopmentExpenses": 14600000,
    "generalAndAdministrativeExpenses": 86800000,
    "sellingAndMarketingExpenses": 0,
    "sellingGeneralAndAdministrativeExpenses": 86800000,
    "otherExpenses": 8100000,
    "operatingExpenses": 109500000,
    "costAndExpenses": 203200000,
    "interestIncome": 0,
    "interestExpense": 0,
    "depreciationAndAmortization": 8100000,
    "ebitda": 59300000,
    "ebitdaratio": 0.2330974843,
    "operatingIncome": 51200000,
    "operatingIncomeRatio": 0.2012578616,
    "totalOtherIncomeExpensesNet": 3700000,
    "incomeBeforeTax": 54900000,
    "incomeBeforeTaxRatio": 0.2158018868,
    "incomeTaxExpense": 18000000,
    "netIncome": 36900000,
    "netIncomeRatio": 0.1450471698,
    "eps": 0.097,
    "epsdiluted": 0.097,
    "weightedAverageShsOut": 378947368,
    "weightedAverageShsOutDil": 378947368,
    "link": "https://www.sec.gov/Archives/edgar/data/310764/000031076498000008/0000310764-98-000008-index.html",
    "finalLink": "https://www.sec.gov/Archives/edgar/data/310764/"
  },
  {
    "date": "1997-09-30",
    "symbol": "SYK",
    "reportedCurrency": "USD",
    "cik": "0000310764",
    "fillingDate": "1997-11-13",
    "acceptedDate": "1997-11-13 00:00:00",
    "calendarYear": "1997",
    "period": "Q3",
    "revenue": 238100000,
    "costOfRevenue": 90000000,
    "grossProfit": 148100000,
    "grossProfitRatio": 0.6220075598,
    "researchAndDevelopmentExpenses": 14300000,
    "generalAndAdministrativeExpenses": 82600000,
    "sellingAndMarketingExpenses": 0,
    "sellingGeneralAndAdministrativeExpenses": 82600000,
    "otherExpenses": 7800000,
    "operatingExpenses": 104700000,
    "costAndExpenses": 194700000,
    "interestIncome": 0,
    "interestExpense": 0,
    "depreciationAndAmortization": 7800000,
    "ebitda": 51200000,
    "ebitdaratio": 0.2150356993,
    "operatingIncome": 43400000,
    "operatingIncomeRatio": 0.1822763545,
    "totalOtherIncomeExpensesNet": 2400000,
    "incomeBeforeTax": 45800000,
    "incomeBeforeTaxRatio": 0.1923561529,
    "incomeTaxExpense": 16800000,
    "netIncome": 29000000,
    "netIncomeRatio": 0.121797564,
    "eps": 0.075,
    "epsdiluted": 0.075,
    "weightedAverageShsOut": 386666667,
    "weightedAverageShsOutDil": 386666667,
    "link": "https://www.sec.gov/Archives/edgar/data/310764/000031076497000015/0000310764-97-000015-index.html",
    "finalLink": "https://www.sec.gov/Archives/edgar/data/310764/"
  },
  {
    "date": "1997-06-30",
    "symbol": "SYK",
    "reportedCurrency": "USD",
    "cik": "0000310764",
    "fillingDate": "1997-08-13",
    "acceptedDate": "1997-08-13 00:00:00",
    "calendarYear": "1997",
    "period": "Q2",
    "revenue": 248000000,
    "costOfRevenue": 92800000,
    "grossProfit": 155200000,
    "grossProfitRatio": 0.6258064516,
    "researchAndDevelopmentExpenses": 14400000,
    "generalAndAdministrativeExpenses": 88100000,
    "sellingAndMarketingExpenses": 0,
    "sellingGeneralAndAdministrativeExpenses": 88100000,
    "otherExpenses": 7700000,
    "operatingExpenses": 110200000,
    "costAndExpenses": 203000000,
    "interestIncome": 0,
    "interestExpense": 0,
    "depreciationAndAmortization": 7700000,
    "ebitda": 52700000,
    "ebitdaratio": 0.2125,
    "operatingIncome": 45000000,
    "operatingIncomeRatio": 0.1814516129,
    "totalOtherIncomeExpensesNet": 1700000,
    "incomeBeforeTax": 46700000,
    "incomeBeforeTaxRatio": 0.1883064516,
    "incomeTaxExpense": 17300000,
    "netIncome": 29400000,
    "netIncomeRatio": 0.1185483871,
    "eps": 0.08,
    "epsdiluted": 0.075,
    "weightedAverageShsOut": 367500000,
    "weightedAverageShsOutDil": 392000000,
    "link": "https://www.sec.gov/Archives/edgar/data/310764/000031076497000013/0000310764-97-000013-index.html",
    "finalLink": "https://www.sec.gov/Archives/edgar/data/310764/"
  },
  {
    "date": "1997-03-31",
    "symbol": "SYK",
    "reportedCurrency": "USD",
    "cik": "0000310764",
    "fillingDate": "1997-05-07",
    "acceptedDate": "1997-05-07 00:00:00",
    "calendarYear": "1997",
    "period": "Q1",
    "revenue": 239500000,
    "costOfRevenue": 88000000,
    "grossProfit": 151500000,
    "grossProfitRatio": 0.6325678497,
    "researchAndDevelopmentExpenses": 13700000,
    "generalAndAdministrativeExpenses": 84000000,
    "sellingAndMarketingExpenses": 0,
    "sellingGeneralAndAdministrativeExpenses": 84000000,
    "otherExpenses": 9700000,
    "operatingExpenses": 107400000,
    "costAndExpenses": 195400000,
    "interestIncome": 0,
    "interestExpense": 0,
    "depreciationAndAmortization": 9700000,
    "ebitda": 53800000,
    "ebitdaratio": 0.2246346555,
    "operatingIncome": 44100000,
    "operatingIncomeRatio": 0.1841336117,
    "totalOtherIncomeExpensesNet": 3700000,
    "incomeBeforeTax": 47800000,
    "incomeBeforeTaxRatio": 0.1995824635,
    "incomeTaxExpense": 17800000,
    "netIncome": 30000000,
    "netIncomeRatio": 0.1252609603,
    "eps": 0.08,
    "epsdiluted": 0.075,
    "weightedAverageShsOut": 375000000,
    "weightedAverageShsOutDil": 400000000,
    "link": "https://www.sec.gov/Archives/edgar/data/310764/000031076497000009/0000310764-97-000009-index.html",
    "finalLink": "https://www.sec.gov/Archives/edgar/data/310764/"
  },
  {
    "date": "1996-12-31",
    "symbol": "SYK",
    "reportedCurrency": "USD",
    "cik": "0000310764",
    "fillingDate": "1997-03-25",
    "acceptedDate": "1997-03-25 00:00:00",
    "calendarYear": "1996",
    "period": "Q4",
    "revenue": 243500000,
    "costOfRevenue": 103200000,
    "grossProfit": 140300000,
    "grossProfitRatio": 0.5761806982,
    "researchAndDevelopmentExpenses": 16500000,
    "generalAndAdministrativeExpenses": 91600000,
    "sellingAndMarketingExpenses": 0,
    "sellingGeneralAndAdministrativeExpenses": 91600000,
    "otherExpenses": 13100000,
    "operatingExpenses": 121200000,
    "costAndExpenses": 224400000,
    "interestIncome": 0,
    "interestExpense": 0,
    "depreciationAndAmortization": 13100000,
    "ebitda": 32200000,
    "ebitdaratio": 0.132238193,
    "operatingIncome": 19100000,
    "operatingIncomeRatio": 0.0784394251,
    "totalOtherIncomeExpensesNet": 27100000,
    "incomeBeforeTax": 46200000,
    "incomeBeforeTaxRatio": 0.1897330595,
    "incomeTaxExpense": 15400000,
    "netIncome": 30800000,
    "netIncomeRatio": 0.1264887064,
    "eps": 0.082,
    "epsdiluted": 0.077,
    "weightedAverageShsOut": 375000000,
    "weightedAverageShsOutDil": 400000000,
    "link": "https://www.sec.gov/Archives/edgar/data/310764/000031076497000005/0000310764-97-000005-index.html",
    "finalLink": "https://www.sec.gov/Archives/edgar/data/310764/"
  },
  {
    "date": "1996-09-30",
    "symbol": "SYK",
    "reportedCurrency": "USD",
    "cik": "0000310764",
    "fillingDate": "1996-10-28",
    "acceptedDate": "1996-10-28 00:00:00",
    "calendarYear": "1996",
    "period": "Q3",
    "revenue": 223600000,
    "costOfRevenue": 86900000,
    "grossProfit": 136700000,
    "grossProfitRatio": 0.6113595707,
    "researchAndDevelopmentExpenses": 14300000,
    "generalAndAdministrativeExpenses": 78200000,
    "sellingAndMarketingExpenses": 0,
    "sellingGeneralAndAdministrativeExpenses": 78200000,
    "otherExpenses": 7500000,
    "operatingExpenses": 100000000,
    "costAndExpenses": 186900000,
    "interestIncome": 0,
    "interestExpense": 0,
    "depreciationAndAmortization": 7500000,
    "ebitda": 44200000,
    "ebitdaratio": 0.1976744186,
    "operatingIncome": 36700000,
    "operatingIncomeRatio": 0.1641323792,
    "totalOtherIncomeExpensesNet": 2300000,
    "incomeBeforeTax": 39000000,
    "incomeBeforeTaxRatio": 0.1744186047,
    "incomeTaxExpense": 14800000,
    "netIncome": 24200000,
    "netIncomeRatio": 0.1082289803,
    "eps": 0.065,
    "epsdiluted": 0.065,
    "weightedAverageShsOut": 372307692,
    "weightedAverageShsOutDil": 372307692,
    "link": "https://www.sec.gov/Archives/edgar/data/310764/000031076496000017/0000310764-96-000017-index.html",
    "finalLink": "https://www.sec.gov/Archives/edgar/data/310764/"
  },
  {
    "date": "1996-06-30",
    "symbol": "SYK",
    "reportedCurrency": "USD",
    "cik": "0000310764",
    "fillingDate": "1996-08-07",
    "acceptedDate": "1996-08-07 00:00:00",
    "calendarYear": "1996",
    "period": "Q2",
    "revenue": 225400000,
    "costOfRevenue": 85300000,
    "grossProfit": 140100000,
    "grossProfitRatio": 0.6215616681,
    "researchAndDevelopmentExpenses": 13800000,
    "generalAndAdministrativeExpenses": 80600000,
    "sellingAndMarketingExpenses": 0,
    "sellingGeneralAndAdministrativeExpenses": 80600000,
    "otherExpenses": 7100000,
    "operatingExpenses": 101500000,
    "costAndExpenses": 186800000,
    "interestIncome": 0,
    "interestExpense": 0,
    "depreciationAndAmortization": 7100000,
    "ebitda": 45700000,
    "ebitdaratio": 0.2027506655,
    "operatingIncome": 38600000,
    "operatingIncomeRatio": 0.1712511091,
    "totalOtherIncomeExpensesNet": 1500000,
    "incomeBeforeTax": 40100000,
    "incomeBeforeTaxRatio": 0.177905945,
    "incomeTaxExpense": 15600000,
    "netIncome": 24500000,
    "netIncomeRatio": 0.1086956522,
    "eps": 0.065,
    "epsdiluted": 0.065,
    "weightedAverageShsOut": 376923077,
    "weightedAverageShsOutDil": 376923077,
    "link": "https://www.sec.gov/Archives/edgar/data/310764/000031076496000010/0000310764-96-000010-index.html",
    "finalLink": "https://www.sec.gov/Archives/edgar/data/310764/"
  },
  {
    "date": "1996-03-31",
    "symbol": "SYK",
    "reportedCurrency": "USD",
    "cik": "0000310764",
    "fillingDate": "1996-05-15",
    "acceptedDate": "1996-05-15 00:00:00",
    "calendarYear": "1996",
    "period": "Q1",
    "revenue": 217600000,
    "costOfRevenue": 82300000,
    "grossProfit": 135300000,
    "grossProfitRatio": 0.6217830882,
    "researchAndDevelopmentExpenses": 12300000,
    "generalAndAdministrativeExpenses": 76200000,
    "sellingAndMarketingExpenses": 0,
    "sellingGeneralAndAdministrativeExpenses": 76200000,
    "otherExpenses": 7000000,
    "operatingExpenses": 95500000,
    "costAndExpenses": 177800000,
    "interestIncome": 0,
    "interestExpense": 0,
    "depreciationAndAmortization": 7000000,
    "ebitda": 46800000,
    "ebitdaratio": 0.2150735294,
    "operatingIncome": 39800000,
    "operatingIncomeRatio": 0.1829044118,
    "totalOtherIncomeExpensesNet": 1100000,
    "incomeBeforeTax": 40900000,
    "incomeBeforeTaxRatio": 0.1879595588,
    "incomeTaxExpense": 15900000,
    "netIncome": 25000000,
    "netIncomeRatio": 0.1148897059,
    "eps": 0.065,
    "epsdiluted": 0.065,
    "weightedAverageShsOut": 384615385,
    "weightedAverageShsOutDil": 384615385,
    "link": "https://www.sec.gov/Archives/edgar/data/310764/000031076496000006/0000310764-96-000006-index.html",
    "finalLink": "https://www.sec.gov/Archives/edgar/data/310764/"
  },
  {
    "date": "1995-12-31",
    "symbol": "SYK",
    "reportedCurrency": "USD",
    "cik": "0000310764",
    "fillingDate": "1996-03-28",
    "acceptedDate": "1996-03-28 00:00:00",
    "calendarYear": "1995",
    "period": "Q4",
    "revenue": 224100000,
    "costOfRevenue": 86100000,
    "grossProfit": 138000000,
    "grossProfitRatio": 0.6157965194,
    "researchAndDevelopmentExpenses": 11500000,
    "generalAndAdministrativeExpenses": 75100000,
    "sellingAndMarketingExpenses": 0,
    "sellingGeneralAndAdministrativeExpenses": 75100000,
    "otherExpenses": 9400000,
    "operatingExpenses": 96000000,
    "costAndExpenses": 182100000,
    "interestIncome": 0,
    "interestExpense": 0,
    "depreciationAndAmortization": 9400000,
    "ebitda": 51400000,
    "ebitdaratio": 0.229361892,
    "operatingIncome": 42000000,
    "operatingIncomeRatio": 0.187416332,
    "totalOtherIncomeExpensesNet": 1300000,
    "incomeBeforeTax": 43300000,
    "incomeBeforeTaxRatio": 0.1932173137,
    "incomeTaxExpense": 17600000,
    "netIncome": 25700000,
    "netIncomeRatio": 0.114680946,
    "eps": 0.067,
    "epsdiluted": 0.067,
    "weightedAverageShsOut": 384615385,
    "weightedAverageShsOutDil": 384615385,
    "link": "https://www.sec.gov/Archives/edgar/data/310764/000031076496000004/0000310764-96-000004-index.html",
    "finalLink": "https://www.sec.gov/Archives/edgar/data/310764/"
  },
  {
    "date": "1995-09-30",
    "symbol": "SYK",
    "reportedCurrency": "USD",
    "cik": "0000310764",
    "fillingDate": "1995-11-07",
    "acceptedDate": "1995-11-07 00:00:00",
    "calendarYear": "1995",
    "period": "Q3",
    "revenue": 205400000,
    "costOfRevenue": 82300000,
    "grossProfit": 123100000,
    "grossProfitRatio": 0.5993184031,
    "researchAndDevelopmentExpenses": 9700000,
    "generalAndAdministrativeExpenses": 72300000,
    "sellingAndMarketingExpenses": 0,
    "sellingGeneralAndAdministrativeExpenses": 72300000,
    "otherExpenses": 6500000,
    "operatingExpenses": 88500000,
    "costAndExpenses": 170800000,
    "interestIncome": 0,
    "interestExpense": 0,
    "depreciationAndAmortization": 6500000,
    "ebitda": 41100000,
    "ebitdaratio": 0.200097371,
    "operatingIncome": 34600000,
    "operatingIncomeRatio": 0.1684518014,
    "totalOtherIncomeExpensesNet": -100000,
    "incomeBeforeTax": 34500000,
    "incomeBeforeTaxRatio": 0.1679649464,
    "incomeTaxExpense": 14400000,
    "netIncome": 20100000,
    "netIncomeRatio": 0.0978578384,
    "eps": 0.055,
    "epsdiluted": 0.055,
    "weightedAverageShsOut": 365454545,
    "weightedAverageShsOutDil": 365454545,
    "link": "https://www.sec.gov/Archives/edgar/data/310764/000031076495000013/0000310764-95-000013-index.html",
    "finalLink": "https://www.sec.gov/Archives/edgar/data/310764/"
  }
]