[
  {
    "date": "2024-12-31",
    "symbol": "SYK",
    "reportedCurrency": "USD",
    "cik": "0000310764",
    "fillingDate": "2025-02-12",
    "acceptedDate": "2025-02-12 11:47:17",
    "calendarYear": "2024",
    "period": "FY",
    "revenue": 22595000000,
    "costOfRevenue": 8615000000,
    "grossProfit": 13980000000,
    "grossProfitRatio": 0.618720956,
    "researchAndDevelopmentExpenses": 1414000000,
    "generalAndAdministrativeExpenses": 0,
    "sellingAndMarketingExpenses": 0,
    "sellingGeneralAndAdministrativeExpenses": 7505000000,
    "otherExpenses": 0,
    "operatingExpenses": 8919000000,
    "costAndExpenses": 17534000000,
    "interestIncome": 139000000,
    "interestExpense": 396000000,
    "depreciationAndAmortization": 1050000000,
    "ebitda": 4938000000,
    "ebitdaratio": 0.2185439256,
    "operatingIncome": 5061000000,
    "operatingIncomeRatio": 0.2239876079,
    "totalOtherIncomeExpensesNet": -1569000000,
    "incomeBeforeTax": 3492000000,
    "incomeBeforeTaxRatio": 0.1545474663,
    "incomeTaxExpense": 499000000,
    "netIncome": 2993000000,
    "netIncomeRatio": 0.1324629343,
    "eps": 7.86,
    "epsdiluted": 7.76,
    "weightedAverageShsOut": 381000000,
    "weightedAverageShsOutDil": 385600000,
    "link": "https://www.sec.gov/Archives/edgar/data/310764/000031076425000023/0000310764-25-000023-index.htm",
    "finalLink": "https://www.sec.gov/Archives/edgar/data/310764/000031076425000023/syk-20241231.htm"
  },
  {
    "date": "2023-12-31",
    "symbol": "SYK",
    "reportedCurrency": "USD",
    "cik": "0000310764",
    "fillingDate": "2024-02-14",
    "acceptedDate": "2024-02-14 10:55:50",
    "calendarYear": "2023",
    "period": "FY",
    "revenue": 20498000000,
    "costOfRevenue": 8004000000,
    "grossProfit": 12494000000,
    "grossProfitRatio": 0.6095228803,
    "researchAndDevelopmentExpenses": 1293000000,
    "generalAndAdministrativeExpenses": 0,
    "sellingAndMarketingExpenses": 0,
    "sellingGeneralAndAdministrativeExpenses": 6920000000,
    "otherExpenses": 0,
    "operatingExpenses": 8213000000,
    "costAndExpenses": 16217000000,
    "interestIncome": 75000000,
    "interestExpense": 356000000,
    "depreciationAndAmortization": 1028000000,
    "ebitda": 5057000000,
    "ebitdaratio": 0.2467069958,
    "operatingIncome": 4281000000,
    "operatingIncomeRatio": 0.2088496439,
    "totalOtherIncomeExpensesNet": -608000000,
    "incomeBeforeTax": 3673000000,
    "incomeBeforeTaxRatio": 0.1791882135,
    "incomeTaxExpense": 508000000,
    "netIncome": 3165000000,
    "netIncomeRatio": 0.1544053078,
    "eps": 8.34,
    "epsdiluted": 8.25,
    "weightedAverageShsOut": 379600000,
    "weightedAverageShsOutDil": 383700000,
    "link": "https://www.sec.gov/Archives/edgar/data/310764/000031076424000024/0000310764-24-000024-index.htm",
    "finalLink": "https://www.sec.gov/Archives/edgar/data/310764/000031076424000024/syk-20231231.htm"
  },
  {
    "date": "2022-12-31",
    "symbol": "SYK",
    "reportedCurrency": "USD",
    "cik": "0000310764",
    "fillingDate": "2023-02-10",
    "acceptedDate": "2023-02-10 16:18:01",
    "calendarYear": "2022",
    "period": "FY",
    "revenue": 18449000000,
    "costOfRevenue": 7409000000,
    "grossProfit": 11040000000,
    "grossProfitRatio": 0.5984064177,
    "researchAndDevelopmentExpenses": 1230000000,
    "generalAndAdministrativeExpenses": 0,
    "sellingAndMarketingExpenses": 0,
    "sellingGeneralAndAdministrativeExpenses": 6076000000,
    "otherExpenses": 0,
    "operatingExpenses": 7306000000,
    "costAndExpenses": 14715000000,
    "interestIncome": 94000000,
    "interestExpense": 337000000,
    "depreciationAndAmortization": 998000000,
    "ebitda": 4018000000,
    "ebitdaratio": 0.2177895821,
    "operatingIncome": 3734000000,
    "operatingIncomeRatio": 0.2023957938,
    "totalOtherIncomeExpensesNet": -1051000000,
    "incomeBeforeTax": 2683000000,
    "incomeBeforeTaxRatio": 0.1454279365,
    "incomeTaxExpense": 325000000,
    "netIncome": 2358000000,
    "netIncomeRatio": 0.1278118055,
    "eps": 6.23,
    "epsdiluted": 6.17,
    "weightedAverageShsOut": 378200000,
    "weightedAverageShsOutDil": 382200000,
    "link": "https://www.sec.gov/Archives/edgar/data/310764/000031076423000017/0000310764-23-000017-index.htm",
    "finalLink": "https://www.sec.gov/Archives/edgar/data/310764/000031076423000017/syk-20221231.htm"
  },
  {
    "date": "2021-12-31",
    "symbol": "SYK",
    "reportedCurrency": "USD",
    "cik": "0000310764",
    "fillingDate": "2022-02-11",
    "acceptedDate": "2022-02-11 13:02:17",
    "calendarYear": "2021",
    "period": "FY",
    "revenue": 17108000000,
    "costOfRevenue": 6399000000,
    "grossProfit": 10709000000,
    "grossProfitRatio": 0.6259644611,
    "researchAndDevelopmentExpenses": 1133000000,
    "generalAndAdministrativeExpenses": 0,
    "sellingAndMarketingExpenses": 0,
    "sellingGeneralAndAdministrativeExpenses": 5813000000,
    "otherExpenses": 0,
    "operatingExpenses": 6946000000,
    "costAndExpenses": 13345000000,
    "interestIncome": 68000000,
    "interestExpense": 337000000,
    "depreciationAndAmortization": 990000000,
    "ebitda": 3608000000,
    "ebitdaratio": 0.2108954875,
    "operatingIncome": 3763000000,
    "operatingIncomeRatio": 0.2199555763,
    "totalOtherIncomeExpensesNet": -1482000000,
    "incomeBeforeTax": 2281000000,
    "incomeBeforeTaxRatio": 0.1333294365,
    "incomeTaxExpense": 287000000,
    "netIncome": 1994000000,
    "netIncomeRatio": 0.1165536591,
    "eps": 5.29,
    "epsdiluted": 5.22,
    "weightedAverageShsOut": 377000000,
    "weightedAverageShsOutDil": 382300000,
    "link": "https://www.sec.gov/Archives/edgar/data/310764/000031076422000028/0000310764-22-000028-index.htm",
    "finalLink": "https://www.sec.gov/Archives/edgar/data/310764/000031076422000028/syk-20211231.htm"
  },
  {
    "date": "2020-12-31",
    "symbol": "SYK",
    "reportedCurrency": "USD",
    "cik": "0000310764",
    "fillingDate": "2021-02-11",
    "acceptedDate": "2021-02-11 11:17:32",
    "calendarYear": "2020",
    "period": "FY",
    "revenue": 14351000000,
    "costOfRevenue": 5598000000,
    "grossProfit": 8753000000,
    "grossProfitRatio": 0.6099226535,
    "researchAndDevelopmentExpenses": 905000000,
    "generalAndAdministrativeExpenses": 0,
    "sellingAndMarketingExpenses": 0,
    "sellingGeneralAndAdministrativeExpenses": 4820000000,
    "otherExpenses": 0,
    "operatingExpenses": 5725000000,
    "costAndExpenses": 11323000000,
    "interestIncome": 102000000,
    "interestExpense": 315000000,
    "depreciationAndAmortization": 812000000,
    "ebitda": 3081000000,
    "ebitdaratio": 0.2146888719,
    "operatingIncome": 3028000000,
    "operatingIncomeRatio": 0.2109957494,
    "totalOtherIncomeExpensesNet": -1074000000,
    "incomeBeforeTax": 1954000000,
    "incomeBeforeTaxRatio": 0.136157759,
    "incomeTaxExpense": 355000000,
    "netIncome": 1599000000,
    "netIncomeRatio": 0.1114208069,
    "eps": 4.26,
    "epsdiluted": 4.2,
    "weightedAverageShsOut": 375500000,
    "weightedAverageShsOutDil": 380300000,
    "link": "https://www.sec.gov/Archives/edgar/data/310764/000031076421000027/0000310764-21-000027-index.htm",
    "finalLink": "https://www.sec.gov/Archives/edgar/data/310764/000031076421000027/syk-20201231.htm"
  },
  {
    "date": "2019-12-31",
    "symbol": "SYK",
    "reportedCurrency": "USD",
    "cik": "0000310764",
    "fillingDate": "2020-02-06",
    "acceptedDate": "2020-02-06 10:12:26",
    "calendarYear": "2019",
    "period": "FY",
    "revenue": 14884000000,
    "costOfRevenue": 5502000000,
    "grossProfit": 9382000000,
    "grossProfitRatio": 0.6303413061,
    "researchAndDevelopmentExpenses": 971000000,
    "generalAndAdministrativeExpenses": 0,
    "sellingAndMarketingExpenses": 0,
    "sellingGeneralAndAdministrativeExpenses": 5023000000,
    "otherExpenses": 0,
    "operatingExpenses": 5994000000,
    "costAndExpenses": 11496000000,
    "interestIncome": 155000000,
    "interestExpense": 287000000,
    "depreciationAndAmortization": 778000000,
    "ebitda": 3627000000,
    "ebitdaratio": 0.2436844934,
    "operatingIncome": 3388000000,
    "operatingIncomeRatio": 0.227626982,
    "totalOtherIncomeExpensesNet": -826000000,
    "incomeBeforeTax": 2562000000,
    "incomeBeforeTaxRatio": 0.1721311475,
    "incomeTaxExpense": 479000000,
    "netIncome": 2083000000,
    "netIncomeRatio": 0.1399489385,
    "eps": 5.57,
    "epsdiluted": 5.48,
    "weightedAverageShsOut": 374000000,
    "weightedAverageShsOutDil": 379900000,
    "link": "https://www.sec.gov/Archives/edgar/data/310764/000031076420000014/0000310764-20-000014-index.htm",
    "finalLink": "https://www.sec.gov/Archives/edgar/data/310764/000031076420000014/syk10k12312019.htm"
  },
  {
    "date": "2018-12-31",
    "symbol": "SYK",
    "reportedCurrency": "USD",
    "cik": "0000310764",
    "fillingDate": "2019-02-07",
    "acceptedDate": "2019-02-07 09:31:07",
    "calendarYear": "2018",
    "period": "FY",
    "revenue": 13601000000,
    "costOfRevenue": 5001000000,
    "grossProfit": 8600000000,
    "grossProfitRatio": 0.6323064481,
    "researchAndDevelopmentExpenses": 862000000,
    "generalAndAdministrativeExpenses": 0,
    "sellingAndMarketingExpenses": 0,
    "sellingGeneralAndAdministrativeExpenses": 4634000000,
    "otherExpenses": 0,
    "operatingExpenses": 5496000000,
    "costAndExpenses": 10497000000,
    "interestIncome": 119000000,
    "interestExpense": 264000000,
    "depreciationAndAmortization": 723000000,
    "ebitda": 3343000000,
    "ebitdaratio": 0.2457907507,
    "operatingIncome": 3104000000,
    "operatingIncomeRatio": 0.2282185133,
    "totalOtherIncomeExpensesNet": -748000000,
    "incomeBeforeTax": 2356000000,
    "incomeBeforeTaxRatio": 0.1732225572,
    "incomeTaxExpense": -1197000000,
    "netIncome": 3553000000,
    "netIncomeRatio": 0.2612307919,
    "eps": 9.5,
    "epsdiluted": 9.34,
    "weightedAverageShsOut": 374100000,
    "weightedAverageShsOutDil": 380300000,
    "link": "https://www.sec.gov/Archives/edgar/data/310764/000031076419000014/0000310764-19-000014-index.htm",
    "finalLink": "https://www.sec.gov/Archives/edgar/data/310764/000031076419000014/syk10k123118.htm"
  },
  {
    "date": "2017-12-31",
    "symbol": "SYK",
    "reportedCurrency": "USD",
    "cik": "0000310764",
    "fillingDate": "2018-02-08",
    "acceptedDate": "2018-02-08 16:54:05",
    "calendarYear": "2017",
    "period": "FY",
    "revenue": 12444000000,
    "costOfRevenue": 4541000000,
    "grossProfit": 7903000000,
    "grossProfitRatio": 0.6350851816,
    "researchAndDevelopmentExpenses": 787000000,
    "generalAndAdministrativeExpenses": 0,
    "sellingAndMarketingExpenses": 0,
    "sellingGeneralAndAdministrativeExpenses": 4349000000,
    "otherExpenses": 0,
    "operatingExpenses": 5136000000,
    "costAndExpenses": 9677000000,
    "interestIncome": 60000000,
    "interestExpense": 247000000,
    "depreciationAndAmortization": 642000000,
    "ebitda": 2952000000,
    "ebitdaratio": 0.237222758,
    "operatingIncome": 2767000000,
    "operatingIncomeRatio": 0.2223561556,
    "totalOtherIncomeExpensesNet": -704000000,
    "incomeBeforeTax": 2063000000,
    "incomeBeforeTaxRatio": 0.1657827065,
    "incomeTaxExpense": 1043000000,
    "netIncome": 1020000000,
    "netIncomeRatio": 0.0819672131,
    "eps": 2.73,
    "epsdiluted": 2.68,
    "weightedAverageShsOut": 374000000,
    "weightedAverageShsOutDil": 380100000,
    "link": "https://www.sec.gov/Archives/edgar/data/310764/000031076418000031/0000310764-18-000031-index.htm",
    "finalLink": "https://www.sec.gov/Archives/edgar/data/310764/000031076418000031/syk10k123117.htm"
  },
  {
    "date": "2016-12-31",
    "symbol": "SYK",
    "reportedCurrency": "USD",
    "cik": "0000310764",
    "fillingDate": "2017-02-09",
    "acceptedDate": "2017-02-09 16:56:14",
    "calendarYear": "2016",
    "period": "FY",
    "revenue": 11325000000,
    "costOfRevenue": 4079000000,
    "grossProfit": 7246000000,
    "grossProfitRatio": 0.6398233996,
    "researchAndDevelopmentExpenses": 715000000,
    "generalAndAdministrativeExpenses": 0,
    "sellingAndMarketingExpenses": 0,
    "sellingGeneralAndAdministrativeExpenses": 3954000000,
    "otherExpenses": 0,
    "operatingExpenses": 4669000000,
    "costAndExpenses": 8748000000,
    "interestIncome": 29000000,
    "interestExpense": 228000000,
    "depreciationAndAmortization": 546000000,
    "ebitda": 2695000000,
    "ebitdaratio": 0.2379690949,
    "operatingIncome": 2577000000,
    "operatingIncomeRatio": 0.2275496689,
    "totalOtherIncomeExpensesNet": -656000000,
    "incomeBeforeTax": 1921000000,
    "incomeBeforeTaxRatio": 0.1696247241,
    "incomeTaxExpense": 274000000,
    "netIncome": 1647000000,
    "netIncomeRatio": 0.1454304636,
    "eps": 4.4,
    "epsdiluted": 4.35,
    "weightedAverageShsOut": 374100000,
    "weightedAverageShsOutDil": 378500000,
    "link": "https://www.sec.gov/Archives/edgar/data/310764/000031076417000034/0000310764-17-000034-index.htm",
    "finalLink": "https://www.sec.gov/Archives/edgar/data/310764/000031076417000034/syk10k123116.htm"
  },
  {
    "date": "2015-12-31",
    "symbol": "SYK",
    "reportedCurrency": "USD",
    "cik": "0000310764",
    "fillingDate": "2016-02-11",
    "acceptedDate": "2016-02-11 17:00:24",
    "calendarYear": "2015",
    "period": "FY",
    "revenue": 9946000000,
    "costOfRevenue": 3559000000,
    "grossProfit": 6387000000,
    "grossProfitRatio": 0.6421677056,
    "researchAndDevelopmentExpenses": 625000000,
    "generalAndAdministrativeExpenses": 0,
    "sellingAndMarketingExpenses": 0,
    "sellingGeneralAndAdministrativeExpenses": 3510000000,
    "otherExpenses": 0,
    "operatingExpenses": 4135000000,
    "costAndExpenses": 7694000000,
    "interestIncome": 14000000,
    "interestExpense": 108000000,
    "depreciationAndAmortization": 397000000,
    "ebitda": 2240000000,
    "ebitdaratio": 0.2252161673,
    "operatingIncome": 2252000000,
    "operatingIncomeRatio": 0.2264226825,
    "totalOtherIncomeExpensesNet": -517000000,
    "incomeBeforeTax": 1735000000,
    "incomeBeforeTaxRatio": 0.1744419867,
    "incomeTaxExpense": 296000000,
    "netIncome": 1439000000,
    "netIncomeRatio": 0.1446812789,
    "eps": 3.82,
    "epsdiluted": 3.78,
    "weightedAverageShsOut": 376600000,
    "weightedAverageShsOutDil": 380900000,
    "link": "https://www.sec.gov/Archives/edgar/data/310764/000031076416000226/0000310764-16-000226-index.htm",
    "finalLink": "https://www.sec.gov/Archives/edgar/data/310764/000031076416000226/syk10k12312015.htm"
  },
  {
    "date": "2014-12-31",
    "symbol": "SYK",
    "reportedCurrency": "USD",
    "cik": "0000310764",
    "fillingDate": "2015-02-12",
    "acceptedDate": "2015-02-12 17:11:41",
    "calendarYear": "2014",
    "period": "FY",
    "revenue": 9675000000,
    "costOfRevenue": 3452000000,
    "grossProfit": 6223000000,
    "grossProfitRatio": 0.6432041344,
    "researchAndDevelopmentExpenses": 614000000,
    "generalAndAdministrativeExpenses": 0,
    "sellingAndMarketingExpenses": 761000000,
    "sellingGeneralAndAdministrativeExpenses": 3380000000,
    "otherExpenses": 0,
    "operatingExpenses": 3994000000,
    "costAndExpenses": 7446000000,
    "interestIncome": 28000000,
    "interestExpense": 113000000,
    "depreciationAndAmortization": 378000000,
    "ebitda": 1651000000,
    "ebitdaratio": 0.1706459948,
    "operatingIncome": 2229000000,
    "operatingIncomeRatio": 0.2303875969,
    "totalOtherIncomeExpensesNet": -1069000000,
    "incomeBeforeTax": 1160000000,
    "incomeBeforeTaxRatio": 0.1198966408,
    "incomeTaxExpense": 645000000,
    "netIncome": 515000000,
    "netIncomeRatio": 0.0532299742,
    "eps": 1.36,
    "epsdiluted": 1.34,
    "weightedAverageShsOut": 378500000,
    "weightedAverageShsOutDil": 382800000,
    "link": "https://www.sec.gov/Archives/edgar/data/310764/000031076415000022/0000310764-15-000022-index.htm",
    "finalLink": "https://www.sec.gov/Archives/edgar/data/310764/000031076415000022/syk10k12312014.htm"
  },
  {
    "date": "2013-12-31",
    "symbol": "SYK",
    "reportedCurrency": "USD",
    "cik": "0000310764",
    "fillingDate": "2014-02-13",
    "acceptedDate": "2014-02-13 16:58:56",
    "calendarYear": "2013",
    "period": "FY",
    "revenue": 9021000000,
    "costOfRevenue": 3078000000,
    "grossProfit": 5943000000,
    "grossProfitRatio": 0.6587961423,
    "researchAndDevelopmentExpenses": 536000000,
    "generalAndAdministrativeExpenses": 0,
    "sellingAndMarketingExpenses": 0,
    "sellingGeneralAndAdministrativeExpenses": 3308000000,
    "otherExpenses": 0,
    "operatingExpenses": 3844000000,
    "costAndExpenses": 6922000000,
    "interestIncome": 24000000,
    "interestExpense": 95000000,
    "depreciationAndAmortization": 307000000,
    "ebitda": 1614000000,
    "ebitdaratio": 0.178915863,
    "operatingIncome": 2099000000,
    "operatingIncomeRatio": 0.2326793038,
    "totalOtherIncomeExpensesNet": -887000000,
    "incomeBeforeTax": 1212000000,
    "incomeBeforeTaxRatio": 0.1343531759,
    "incomeTaxExpense": 206000000,
    "netIncome": 1006000000,
    "netIncomeRatio": 0.1115175701,
    "eps": 2.66,
    "epsdiluted": 2.63,
    "weightedAverageShsOut": 378600000,
    "weightedAverageShsOutDil": 382100000,
    "link": "https://www.sec.gov/Archives/edgar/data/310764/000031076414000021/0000310764-14-000021-index.htm",
    "finalLink": "https://www.sec.gov/Archives/edgar/data/310764/000031076414000021/syk10k12312013.htm"
  },
  {
    "date": "2012-12-31",
    "symbol": "SYK",
    "reportedCurrency": "USD",
    "cik": "0000310764",
    "fillingDate": "2013-02-27",
    "acceptedDate": "2013-02-27 17:24:58",
    "calendarYear": "2012",
    "period": "FY",
    "revenue": 8657000000,
    "costOfRevenue": 2881000000,
    "grossProfit": 5776000000,
    "grossProfitRatio": 0.6672057295,
    "researchAndDevelopmentExpenses": 471000000,
    "generalAndAdministrativeExpenses": 0,
    "sellingAndMarketingExpenses": 0,
    "sellingGeneralAndAdministrativeExpenses": 3388000000,
    "otherExpenses": 0,
    "operatingExpenses": 3859000000,
    "costAndExpenses": 6740000000,
    "interestIncome": 47000000,
    "interestExpense": 67000000,
    "depreciationAndAmortization": 277000000,
    "ebitda": 2049000000,
    "ebitdaratio": 0.236687074,
    "operatingIncome": 1917000000,
    "operatingIncomeRatio": 0.2214392977,
    "totalOtherIncomeExpensesNet": -212000000,
    "incomeBeforeTax": 1705000000,
    "incomeBeforeTaxRatio": 0.1969504447,
    "incomeTaxExpense": 407000000,
    "netIncome": 1298000000,
    "netIncomeRatio": 0.1499364676,
    "eps": 3.41,
    "epsdiluted": 3.39,
    "weightedAverageShsOut": 380600000,
    "weightedAverageShsOutDil": 383000000,
    "link": "https://www.sec.gov/Archives/edgar/data/310764/000031076413000054/0000310764-13-000054-index.htm",
    "finalLink": "https://www.sec.gov/Archives/edgar/data/310764/000031076413000054/syk10k12312012.htm"
  },
  {
    "date": "2011-12-31",
    "symbol": "SYK",
    "reportedCurrency": "USD",
    "cik": "0000310764",
    "fillingDate": "2012-02-13",
    "acceptedDate": "2012-02-13 16:25:27",
    "calendarYear": "2011",
    "period": "FY",
    "revenue": 8307000000,
    "costOfRevenue": 2790000000,
    "grossProfit": 5517000000,
    "grossProfitRatio": 0.6641386782,
    "researchAndDevelopmentExpenses": 462000000,
    "generalAndAdministrativeExpenses": 0,
    "sellingAndMarketingExpenses": 0,
    "sellingGeneralAndAdministrativeExpenses": 3084000000,
    "otherExpenses": 0,
    "operatingExpenses": 3546000000,
    "costAndExpenses": 6336000000,
    "interestIncome": 70000000,
    "interestExpense": 94000000,
    "depreciationAndAmortization": 481000000,
    "ebitda": 2261000000,
    "ebitdaratio": 0.2721800891,
    "operatingIncome": 1971000000,
    "operatingIncomeRatio": 0.2372697725,
    "totalOtherIncomeExpensesNet": -285000000,
    "incomeBeforeTax": 1686000000,
    "incomeBeforeTaxRatio": 0.2029613579,
    "incomeTaxExpense": 341000000,
    "netIncome": 1345000000,
    "netIncomeRatio": 0.1619116408,
    "eps": 3.48,
    "epsdiluted": 3.45,
    "weightedAverageShsOut": 386500000,
    "weightedAverageShsOutDil": 389500000,
    "link": "https://www.sec.gov/Archives/edgar/data/310764/000031076412000031/0000310764-12-000031-index.htm",
    "finalLink": "https://www.sec.gov/Archives/edgar/data/310764/000031076412000031/d10-k.htm"
  },
  {
    "date": "2010-12-31",
    "symbol": "SYK",
    "reportedCurrency": "USD",
    "cik": "0000310764",
    "fillingDate": "2011-02-18",
    "acceptedDate": "2011-02-18 09:54:01",
    "calendarYear": "2010",
    "period": "FY",
    "revenue": 7320000000,
    "costOfRevenue": 2343900000,
    "grossProfit": 4976100000,
    "grossProfitRatio": 0.679795082,
    "researchAndDevelopmentExpenses": 393900000,
    "generalAndAdministrativeExpenses": 0,
    "sellingAndMarketingExpenses": 0,
    "sellingGeneralAndAdministrativeExpenses": 2731600000,
    "otherExpenses": 0,
    "operatingExpenses": 3125500000,
    "costAndExpenses": 5469400000,
    "interestIncome": 48700000,
    "interestExpense": 77500000,
    "depreciationAndAmortization": 410200000,
    "ebitda": 2217300000,
    "ebitdaratio": 0.3029098361,
    "operatingIncome": 1850600000,
    "operatingIncomeRatio": 0.2528142077,
    "totalOtherIncomeExpensesNet": -121000000,
    "incomeBeforeTax": 1729600000,
    "incomeBeforeTaxRatio": 0.236284153,
    "incomeTaxExpense": 456200000,
    "netIncome": 1273400000,
    "netIncomeRatio": 0.1739617486,
    "eps": 3.21,
    "epsdiluted": 3.19,
    "weightedAverageShsOut": 396400000,
    "weightedAverageShsOutDil": 399500000,
    "link": "https://www.sec.gov/Archives/edgar/data/310764/000119312511039845/0001193125-11-039845-index.htm",
    "finalLink": "https://www.sec.gov/Archives/edgar/data/310764/000119312511039845/d10k.htm"
  },
  {
    "date": "2009-12-31",
    "symbol": "SYK",
    "reportedCurrency": "USD",
    "cik": "0000310764",
    "fillingDate": "2010-02-26",
    "acceptedDate": "2010-02-26 16:32:59",
    "calendarYear": "2009",
    "period": "FY",
    "revenue": 6723100000,
    "costOfRevenue": 2219200000,
    "grossProfit": 4503900000,
    "grossProfitRatio": 0.6699141765,
    "researchAndDevelopmentExpenses": 336200000,
    "generalAndAdministrativeExpenses": 0,
    "sellingAndMarketingExpenses": 0,
    "sellingGeneralAndAdministrativeExpenses": 2443800000,
    "otherExpenses": 0,
    "operatingExpenses": 2780000000,
    "costAndExpenses": 4999200000,
    "interestIncome": 53900000,
    "interestExpense": 14500000,
    "depreciationAndAmortization": 385300000,
    "ebitda": 2023700000,
    "ebitdaratio": 0.3010069759,
    "operatingIncome": 1723900000,
    "operatingIncomeRatio": 0.2564144517,
    "totalOtherIncomeExpensesNet": -100000000,
    "incomeBeforeTax": 1623900000,
    "incomeBeforeTaxRatio": 0.2415403608,
    "incomeTaxExpense": 516500000,
    "netIncome": 1107400000,
    "netIncomeRatio": 0.1647156818,
    "eps": 2.79,
    "epsdiluted": 2.77,
    "weightedAverageShsOut": 397400000,
    "weightedAverageShsOutDil": 399400000,
    "link": "https://www.sec.gov/Archives/edgar/data/310764/000119312510042997/0001193125-10-042997-index.htm",
    "finalLink": "https://www.sec.gov/Archives/edgar/data/310764/000119312510042997/d10k.htm"
  },
  {
    "date": "2008-12-31",
    "symbol": "SYK",
    "reportedCurrency": "USD",
    "cik": "0000310764",
    "fillingDate": "2009-02-20",
    "acceptedDate": "2009-02-20 17:03:01",
    "calendarYear": "2008",
    "period": "FY",
    "revenue": 6718200000,
    "costOfRevenue": 2171400000,
    "grossProfit": 4546800000,
    "grossProfitRatio": 0.6767884255,
    "researchAndDevelopmentExpenses": 367800000,
    "generalAndAdministrativeExpenses": 0,
    "sellingAndMarketingExpenses": 0,
    "sellingGeneralAndAdministrativeExpenses": 2625100000,
    "otherExpenses": 0,
    "operatingExpenses": 2992900000,
    "costAndExpenses": 5164300000,
    "interestIncome": 97700000,
    "interestExpense": 30500000,
    "depreciationAndAmortization": 387600000,
    "ebitda": 1998300000,
    "ebitdaratio": 0.2974457444,
    "operatingIncome": 1553900000,
    "operatingIncomeRatio": 0.2312970736,
    "totalOtherIncomeExpensesNet": 26300000,
    "incomeBeforeTax": 1580200000,
    "incomeBeforeTaxRatio": 0.2352118127,
    "incomeTaxExpense": 432400000,
    "netIncome": 1147800000,
    "netIncomeRatio": 0.1708493346,
    "eps": 2.81,
    "epsdiluted": 2.78,
    "weightedAverageShsOut": 408100000,
    "weightedAverageShsOutDil": 413600000,
    "link": "https://www.sec.gov/Archives/edgar/data/310764/000031076409000035/0000310764-09-000035-index.htm",
    "finalLink": "https://www.sec.gov/Archives/edgar/data/310764/000031076409000035/syk10k08.htm"
  },
  {
    "date": "2007-12-31",
    "symbol": "SYK",
    "reportedCurrency": "USD",
    "cik": "0000310764",
    "fillingDate": "2008-03-03",
    "acceptedDate": "2008-03-03 15:41:10",
    "calendarYear": "2007",
    "period": "FY",
    "revenue": 6000500000,
    "costOfRevenue": 1906600000,
    "grossProfit": 4093900000,
    "grossProfitRatio": 0.6822598117,
    "researchAndDevelopmentExpenses": 375300000,
    "generalAndAdministrativeExpenses": 0,
    "sellingAndMarketingExpenses": 0,
    "sellingGeneralAndAdministrativeExpenses": 2391500000,
    "otherExpenses": 0,
    "operatingExpenses": 2766800000,
    "costAndExpenses": 4673400000,
    "interestIncome": 85500000,
    "interestExpense": 22200000,
    "depreciationAndAmortization": 366600000,
    "ebitda": 1758900000,
    "ebitdaratio": 0.2931255729,
    "operatingIncome": 1327100000,
    "operatingIncomeRatio": 0.2211649029,
    "totalOtherIncomeExpensesNet": 43000000,
    "incomeBeforeTax": 1370100000,
    "incomeBeforeTaxRatio": 0.2283309724,
    "incomeTaxExpense": 383400000,
    "netIncome": 1017400000,
    "netIncomeRatio": 0.1695525373,
    "eps": 2.48,
    "epsdiluted": 2.44,
    "weightedAverageShsOut": 409700000,
    "weightedAverageShsOutDil": 417200000,
    "link": "https://www.sec.gov/Archives/edgar/data/310764/000031076408000049/0000310764-08-000049-index.htm",
    "finalLink": "https://www.sec.gov/Archives/edgar/data/310764/000031076408000049/syk10ka07.htm"
  },
  {
    "date": "2006-12-31",
    "symbol": "SYK",
    "reportedCurrency": "USD",
    "cik": "0000310764",
    "fillingDate": "2007-02-28",
    "acceptedDate": "2007-02-28 15:32:22",
    "calendarYear": "2006",
    "period": "FY",
    "revenue": 5405600000,
    "costOfRevenue": 1892300000,
    "grossProfit": 3513300000,
    "grossProfitRatio": 0.6499371023,
    "researchAndDevelopmentExpenses": 324600000,
    "generalAndAdministrativeExpenses": 0,
    "sellingAndMarketingExpenses": 0,
    "sellingGeneralAndAdministrativeExpenses": 2061699999,
    "otherExpenses": 0,
    "operatingExpenses": 2386300000,
    "costAndExpenses": 4278600000,
    "interestIncome": 41400000,
    "interestExpense": 9500000,
    "depreciationAndAmortization": 331800000,
    "ebitda": 1445100000,
    "ebitdaratio": 0.267333876,
    "operatingIncome": 1127000000,
    "operatingIncomeRatio": 0.2084874945,
    "totalOtherIncomeExpensesNet": -23200000,
    "incomeBeforeTax": 1103800000,
    "incomeBeforeTaxRatio": 0.204195649,
    "incomeTaxExpense": 326100000,
    "netIncome": 777700000,
    "netIncomeRatio": 0.1438693207,
    "eps": 1.91,
    "epsdiluted": 1.89,
    "weightedAverageShsOut": 407172775,
    "weightedAverageShsOutDil": 411481481,
    "link": "https://www.sec.gov/Archives/edgar/data/310764/000031076407000062/0000310764-07-000062-index.htm",
    "finalLink": "https://www.sec.gov/Archives/edgar/data/310764/000031076407000062/syk10k06.htm"
  },
  {
    "date": "2005-12-31",
    "symbol": "SYK",
    "reportedCurrency": "USD",
    "cik": "0000310764",
    "fillingDate": "2006-03-07",
    "acceptedDate": "2006-03-06 17:45:35",
    "calendarYear": "2005",
    "period": "FY",
    "revenue": 4871500000,
    "costOfRevenue": 1767300000,
    "grossProfit": 3104200000,
    "grossProfitRatio": 0.6372164631,
    "researchAndDevelopmentExpenses": 284700000,
    "generalAndAdministrativeExpenses": 0,
    "sellingAndMarketingExpenses": 0,
    "sellingGeneralAndAdministrativeExpenses": 1853500000,
    "otherExpenses": 0,
    "operatingExpenses": 2138199999,
    "costAndExpenses": 3905500000,
    "interestIncome": 13300000,
    "interestExpense": 7700000,
    "depreciationAndAmortization": 289900000,
    "ebitda": 1252200000,
    "ebitdaratio": 0.2570460844,
    "operatingIncome": 966000000,
    "operatingIncomeRatio": 0.1982962127,
    "totalOtherIncomeExpensesNet": -11400000,
    "incomeBeforeTax": 1003300000,
    "incomeBeforeTaxRatio": 0.2059529919,
    "incomeTaxExpense": 311000000,
    "netIncome": 675200000,
    "netIncomeRatio": 0.1386020733,
    "eps": 1.6,
    "epsdiluted": 1.57,
    "weightedAverageShsOut": 403700000,
    "weightedAverageShsOutDil": 410800000,
    "link": "https://www.sec.gov/Archives/edgar/data/310764/000031076406000040/0000310764-06-000040-index.htm",
    "finalLink": "https://www.sec.gov/Archives/edgar/data/310764/000031076406000040/syk10k05.htm"
  },
  {
    "date": "2004-12-31",
    "symbol": "SYK",
    "reportedCurrency": "USD",
    "cik": "0000310764",
    "fillingDate": "2005-03-02",
    "acceptedDate": "2005-03-02 16:50:35",
    "calendarYear": "2004",
    "period": "FY",
    "revenue": 4262300000,
    "costOfRevenue": 1557900000,
    "grossProfit": 2704400000,
    "grossProfitRatio": 0.634493114,
    "researchAndDevelopmentExpenses": 211000000,
    "generalAndAdministrativeExpenses": 0,
    "sellingAndMarketingExpenses": 0,
    "sellingGeneralAndAdministrativeExpenses": 1652200000,
    "otherExpenses": 0,
    "operatingExpenses": 1863200000,
    "costAndExpenses": 3421100000,
    "interestIncome": 4700000,
    "interestExpense": 6800000,
    "depreciationAndAmortization": 250900000,
    "ebitda": 974700000,
    "ebitdaratio": 0.2286793515,
    "operatingIncome": 841200000,
    "operatingIncomeRatio": 0.1973582338,
    "totalOtherIncomeExpensesNet": -124200000,
    "incomeBeforeTax": 717000000,
    "incomeBeforeTaxRatio": 0.1682190367,
    "incomeTaxExpense": 251300000,
    "netIncome": 465700000,
    "netIncomeRatio": 0.1092602585,
    "eps": 1.1,
    "epsdiluted": 1.08,
    "weightedAverageShsOut": 401200000,
    "weightedAverageShsOutDil": 409300000,
    "link": "https://www.sec.gov/Archives/edgar/data/310764/000031076405000008/0000310764-05-000008-index.htm",
    "finalLink": "https://www.sec.gov/Archives/edgar/data/310764/000031076405000008/syk10k04.htm"
  },
  {
    "date": "2003-12-31",
    "symbol": "SYK",
    "reportedCurrency": "USD",
    "cik": "0000310764",
    "fillingDate": "2004-03-12",
    "acceptedDate": "2004-03-12 10:44:45",
    "calendarYear": "2003",
    "period": "FY",
    "revenue": 3625300000,
    "costOfRevenue": 1312400000,
    "grossProfit": 2312900000,
    "grossProfitRatio": 0.6379885803,
    "researchAndDevelopmentExpenses": 180200000,
    "generalAndAdministrativeExpenses": 1416000000,
    "sellingAndMarketingExpenses": 0,
    "sellingGeneralAndAdministrativeExpenses": 1416000000,
    "otherExpenses": 45400000,
    "operatingExpenses": 1641600000,
    "costAndExpenses": 2954000000,
    "interestIncome": 0,
    "interestExpense": 22600000,
    "depreciationAndAmortization": 229700000,
    "ebitda": 901000000,
    "ebitdaratio": 0.248531156,
    "operatingIncome": 680300000,
    "operatingIncomeRatio": 0.1876534356,
    "totalOtherIncomeExpensesNet": -27800000,
    "incomeBeforeTax": 652500000,
    "incomeBeforeTaxRatio": 0.1799851047,
    "incomeTaxExpense": 199000000,
    "netIncome": 453500000,
    "netIncomeRatio": 0.1250930957,
    "eps": 1.09,
    "epsdiluted": 1.07,
    "weightedAverageShsOut": 416055046,
    "weightedAverageShsOutDil": 423831776,
    "link": "https://www.sec.gov/Archives/edgar/data/310764/000123933804000002/0001239338-04-000002-index.htm",
    "finalLink": "https://www.sec.gov/Archives/edgar/data/310764/000123933804000002/syk10k03.htm"
  },
  {
    "date": "2002-12-31",
    "symbol": "SYK",
    "reportedCurrency": "USD",
    "cik": "0000310764",
    "fillingDate": "2003-03-14",
    "acceptedDate": "2003-03-14 15:17:19",
    "calendarYear": "2002",
    "period": "FY",
    "revenue": 3011600000,
    "costOfRevenue": 1111200000,
    "grossProfit": 1900400000,
    "grossProfitRatio": 0.6310266968,
    "researchAndDevelopmentExpenses": 141400000,
    "generalAndAdministrativeExpenses": 1165400000,
    "sellingAndMarketingExpenses": 0,
    "sellingGeneralAndAdministrativeExpenses": 1165400000,
    "otherExpenses": 28900000,
    "operatingExpenses": 1335700000,
    "costAndExpenses": 2446900000,
    "interestIncome": 0,
    "interestExpense": 40300000,
    "depreciationAndAmortization": 186100000,
    "ebitda": 750800000,
    "ebitdaratio": 0.2493026962,
    "operatingIncome": 547500000,
    "operatingIncomeRatio": 0.1817970514,
    "totalOtherIncomeExpensesNet": -86900000,
    "incomeBeforeTax": 506700000,
    "incomeBeforeTaxRatio": 0.1682494355,
    "incomeTaxExpense": 161100000,
    "netIncome": 345600000,
    "netIncomeRatio": 0.1147562757,
    "eps": 0.83,
    "epsdiluted": 0.81,
    "weightedAverageShsOut": 416385542,
    "weightedAverageShsOutDil": 426666667,
    "link": "https://www.sec.gov/Archives/edgar/data/310764/000031076403000008/0000310764-03-000008-index.htm",
    "finalLink": "https://www.sec.gov/Archives/edgar/data/310764/000031076403000008/syk10k02.htm"
  },
  {
    "date": "2001-12-31",
    "symbol": "SYK",
    "reportedCurrency": "USD",
    "cik": "0000310764",
    "fillingDate": "2002-03-15",
    "acceptedDate": "2002-03-15 00:00:00",
    "calendarYear": "2001",
    "period": "FY",
    "revenue": 2602300000,
    "costOfRevenue": 963800000,
    "grossProfit": 1638500000,
    "grossProfitRatio": 0.6296353226,
    "researchAndDevelopmentExpenses": 142100000,
    "generalAndAdministrativeExpenses": 985400000,
    "sellingAndMarketingExpenses": 0,
    "sellingGeneralAndAdministrativeExpenses": 985400000,
    "otherExpenses": 38400000,
    "operatingExpenses": 1165900000,
    "costAndExpenses": 2129700000,
    "interestIncome": 0,
    "interestExpense": 67900000,
    "depreciationAndAmortization": 172000000,
    "ebitda": 644600000,
    "ebitdaratio": 0.2477039542,
    "operatingIncome": 472000000,
    "operatingIncomeRatio": 0.1813780118,
    "totalOtherIncomeExpensesNet": -66300000,
    "incomeBeforeTax": 405700000,
    "incomeBeforeTaxRatio": 0.1559005495,
    "incomeTaxExpense": 133900000,
    "netIncome": 267000000,
    "netIncomeRatio": 0.1026015448,
    "eps": 0.69,
    "epsdiluted": 0.67,
    "weightedAverageShsOut": 386956522,
    "weightedAverageShsOutDil": 398507463,
    "link": "https://www.sec.gov/Archives/edgar/data/310764/000031076402000013/0000310764-02-000013-index.htm",
    "finalLink": "https://www.sec.gov/Archives/edgar/data/310764/000031076402000013/syk10k01.htm"
  },
  {
    "date": "2000-12-31",
    "symbol": "SYK",
    "reportedCurrency": "USD",
    "cik": "0000310764",
    "fillingDate": "2001-03-16",
    "acceptedDate": "2001-03-16 00:00:00",
    "calendarYear": "2000",
    "period": "FY",
    "revenue": 2289400000,
    "costOfRevenue": 740500000,
    "grossProfit": 1548900000,
    "grossProfitRatio": 0.6765528086,
    "researchAndDevelopmentExpenses": 122200000,
    "generalAndAdministrativeExpenses": 885600000,
    "sellingAndMarketingExpenses": 0,
    "sellingGeneralAndAdministrativeExpenses": 885600000,
    "otherExpenses": 109400000,
    "operatingExpenses": 1117200000,
    "costAndExpenses": 1857700000,
    "interestIncome": 0,
    "interestExpense": 96600000,
    "depreciationAndAmortization": 168600000,
    "ebitda": 599000000,
    "ebitdaratio": 0.2616406045,
    "operatingIncome": 358000000,
    "operatingIncomeRatio": 0.1563728488,
    "totalOtherIncomeExpensesNet": -131400000,
    "incomeBeforeTax": 334900000,
    "incomeBeforeTaxRatio": 0.1462828689,
    "incomeTaxExpense": 113900000,
    "netIncome": 221000000,
    "netIncomeRatio": 0.0965318424,
    "eps": 0.56,
    "epsdiluted": 0.55,
    "weightedAverageShsOut": 391150442,
    "weightedAverageShsOutDil": 401818182,
    "link": "https://www.sec.gov/Archives/edgar/data/310764/000031076401500006/0000310764-01-500006-index.htm",
    "finalLink": "https://www.sec.gov/Archives/edgar/data/310764/000031076401500006/syk10kuseme.htm"
  },
  {
    "date": "1999-12-31",
    "symbol": "SYK",
    "reportedCurrency": "USD",
    "cik": "0000310764",
    "fillingDate": "2000-03-15",
    "acceptedDate": "2000-03-15 00:00:00",
    "calendarYear": "1999",
    "period": "FY",
    "revenue": 2103700000,
    "costOfRevenue": 723700000,
    "grossProfit": 1380000000,
    "grossProfitRatio": 0.6559870704,
    "researchAndDevelopmentExpenses": 105200000,
    "generalAndAdministrativeExpenses": 808400000,
    "sellingAndMarketingExpenses": 0,
    "sellingGeneralAndAdministrativeExpenses": 808400000,
    "otherExpenses": 101700000,
    "operatingExpenses": 1015300000,
    "costAndExpenses": 1739000000,
    "interestIncome": 0,
    "interestExpense": 122600000,
    "depreciationAndAmortization": 162800000,
    "ebitda": 527500000,
    "ebitdaratio": 0.2507486809,
    "operatingIncome": -118400000,
    "operatingIncomeRatio": -0.0562817892,
    "totalOtherIncomeExpensesNet": -170600000,
    "incomeBeforeTax": 29800000,
    "incomeBeforeTaxRatio": 0.0141655179,
    "incomeTaxExpense": 10400000,
    "netIncome": 19400000,
    "netIncomeRatio": 0.0092218472,
    "eps": 0.05,
    "epsdiluted": 0.05,
    "weightedAverageShsOut": 388000000,
    "weightedAverageShsOutDil": 388000000,
    "link": "https://www.sec.gov/Archives/edgar/data/310764/000031076400000019/0000310764-00-000019-index.html",
    "finalLink": "https://www.sec.gov/Archives/edgar/data/310764/000031076400000019/0000310764-00-000019-d1.html"
  },
  {
    "date": "1998-12-31",
    "symbol": "SYK",
    "reportedCurrency": "USD",
    "cik": "0000310764",
    "fillingDate": "1999-03-31",
    "acceptedDate": "1999-03-31 00:00:00",
    "calendarYear": "1998",
    "period": "FY",
    "revenue": 1103200000,
    "costOfRevenue": 434500000,
    "grossProfit": 668700000,
    "grossProfitRatio": 0.6061457578,
    "researchAndDevelopmentExpenses": 61100000,
    "generalAndAdministrativeExpenses": 381200000,
    "sellingAndMarketingExpenses": 0,
    "sellingGeneralAndAdministrativeExpenses": 381200000,
    "otherExpenses": 37600000,
    "operatingExpenses": 479900000,
    "costAndExpenses": 914400000,
    "interestIncome": 0,
    "interestExpense": 0,
    "depreciationAndAmortization": 37600000,
    "ebitda": 242100000,
    "ebitdaratio": 0.2194525018,
    "operatingIncome": 188800000,
    "operatingIncomeRatio": 0.1711385062,
    "totalOtherIncomeExpensesNet": -98000000,
    "incomeBeforeTax": 60000000,
    "incomeBeforeTaxRatio": 0.0543872371,
    "incomeTaxExpense": 20400000,
    "netIncome": 39600000,
    "netIncomeRatio": 0.0358955765,
    "eps": 0.16,
    "epsdiluted": 0.15,
    "weightedAverageShsOut": 387096774,
    "weightedAverageShsOutDil": 393442623,
    "link": "https://www.sec.gov/Archives/edgar/data/310764/000031076499000008/0000310764-99-000008-index.html",
    "finalLink": "https://www.sec.gov/Archives/edgar/data/310764/"
  },
  {
    "date": "1997-12-31",
    "symbol": "SYK",
    "reportedCurrency": "USD",
    "cik": "0000310764",
    "fillingDate": "1998-03-26",
    "acceptedDate": "1998-03-26 00:00:00",
    "calendarYear": "1997",
    "period": "FY",
    "revenue": 980100000,
    "costOfRevenue": 364500000,
    "grossProfit": 615600000,
    "grossProfitRatio": 0.6280991736,
    "researchAndDevelopmentExpenses": 56900000,
    "generalAndAdministrativeExpenses": 341500000,
    "sellingAndMarketingExpenses": 0,
    "sellingGeneralAndAdministrativeExpenses": 341500000,
    "otherExpenses": 33300000,
    "operatingExpenses": 431700000,
    "costAndExpenses": 796200000,
    "interestIncome": 0,
    "interestExpense": 0,
    "depreciationAndAmortization": 33300000,
    "ebitda": 233500000,
    "ebitdaratio": 0.2382409958,
    "operatingIncome": 183900000,
    "operatingIncomeRatio": 0.1876339149,
    "totalOtherIncomeExpensesNet": 11400000,
    "incomeBeforeTax": 195300000,
    "incomeBeforeTaxRatio": 0.1992653811,
    "incomeTaxExpense": 70000000,
    "netIncome": 125300000,
    "netIncomeRatio": 0.1278440975,
    "eps": 0.33,
    "epsdiluted": 0.32,
    "weightedAverageShsOut": 385538462,
    "weightedAverageShsOutDil": 391562500,
    "link": "https://www.sec.gov/Archives/edgar/data/310764/000031076498000008/0000310764-98-000008-index.html",
    "finalLink": "https://www.sec.gov/Archives/edgar/data/310764/"
  },
  {
    "date": "1996-12-31",
    "symbol": "SYK",
    "reportedCurrency": "USD",
    "cik": "0000310764",
    "fillingDate": "1997-03-25",
    "acceptedDate": "1997-03-25 00:00:00",
    "calendarYear": "1996",
    "period": "FY",
    "revenue": 910100000,
    "costOfRevenue": 357700000,
    "grossProfit": 552400000,
    "grossProfitRatio": 0.6069662674,
    "researchAndDevelopmentExpenses": 56900000,
    "generalAndAdministrativeExpenses": 326600000,
    "sellingAndMarketingExpenses": 0,
    "sellingGeneralAndAdministrativeExpenses": 326600000,
    "otherExpenses": 34700000,
    "operatingExpenses": 418200000,
    "costAndExpenses": 775900000,
    "interestIncome": 0,
    "interestExpense": 0,
    "depreciationAndAmortization": 34700000,
    "ebitda": 168900000,
    "ebitdaratio": 0.1855840018,
    "operatingIncome": 134200000,
    "operatingIncomeRatio": 0.1474563235,
    "totalOtherIncomeExpensesNet": 32000000,
    "incomeBeforeTax": 166200000,
    "incomeBeforeTaxRatio": 0.1826172948,
    "incomeTaxExpense": 61700000,
    "netIncome": 104500000,
    "netIncomeRatio": 0.114822547,
    "eps": 0.27,
    "epsdiluted": 0.27,
    "weightedAverageShsOut": 387037037,
    "weightedAverageShsOutDil": 394339623,
    "link": "https://www.sec.gov/Archives/edgar/data/310764/000031076497000005/0000310764-97-000005-index.html",
    "finalLink": "https://www.sec.gov/Archives/edgar/data/310764/"
  },
  {
    "date": "1995-12-31",
    "symbol": "SYK",
    "reportedCurrency": "USD",
    "cik": "0000310764",
    "fillingDate": "1996-03-28",
    "acceptedDate": "1996-03-28 00:00:00",
    "calendarYear": "1995",
    "period": "FY",
    "revenue": 872000000,
    "costOfRevenue": 340800000,
    "grossProfit": 531200000,
    "grossProfitRatio": 0.6091743119,
    "researchAndDevelopmentExpenses": 43800000,
    "generalAndAdministrativeExpenses": 301400000,
    "sellingAndMarketingExpenses": 0,
    "sellingGeneralAndAdministrativeExpenses": 301400000,
    "otherExpenses": 28700000,
    "operatingExpenses": 373900000,
    "costAndExpenses": 714700000,
    "interestIncome": 0,
    "interestExpense": 0,
    "depreciationAndAmortization": 28700000,
    "ebitda": 186000000,
    "ebitdaratio": 0.2133027523,
    "operatingIncome": 157300000,
    "operatingIncomeRatio": 0.1803899083,
    "totalOtherIncomeExpensesNet": -3400000,
    "incomeBeforeTax": 153900000,
    "incomeBeforeTaxRatio": 0.1764908257,
    "incomeTaxExpense": 66900000,
    "netIncome": 87000000,
    "netIncomeRatio": 0.0997706422,
    "eps": 0.23,
    "epsdiluted": 0.23,
    "weightedAverageShsOut": 387744000,
    "weightedAverageShsOutDil": 387744000,
    "link": "https://www.sec.gov/Archives/edgar/data/310764/000031076496000004/0000310764-96-000004-index.html",
    "finalLink": "https://www.sec.gov/Archives/edgar/data/310764/"
  },
  {
    "date": "1994-12-31",
    "symbol": "SYK",
    "reportedCurrency": "USD",
    "cik": "0000310764",
    "fillingDate": "1995-05-05",
    "acceptedDate": "1995-05-05 00:00:00",
    "calendarYear": "1994",
    "period": "FY",
    "revenue": 681900000,
    "costOfRevenue": 279500000,
    "grossProfit": 402400000,
    "grossProfitRatio": 0.5901158528,
    "researchAndDevelopmentExpenses": 39600000,
    "generalAndAdministrativeExpenses": 221400000,
    "sellingAndMarketingExpenses": 0,
    "sellingGeneralAndAdministrativeExpenses": 221400000,
    "otherExpenses": 20900000,
    "operatingExpenses": 281900000,
    "costAndExpenses": 561400000,
    "interestIncome": 0,
    "interestExpense": 0,
    "depreciationAndAmortization": 20900000,
    "ebitda": 141400000,
    "ebitdaratio": 0.2073617833,
    "operatingIncome": 120500000,
    "operatingIncomeRatio": 0.1767121279,
    "totalOtherIncomeExpensesNet": 2700000,
    "incomeBeforeTax": 123200000,
    "incomeBeforeTaxRatio": 0.1806716527,
    "incomeTaxExpense": 50800000,
    "netIncome": 72400000,
    "netIncomeRatio": 0.1061739258,
    "eps": 0.19,
    "epsdiluted": 0.19,
    "weightedAverageShsOut": 386936000,
    "weightedAverageShsOutDil": 386936000,
    "link": "https://www.sec.gov/Archives/edgar/data/310764/000031076495000005/0000310764-95-000005-index.html",
    "finalLink": "https://www.sec.gov/Archives/edgar/data/310764/"
  },
  {
    "date": "1993-12-31",
    "symbol": "SYK",
    "reportedCurrency": "USD",
    "cik": "0000310764",
    "fillingDate": "1994-03-24",
    "acceptedDate": "1994-03-24 00:00:00",
    "calendarYear": "1993",
    "period": "FY",
    "revenue": 557300000,
    "costOfRevenue": 240600000,
    "grossProfit": 316700000,
    "grossProfitRatio": 0.5682756146,
    "researchAndDevelopmentExpenses": 0,
    "generalAndAdministrativeExpenses": 0,
    "sellingAndMarketingExpenses": 0,
    "sellingGeneralAndAdministrativeExpenses": 208600000,
    "otherExpenses": 16200000,
    "operatingExpenses": 224800000,
    "costAndExpenses": 465400000,
    "interestIncome": 0,
    "interestExpense": 0,
    "depreciationAndAmortization": 16200000,
    "ebitda": 108100000,
    "ebitdaratio": 0.1939709313,
    "operatingIncome": 91900000,
    "operatingIncomeRatio": 0.1649022071,
    "totalOtherIncomeExpensesNet": 4200000,
    "incomeBeforeTax": 96100000,
    "incomeBeforeTaxRatio": 0.172438543,
    "incomeTaxExpense": 35900000,
    "netIncome": 60200000,
    "netIncomeRatio": 0.1080208146,
    "eps": 0.16,
    "epsdiluted": 0.16,
    "weightedAverageShsOut": 388387097,
    "weightedAverageShsOutDil": 388387097,
    "link": "https://www.sec.gov/Archives/edgar/data/310764/000031076494000004/0000310764-94-000004-index.html",
    "finalLink": "https://www.sec.gov/Archives/edgar/data/310764/"
  },
  {
    "date": "1992-12-31",
    "symbol": "SYK",
    "reportedCurrency": "USD",
    "cik": "0000310764",
    "fillingDate": "1992-12-31",
    "acceptedDate": "1992-12-31 00:00:00",
    "calendarYear": "1992",
    "period": "FY",
    "revenue": 477100000,
    "costOfRevenue": 210300000,
    "grossProfit": 266800000,
    "grossProfitRatio": 0.5592119053,
    "researchAndDevelopmentExpenses": 0,
    "generalAndAdministrativeExpenses": 0,
    "sellingAndMarketingExpenses": 0,
    "sellingGeneralAndAdministrativeExpenses": 181700000,
    "otherExpenses": 11400000,
    "operatingExpenses": 193100000,
    "costAndExpenses": 403400000,
    "interestIncome": 0,
    "interestExpense": 0,
    "depreciationAndAmortization": 11400000,
    "ebitda": 85100000,
    "ebitdaratio": 0.1783693146,
    "operatingIncome": 73700000,
    "operatingIncomeRatio": 0.1544749528,
    "totalOtherIncomeExpensesNet": 3200000,
    "incomeBeforeTax": 76900000,
    "incomeBeforeTaxRatio": 0.1611821421,
    "incomeTaxExpense": 29200000,
    "netIncome": 47700000,
    "netIncomeRatio": 0.09997904,
    "eps": 0.13,
    "epsdiluted": 0.13,
    "weightedAverageShsOut": 381600000,
    "weightedAverageShsOutDil": 381600000,
    "link": null,
    "finalLink": null
  },
  {
    "date": "1991-12-31",
    "symbol": "SYK",
    "reportedCurrency": "USD",
    "cik": "0000310764",
    "fillingDate": "1991-12-31",
    "acceptedDate": "1991-12-31 00:00:00",
    "calendarYear": "1991",
    "period": "FY",
    "revenue": 364800000,
    "costOfRevenue": 160700000,
    "grossProfit": 204100000,
    "grossProfitRatio": 0.5594846491,
    "researchAndDevelopmentExpenses": 0,
    "generalAndAdministrativeExpenses": 0,
    "sellingAndMarketingExpenses": 0,
    "sellingGeneralAndAdministrativeExpenses": 140800000,
    "otherExpenses": 11800000,
    "operatingExpenses": 152600000,
    "costAndExpenses": 313300000,
    "interestIncome": 0,
    "interestExpense": 0,
    "depreciationAndAmortization": 11800000,
    "ebitda": 63300000,
    "ebitdaratio": 0.1735197368,
    "operatingIncome": 51500000,
    "operatingIncomeRatio": 0.1411732456,
    "totalOtherIncomeExpensesNet": 1900000,
    "incomeBeforeTax": 53400000,
    "incomeBeforeTaxRatio": 0.1463815789,
    "incomeTaxExpense": 20300000,
    "netIncome": 33100000,
    "netIncomeRatio": 0.0907346491,
    "eps": 0.09,
    "epsdiluted": 0.085,
    "weightedAverageShsOut": 367777778,
    "weightedAverageShsOutDil": 389411765,
    "link": null,
    "finalLink": null
  },
  {
    "date": "1990-12-31",
    "symbol": "SYK",
    "reportedCurrency": "USD",
    "cik": "0000310764",
    "fillingDate": "1990-12-31",
    "acceptedDate": "1990-12-31 00:00:00",
    "calendarYear": "1990",
    "period": "FY",
    "revenue": 280600000,
    "costOfRevenue": 125800000,
    "grossProfit": 154800000,
    "grossProfitRatio": 0.5516749822,
    "researchAndDevelopmentExpenses": 0,
    "generalAndAdministrativeExpenses": 0,
    "sellingAndMarketingExpenses": 0,
    "sellingGeneralAndAdministrativeExpenses": 112000000,
    "otherExpenses": 7100000,
    "operatingExpenses": 119100000,
    "costAndExpenses": 244900000,
    "interestIncome": 0,
    "interestExpense": 0,
    "depreciationAndAmortization": 7100000,
    "ebitda": 42800000,
    "ebitdaratio": 0.1525302922,
    "operatingIncome": 35700000,
    "operatingIncomeRatio": 0.1272273699,
    "totalOtherIncomeExpensesNet": 2400000,
    "incomeBeforeTax": 38100000,
    "incomeBeforeTaxRatio": 0.1357804704,
    "incomeTaxExpense": 14500000,
    "netIncome": 23600000,
    "netIncomeRatio": 0.0841054882,
    "eps": 0.065,
    "epsdiluted": 0.065,
    "weightedAverageShsOut": 363076923,
    "weightedAverageShsOutDil": 363076923,
    "link": null,
    "finalLink": null
  },
  {
    "date": "1989-12-31",
    "symbol": "SYK",
    "reportedCurrency": "USD",
    "cik": "0000310764",
    "fillingDate": "1989-12-31",
    "acceptedDate": "1989-12-31 00:00:00",
    "calendarYear": "1989",
    "period": "FY",
    "revenue": 225900000,
    "costOfRevenue": 100600000,
    "grossProfit": 125300000,
    "grossProfitRatio": 0.5546702081,
    "researchAndDevelopmentExpenses": 0,
    "generalAndAdministrativeExpenses": 0,
    "sellingAndMarketingExpenses": 0,
    "sellingGeneralAndAdministrativeExpenses": 87300000,
    "otherExpenses": 6300000,
    "operatingExpenses": 93600000,
    "costAndExpenses": 194200000,
    "interestIncome": 0,
    "interestExpense": 0,
    "depreciationAndAmortization": 6300000,
    "ebitda": 38000000,
    "ebitdaratio": 0.1682160248,
    "operatingIncome": 31700000,
    "operatingIncomeRatio": 0.1403275786,
    "totalOtherIncomeExpensesNet": -700000,
    "incomeBeforeTax": 31000000,
    "incomeBeforeTaxRatio": 0.1372288623,
    "incomeTaxExpense": 11800000,
    "netIncome": 19200000,
    "netIncomeRatio": 0.0849933599,
    "eps": 0.05,
    "epsdiluted": 0.05,
    "weightedAverageShsOut": 384000000,
    "weightedAverageShsOutDil": 384000000,
    "link": null,
    "finalLink": null
  },
  {
    "date": "1988-12-31",
    "symbol": "SYK",
    "reportedCurrency": "USD",
    "cik": "0000310764",
    "fillingDate": "1988-12-31",
    "acceptedDate": "1988-12-30 19:00:00",
    "calendarYear": "1988",
    "period": "FY",
    "revenue": 178600000,
    "costOfRevenue": 79000000,
    "grossProfit": 99600000,
    "grossProfitRatio": 0.5576707727,
    "researchAndDevelopmentExpenses": 0,
    "generalAndAdministrativeExpenses": 0,
    "sellingAndMarketingExpenses": 0,
    "sellingGeneralAndAdministrativeExpenses": 67200000,
    "otherExpenses": 6000000,
    "operatingExpenses": 73200000,
    "costAndExpenses": 152200000,
    "interestIncome": 0,
    "interestExpense": 0,
    "depreciationAndAmortization": 6000000,
    "ebitda": 32400000,
    "ebitdaratio": 0.1814109742,
    "operatingIncome": 26400000,
    "operatingIncomeRatio": 0.1478163494,
    "totalOtherIncomeExpensesNet": -400000,
    "incomeBeforeTax": 26000000,
    "incomeBeforeTaxRatio": 0.1455767077,
    "incomeTaxExpense": 10100000,
    "netIncome": 15900000,
    "netIncomeRatio": 0.0890257559,
    "eps": 0.045,
    "epsdiluted": 0.045,
    "weightedAverageShsOut": 353333333,
    "weightedAverageShsOutDil": 353333333,
    "link": "",
    "finalLink": ""
  },
  {
    "date": "1987-12-31",
    "symbol": "SYK",
    "reportedCurrency": "USD",
    "cik": "0000310764",
    "fillingDate": "1987-12-31",
    "acceptedDate": "1987-12-30 19:00:00",
    "calendarYear": "1987",
    "period": "FY",
    "revenue": 148100000,
    "costOfRevenue": 67200000,
    "grossProfit": 80900000,
    "grossProfitRatio": 0.5462525321,
    "researchAndDevelopmentExpenses": 0,
    "generalAndAdministrativeExpenses": 0,
    "sellingAndMarketingExpenses": 0,
    "sellingGeneralAndAdministrativeExpenses": 54700000,
    "otherExpenses": 4200000,
    "operatingExpenses": 58900000,
    "costAndExpenses": 126100000,
    "interestIncome": 0,
    "interestExpense": 0,
    "depreciationAndAmortization": 4200000,
    "ebitda": 26200000,
    "ebitdaratio": 0.1769074949,
    "operatingIncome": 22000000,
    "operatingIncomeRatio": 0.1485482782,
    "totalOtherIncomeExpensesNet": 0,
    "incomeBeforeTax": 22000000,
    "incomeBeforeTaxRatio": 0.1485482782,
    "incomeTaxExpense": 9300000,
    "netIncome": 12700000,
    "netIncomeRatio": 0.0857528697,
    "eps": 0.035,
    "epsdiluted": 0.035,
    "weightedAverageShsOut": 362857143,
    "weightedAverageShsOutDil": 362857143,
    "link": "",
    "finalLink": ""
  },
  {
    "date": "1986-12-31",
    "symbol": "SYK",
    "reportedCurrency": "USD",
    "cik": "0000310764",
    "fillingDate": "1986-12-31",
    "acceptedDate": "1986-12-30 19:00:00",
    "calendarYear": "1986",
    "period": "FY",
    "revenue": 121100000,
    "costOfRevenue": 56100000,
    "grossProfit": 65000000,
    "grossProfitRatio": 0.5367464905,
    "researchAndDevelopmentExpenses": 0,
    "generalAndAdministrativeExpenses": 0,
    "sellingAndMarketingExpenses": 0,
    "sellingGeneralAndAdministrativeExpenses": 42900000,
    "otherExpenses": 3800000,
    "operatingExpenses": 46700000,
    "costAndExpenses": 102800000,
    "interestIncome": 0,
    "interestExpense": 0,
    "depreciationAndAmortization": 3800000,
    "ebitda": 22100000,
    "ebitdaratio": 0.1824938068,
    "operatingIncome": 18300000,
    "operatingIncomeRatio": 0.1511147812,
    "totalOtherIncomeExpensesNet": 200000,
    "incomeBeforeTax": 18500000,
    "incomeBeforeTaxRatio": 0.1527663088,
    "incomeTaxExpense": 8400000,
    "netIncome": 10100000,
    "netIncomeRatio": 0.083402147,
    "eps": 0.03,
    "epsdiluted": 0.03,
    "weightedAverageShsOut": 336666667,
    "weightedAverageShsOutDil": 336666667,
    "link": "",
    "finalLink": ""
  },
  {
    "date": "1985-12-31",
    "symbol": "SYK",
    "reportedCurrency": "USD",
    "cik": "0000310764",
    "fillingDate": "1985-12-31",
    "acceptedDate": "1985-12-30 19:00:00",
    "calendarYear": "1985",
    "period": "FY",
    "revenue": 101600000,
    "costOfRevenue": 47400000,
    "grossProfit": 54200000,
    "grossProfitRatio": 0.5334645669,
    "researchAndDevelopmentExpenses": 0,
    "generalAndAdministrativeExpenses": 0,
    "sellingAndMarketingExpenses": 0,
    "sellingGeneralAndAdministrativeExpenses": 36600000,
    "otherExpenses": 3000000,
    "operatingExpenses": 39600000,
    "costAndExpenses": 87000000,
    "interestIncome": 0,
    "interestExpense": 0,
    "depreciationAndAmortization": 3000000,
    "ebitda": 17600000,
    "ebitdaratio": 0.1732283465,
    "operatingIncome": 14600000,
    "operatingIncomeRatio": 0.1437007874,
    "totalOtherIncomeExpensesNet": 500000,
    "incomeBeforeTax": 15100000,
    "incomeBeforeTaxRatio": 0.1486220472,
    "incomeTaxExpense": 6700000,
    "netIncome": 8400000,
    "netIncomeRatio": 0.0826771654,
    "eps": 0.025,
    "epsdiluted": 0.025,
    "weightedAverageShsOut": 336000000,
    "weightedAverageShsOutDil": 336000000,
    "link": "",
    "finalLink": ""
  }
]