[
  {
    "date": "2025-06-28",
    "symbol": "SYY",
    "reportedCurrency": "USD",
    "cik": "0000096021",
    "fillingDate": "2025-08-22",
    "acceptedDate": "2025-08-21 17:56:50",
    "calendarYear": "2025",
    "period": "Q4",
    "revenue": 21138000000,
    "costOfRevenue": 17152000000,
    "grossProfit": 3986000000,
    "grossProfitRatio": 0.1885703472,
    "researchAndDevelopmentExpenses": 0,
    "generalAndAdministrativeExpenses": 0,
    "sellingAndMarketingExpenses": 0,
    "sellingGeneralAndAdministrativeExpenses": 0,
    "otherExpenses": 3097000000,
    "operatingExpenses": 3097000000,
    "costAndExpenses": 20249000000,
    "interestIncome": 0,
    "interestExpense": 166000000,
    "depreciationAndAmortization": 234000000,
    "ebitda": 1117000000,
    "ebitdaratio": 0.0528432207,
    "operatingIncome": 889000000,
    "operatingIncomeRatio": 0.042056959,
    "totalOtherIncomeExpensesNet": -172000000,
    "incomeBeforeTax": 717000000,
    "incomeBeforeTaxRatio": 0.0339199546,
    "incomeTaxExpense": 186000000,
    "netIncome": 531000000,
    "netIncomeRatio": 0.0251206358,
    "eps": 1.1,
    "epsdiluted": 1.1,
    "weightedAverageShsOut": 482335556,
    "weightedAverageShsOutDil": 483381310,
    "link": "https://www.sec.gov/Archives/edgar/data/96021/000009602125000099/0000096021-25-000099-index.htm",
    "finalLink": "https://www.sec.gov/Archives/edgar/data/96021/000009602125000099/syy-20250628.htm"
  },
  {
    "date": "2025-03-29",
    "symbol": "SYY",
    "reportedCurrency": "USD",
    "cik": "0000096021",
    "fillingDate": "2025-04-30",
    "acceptedDate": "2025-04-29 17:43:27",
    "calendarYear": "2025",
    "period": "Q3",
    "revenue": 19598000000,
    "costOfRevenue": 16017000000,
    "grossProfit": 3581000000,
    "grossProfitRatio": 0.1827227268,
    "researchAndDevelopmentExpenses": 0,
    "generalAndAdministrativeExpenses": 0,
    "sellingAndMarketingExpenses": 0,
    "sellingGeneralAndAdministrativeExpenses": -92000000,
    "otherExpenses": 2992000000,
    "operatingExpenses": 2900000000,
    "costAndExpenses": 18917000000,
    "interestIncome": 0,
    "interestExpense": 149000000,
    "depreciationAndAmortization": 238000000,
    "ebitda": 910000000,
    "ebitdaratio": 0.0464333095,
    "operatingIncome": 681000000,
    "operatingIncomeRatio": 0.0347484437,
    "totalOtherIncomeExpensesNet": -158000000,
    "incomeBeforeTax": 523000000,
    "incomeBeforeTaxRatio": 0.0266863966,
    "incomeTaxExpense": 122000000,
    "netIncome": 401000000,
    "netIncomeRatio": 0.0204612716,
    "eps": 0.82,
    "epsdiluted": 0.82,
    "weightedAverageShsOut": 487519382,
    "weightedAverageShsOutDil": 489331460,
    "link": "https://www.sec.gov/Archives/edgar/data/96021/000009602125000037/0000096021-25-000037-index.htm",
    "finalLink": "https://www.sec.gov/Archives/edgar/data/96021/000009602125000037/syy-20250329.htm"
  },
  {
    "date": "2024-12-28",
    "symbol": "SYY",
    "reportedCurrency": "USD",
    "cik": "0000096021",
    "fillingDate": "2025-01-29",
    "acceptedDate": "2025-01-28 17:41:01",
    "calendarYear": "2025",
    "period": "Q2",
    "revenue": 20151000000,
    "costOfRevenue": 16501000000,
    "grossProfit": 3650000000,
    "grossProfitRatio": 0.18113245,
    "researchAndDevelopmentExpenses": 0,
    "generalAndAdministrativeExpenses": 0,
    "sellingAndMarketingExpenses": 0,
    "sellingGeneralAndAdministrativeExpenses": 0,
    "otherExpenses": 2938000000,
    "operatingExpenses": 2938000000,
    "costAndExpenses": 19439000000,
    "interestIncome": 0,
    "interestExpense": 160000000,
    "depreciationAndAmortization": 272000000,
    "ebitda": 965000000,
    "ebitdaratio": 0.0478884423,
    "operatingIncome": 712000000,
    "operatingIncomeRatio": 0.0353332341,
    "totalOtherIncomeExpensesNet": -179000000,
    "incomeBeforeTax": 533000000,
    "incomeBeforeTaxRatio": 0.0264503002,
    "incomeTaxExpense": 127000000,
    "netIncome": 406000000,
    "netIncomeRatio": 0.0201478835,
    "eps": 0.83,
    "epsdiluted": 0.82,
    "weightedAverageShsOut": 490698567,
    "weightedAverageShsOutDil": 492803849,
    "link": "https://www.sec.gov/Archives/edgar/data/96021/000009602125000010/0000096021-25-000010-index.htm",
    "finalLink": "https://www.sec.gov/Archives/edgar/data/96021/000009602125000010/syy-20241228.htm"
  },
  {
    "date": "2024-09-28",
    "symbol": "SYY",
    "reportedCurrency": "USD",
    "cik": "0000096021",
    "fillingDate": "2024-10-30",
    "acceptedDate": "2024-10-29 17:43:28",
    "calendarYear": "2025",
    "period": "Q1",
    "revenue": 20484000000,
    "costOfRevenue": 16731000000,
    "grossProfit": 3753000000,
    "grossProfitRatio": 0.1832161687,
    "researchAndDevelopmentExpenses": 0,
    "generalAndAdministrativeExpenses": 0,
    "sellingAndMarketingExpenses": 0,
    "sellingGeneralAndAdministrativeExpenses": 0,
    "otherExpenses": 2945000000,
    "operatingExpenses": 2945000000,
    "costAndExpenses": 19676000000,
    "interestIncome": 0,
    "interestExpense": 160000000,
    "depreciationAndAmortization": 269000000,
    "ebitda": 1071000000,
    "ebitdaratio": 0.05228471,
    "operatingIncome": 808000000,
    "operatingIncomeRatio": 0.0394454208,
    "totalOtherIncomeExpensesNet": -166000000,
    "incomeBeforeTax": 642000000,
    "incomeBeforeTaxRatio": 0.0313415349,
    "incomeTaxExpense": 152000000,
    "netIncome": 490000000,
    "netIncomeRatio": 0.0239211092,
    "eps": 1,
    "epsdiluted": 0.99,
    "weightedAverageShsOut": 492023827,
    "weightedAverageShsOutDil": 493785973,
    "link": "https://www.sec.gov/Archives/edgar/data/96021/000009602124000186/0000096021-24-000186-index.htm",
    "finalLink": "https://www.sec.gov/Archives/edgar/data/96021/000009602124000186/syy-20240928.htm"
  },
  {
    "date": "2024-06-29",
    "symbol": "SYY",
    "reportedCurrency": "USD",
    "cik": "0000096021",
    "fillingDate": "2024-08-28",
    "acceptedDate": "2024-08-27 18:06:55",
    "calendarYear": "2024",
    "period": "Q4",
    "revenue": 20556104000,
    "costOfRevenue": 16718565000,
    "grossProfit": 3837539000,
    "grossProfitRatio": 0.1866861055,
    "researchAndDevelopmentExpenses": 0,
    "generalAndAdministrativeExpenses": -1572266000,
    "sellingAndMarketingExpenses": 4300000000,
    "sellingGeneralAndAdministrativeExpenses": 2727734000,
    "otherExpenses": 133476000,
    "operatingExpenses": 2861210000,
    "costAndExpenses": 19579775000,
    "interestIncome": 0,
    "interestExpense": 165133000,
    "depreciationAndAmortization": 258458000,
    "ebitda": 1227052000,
    "ebitdaratio": 0.059692829,
    "operatingIncome": 976329000,
    "operatingIncomeRatio": 0.0474958192,
    "totalOtherIncomeExpensesNet": -172868000,
    "incomeBeforeTax": 803461000,
    "incomeBeforeTaxRatio": 0.039086249,
    "incomeTaxExpense": 191783000,
    "netIncome": 611678000,
    "netIncomeRatio": 0.0297565142,
    "eps": 1.23,
    "epsdiluted": 1.23,
    "weightedAverageShsOut": 497464115,
    "weightedAverageShsOutDil": 497464115,
    "link": "https://www.sec.gov/Archives/edgar/data/96021/000009602124000128/0000096021-24-000128-index.htm",
    "finalLink": "https://www.sec.gov/Archives/edgar/data/96021/000009602124000128/syy-20240629.htm"
  },
  {
    "date": "2024-03-31",
    "symbol": "SYY",
    "reportedCurrency": "USD",
    "cik": "0000096021",
    "fillingDate": "2024-03-31",
    "acceptedDate": "2024-03-30 20:00:00",
    "calendarYear": "2024",
    "period": "Q3",
    "revenue": 19379500000,
    "costOfRevenue": 15802444000,
    "grossProfit": 3609056000,
    "grossProfitRatio": 0.1862306045,
    "researchAndDevelopmentExpenses": 0,
    "generalAndAdministrativeExpenses": 0,
    "sellingAndMarketingExpenses": 0,
    "sellingGeneralAndAdministrativeExpenses": 2810227000,
    "otherExpenses": 76783000,
    "operatingExpenses": 2887010000,
    "costAndExpenses": 18657454000,
    "interestIncome": 0,
    "interestExpense": 157853000,
    "depreciationAndAmortization": 253950000,
    "ebitda": 966208000,
    "ebitdaratio": 0.0498572203,
    "operatingIncome": 722046000,
    "operatingIncomeRatio": 0.0372582368,
    "totalOtherIncomeExpensesNet": -168233000,
    "incomeBeforeTax": 553813000,
    "incomeBeforeTaxRatio": 0.0285772595,
    "incomeTaxExpense": 129125000,
    "netIncome": 424688000,
    "netIncomeRatio": 0.0219142909,
    "eps": 0.85,
    "epsdiluted": 0.85,
    "weightedAverageShsOut": 499642505,
    "weightedAverageShsOutDil": 501921446,
    "link": null,
    "finalLink": null
  },
  {
    "date": "2023-12-30",
    "symbol": "SYY",
    "reportedCurrency": "USD",
    "cik": "0000096021",
    "fillingDate": "2024-01-31",
    "acceptedDate": "2024-01-30 18:24:32",
    "calendarYear": "2024",
    "period": "Q2",
    "revenue": 19287942000,
    "costOfRevenue": 15803309000,
    "grossProfit": 3484633000,
    "grossProfitRatio": 0.1806638054,
    "researchAndDevelopmentExpenses": 0,
    "generalAndAdministrativeExpenses": 0,
    "sellingAndMarketingExpenses": 0,
    "sellingGeneralAndAdministrativeExpenses": 2768080000,
    "otherExpenses": 0,
    "operatingExpenses": 2768080000,
    "costAndExpenses": 18587899000,
    "interestIncome": 320000,
    "interestExpense": 150000000,
    "depreciationAndAmortization": 249784000,
    "ebitda": 939243000,
    "ebitdaratio": 0.048695864,
    "operatingIncome": 700043000,
    "operatingIncomeRatio": 0.0362943335,
    "totalOtherIncomeExpensesNet": -154925000,
    "incomeBeforeTax": 545118000,
    "incomeBeforeTaxRatio": 0.0282621132,
    "incomeTaxExpense": 129876000,
    "netIncome": 415242000,
    "netIncomeRatio": 0.0215285799,
    "eps": 0.82,
    "epsdiluted": 0.82,
    "weightedAverageShsOut": 504312633,
    "weightedAverageShsOutDil": 505929342,
    "link": "https://www.sec.gov/Archives/edgar/data/96021/000009602124000018/0000096021-24-000018-index.htm",
    "finalLink": "https://www.sec.gov/Archives/edgar/data/96021/000009602124000018/syy-20231230.htm"
  },
  {
    "date": "2023-09-30",
    "symbol": "SYY",
    "reportedCurrency": "USD",
    "cik": "0000096021",
    "fillingDate": "2023-11-01",
    "acceptedDate": "2023-10-31 17:54:04",
    "calendarYear": "2024",
    "period": "Q1",
    "revenue": 19620454000,
    "costOfRevenue": 15972682000,
    "grossProfit": 3647772000,
    "grossProfitRatio": 0.1859167989,
    "researchAndDevelopmentExpenses": 0,
    "generalAndAdministrativeExpenses": 0,
    "sellingAndMarketingExpenses": 0,
    "sellingGeneralAndAdministrativeExpenses": 2791143000,
    "otherExpenses": 52857000,
    "operatingExpenses": 2844000000,
    "costAndExpenses": 18816872000,
    "interestIncome": 0,
    "interestExpense": 134000000,
    "depreciationAndAmortization": 235000000,
    "ebitda": 1028857000,
    "ebitdaratio": 0.0524379813,
    "operatingIncome": 803582000,
    "operatingIncomeRatio": 0.0409563408,
    "totalOtherIncomeExpensesNet": -140974000,
    "incomeBeforeTax": 662608000,
    "incomeBeforeTaxRatio": 0.0337712879,
    "incomeTaxExpense": 159216000,
    "netIncome": 503392000,
    "netIncomeRatio": 0.0256564909,
    "eps": 1,
    "epsdiluted": 0.99,
    "weightedAverageShsOut": 505126492,
    "weightedAverageShsOutDil": 507069435,
    "link": "https://www.sec.gov/Archives/edgar/data/96021/000009602123000201/0000096021-23-000201-index.htm",
    "finalLink": "https://www.sec.gov/Archives/edgar/data/96021/000009602123000201/syy-20230930.htm"
  },
  {
    "date": "2023-07-01",
    "symbol": "SYY",
    "reportedCurrency": "USD",
    "cik": "0000096021",
    "fillingDate": "2023-08-25",
    "acceptedDate": "2023-08-24 20:10:07",
    "calendarYear": "2023",
    "period": "Q4",
    "revenue": 19728216000,
    "costOfRevenue": 16043801000,
    "grossProfit": 3684415000,
    "grossProfitRatio": 0.1867586507,
    "researchAndDevelopmentExpenses": 0,
    "generalAndAdministrativeExpenses": -1369014000,
    "sellingAndMarketingExpenses": 4000000000,
    "sellingGeneralAndAdministrativeExpenses": 2630986000,
    "otherExpenses": 84783000,
    "operatingExpenses": 2715769000,
    "costAndExpenses": 18762892000,
    "interestIncome": 0,
    "interestExpense": 135629000,
    "depreciationAndAmortization": 229773000,
    "ebitda": 1323342000,
    "ebitdaratio": 0.0670786451,
    "operatingIncome": 969397000,
    "operatingIncomeRatio": 0.0491375905,
    "totalOtherIncomeExpensesNet": -11457000,
    "incomeBeforeTax": 957940000,
    "incomeBeforeTaxRatio": 0.0485568487,
    "incomeTaxExpense": 224204000,
    "netIncome": 733736000,
    "netIncomeRatio": 0.0371922124,
    "eps": 1.45,
    "epsdiluted": 1.44,
    "weightedAverageShsOut": 506546404,
    "weightedAverageShsOutDil": 508507679,
    "link": "https://www.sec.gov/Archives/edgar/data/96021/000009602123000117/0000096021-23-000117-index.htm",
    "finalLink": "https://www.sec.gov/Archives/edgar/data/96021/000009602123000117/syy-20230701.htm"
  },
  {
    "date": "2023-04-01",
    "symbol": "SYY",
    "reportedCurrency": "USD",
    "cik": "0000096021",
    "fillingDate": "2023-05-02",
    "acceptedDate": "2023-05-02 08:06:05",
    "calendarYear": "2023",
    "period": "Q3",
    "revenue": 18875676000,
    "costOfRevenue": 15444316000,
    "grossProfit": 3431360000,
    "grossProfitRatio": 0.1817873966,
    "researchAndDevelopmentExpenses": 0,
    "generalAndAdministrativeExpenses": 0,
    "sellingAndMarketingExpenses": 0,
    "sellingGeneralAndAdministrativeExpenses": 2701879000,
    "otherExpenses": 33754000,
    "operatingExpenses": 2735633000,
    "costAndExpenses": 18179949000,
    "interestIncome": 0,
    "interestExpense": 134931000,
    "depreciationAndAmortization": 224071000,
    "ebitda": 910650000,
    "ebitdaratio": 0.0482446298,
    "operatingIncome": 695727000,
    "operatingIncomeRatio": 0.0368583885,
    "totalOtherIncomeExpensesNet": -141690000,
    "incomeBeforeTax": 554037000,
    "incomeBeforeTaxRatio": 0.0293519024,
    "incomeTaxExpense": 124433000,
    "netIncome": 429604000,
    "netIncomeRatio": 0.0227596617,
    "eps": 0.84,
    "epsdiluted": 0.84,
    "weightedAverageShsOut": 507716975,
    "weightedAverageShsOutDil": 509842400,
    "link": "https://www.sec.gov/Archives/edgar/data/96021/000009602123000065/0000096021-23-000065-index.htm",
    "finalLink": "https://www.sec.gov/Archives/edgar/data/96021/000009602123000065/syy-20230401.htm"
  },
  {
    "date": "2022-12-31",
    "symbol": "SYY",
    "reportedCurrency": "USD",
    "cik": "0000096021",
    "fillingDate": "2023-02-01",
    "acceptedDate": "2023-01-31 17:50:14",
    "calendarYear": "2023",
    "period": "Q2",
    "revenue": 18593953000,
    "costOfRevenue": 15244337000,
    "grossProfit": 3349616000,
    "grossProfitRatio": 0.1801454484,
    "researchAndDevelopmentExpenses": 0,
    "generalAndAdministrativeExpenses": 0,
    "sellingAndMarketingExpenses": 0,
    "sellingGeneralAndAdministrativeExpenses": 2653249000,
    "otherExpenses": 55544000,
    "operatingExpenses": 2708793000,
    "costAndExpenses": 17953130000,
    "interestIncome": 0,
    "interestExpense": 132042000,
    "depreciationAndAmortization": 218367000,
    "ebitda": 529835000,
    "ebitdaratio": 0.0284950166,
    "operatingIncome": 640823000,
    "operatingIncomeRatio": 0.034464054,
    "totalOtherIncomeExpensesNet": -462347000,
    "incomeBeforeTax": 178476000,
    "incomeBeforeTaxRatio": 0.0095986044,
    "incomeTaxExpense": 37260000,
    "netIncome": 141216000,
    "netIncomeRatio": 0.0075947272,
    "eps": 0.28,
    "epsdiluted": 0.28,
    "weightedAverageShsOut": 507609696,
    "weightedAverageShsOutDil": 510145794,
    "link": "https://www.sec.gov/Archives/edgar/data/96021/000009602123000033/0000096021-23-000033-index.htm",
    "finalLink": "https://www.sec.gov/Archives/edgar/data/96021/000009602123000033/syy-20221231.htm"
  },
  {
    "date": "2022-10-01",
    "symbol": "SYY",
    "reportedCurrency": "USD",
    "cik": "0000096021",
    "fillingDate": "2022-11-02",
    "acceptedDate": "2022-11-01 17:41:24",
    "calendarYear": "2023",
    "period": "Q1",
    "revenue": 19126830000,
    "costOfRevenue": 15640546000,
    "grossProfit": 3486284000,
    "grossProfitRatio": 0.1822719186,
    "researchAndDevelopmentExpenses": 0,
    "generalAndAdministrativeExpenses": 0,
    "sellingAndMarketingExpenses": 0,
    "sellingGeneralAndAdministrativeExpenses": 2700438000,
    "otherExpenses": 54084000,
    "operatingExpenses": 2754522000,
    "costAndExpenses": 18390029000,
    "interestIncome": 0,
    "interestExpense": 124150000,
    "depreciationAndAmortization": 216466000,
    "ebitda": 936009000,
    "ebitdaratio": 0.0489369645,
    "operatingIncome": 736801000,
    "operatingIncomeRatio": 0.0385218565,
    "totalOtherIncomeExpensesNet": -141899000,
    "incomeBeforeTax": 594902000,
    "incomeBeforeTaxRatio": 0.0311030108,
    "incomeTaxExpense": 129334000,
    "netIncome": 465568000,
    "netIncomeRatio": 0.0243410957,
    "eps": 0.92,
    "epsdiluted": 0.91,
    "weightedAverageShsOut": 507578576,
    "weightedAverageShsOutDil": 510383149,
    "link": "https://www.sec.gov/Archives/edgar/data/96021/000009602122000211/0000096021-22-000211-index.htm",
    "finalLink": "https://www.sec.gov/Archives/edgar/data/96021/000009602122000211/syy-20221001.htm"
  },
  {
    "date": "2022-07-02",
    "symbol": "SYY",
    "reportedCurrency": "USD",
    "cik": "0000096021",
    "fillingDate": "2022-08-26",
    "acceptedDate": "2022-08-25 17:39:42",
    "calendarYear": "2022",
    "period": "Q4",
    "revenue": 18957258000,
    "costOfRevenue": 15469312000,
    "grossProfit": 3444272000,
    "grossProfitRatio": 0.1816861911,
    "researchAndDevelopmentExpenses": 0,
    "generalAndAdministrativeExpenses": -1303582000,
    "sellingAndMarketingExpenses": 3900000000,
    "sellingGeneralAndAdministrativeExpenses": 2596418000,
    "otherExpenses": 81139000,
    "operatingExpenses": 2677557000,
    "costAndExpenses": 18190543000,
    "interestIncome": 0,
    "interestExpense": 128512000,
    "depreciationAndAmortization": 226911000,
    "ebitda": 997302000,
    "ebitdaratio": 0.0526079246,
    "operatingIncome": 766715000,
    "operatingIncomeRatio": 0.0404444039,
    "totalOtherIncomeExpensesNet": -124836000,
    "incomeBeforeTax": 641879000,
    "incomeBeforeTaxRatio": 0.0338592744,
    "incomeTaxExpense": 131890000,
    "netIncome": 509989000,
    "netIncomeRatio": 0.0269020446,
    "eps": 1,
    "epsdiluted": 0.99,
    "weightedAverageShsOut": 510593952,
    "weightedAverageShsOutDil": 513426966,
    "link": "https://www.sec.gov/Archives/edgar/data/96021/000009602122000151/0000096021-22-000151-index.htm",
    "finalLink": "https://www.sec.gov/Archives/edgar/data/96021/000009602122000151/syy-20220702.htm"
  },
  {
    "date": "2022-04-02",
    "symbol": "SYY",
    "reportedCurrency": "USD",
    "cik": "0000096021",
    "fillingDate": "2022-05-11",
    "acceptedDate": "2022-05-10 17:49:31",
    "calendarYear": "2022",
    "period": "Q3",
    "revenue": 16902139000,
    "costOfRevenue": 13859195000,
    "grossProfit": 3013394000,
    "grossProfitRatio": 0.1782847721,
    "researchAndDevelopmentExpenses": 0,
    "generalAndAdministrativeExpenses": 0,
    "sellingAndMarketingExpenses": 0,
    "sellingGeneralAndAdministrativeExpenses": 0,
    "otherExpenses": 2517665000,
    "operatingExpenses": 2517665000,
    "costAndExpenses": 16406410000,
    "interestIncome": 0,
    "interestExpense": 124018000,
    "depreciationAndAmortization": 221403000,
    "ebitda": 730811000,
    "ebitdaratio": 0.0432377819,
    "operatingIncome": 495729000,
    "operatingIncomeRatio": 0.0293293648,
    "totalOtherIncomeExpensesNet": -110241000,
    "incomeBeforeTax": 385488000,
    "incomeBeforeTaxRatio": 0.0228070542,
    "incomeTaxExpense": 82163000,
    "netIncome": 303325000,
    "netIncomeRatio": 0.0179459535,
    "eps": 0.6,
    "epsdiluted": 0.59,
    "weightedAverageShsOut": 508368159,
    "weightedAverageShsOutDil": 512238523,
    "link": "https://www.sec.gov/Archives/edgar/data/96021/000009602122000082/0000096021-22-000082-index.htm",
    "finalLink": "https://www.sec.gov/Archives/edgar/data/96021/000009602122000082/syy-20220402.htm"
  },
  {
    "date": "2022-01-01",
    "symbol": "SYY",
    "reportedCurrency": "USD",
    "cik": "0000096021",
    "fillingDate": "2022-02-09",
    "acceptedDate": "2022-02-08 17:32:48",
    "calendarYear": "2022",
    "period": "Q2",
    "revenue": 16320203000,
    "costOfRevenue": 13429053000,
    "grossProfit": 2891150000,
    "grossProfitRatio": 0.1771515955,
    "researchAndDevelopmentExpenses": 0,
    "generalAndAdministrativeExpenses": 0,
    "sellingAndMarketingExpenses": 0,
    "sellingGeneralAndAdministrativeExpenses": 2398648000,
    "otherExpenses": 47593000,
    "operatingExpenses": 2446241000,
    "costAndExpenses": 15875294000,
    "interestIncome": 0,
    "interestExpense": 242899000,
    "depreciationAndAmortization": 217932000,
    "ebitda": 673517000,
    "ebitdaratio": 0.0412689107,
    "operatingIncome": 444909000,
    "operatingIncomeRatio": 0.0272612418,
    "totalOtherIncomeExpensesNet": -232223000,
    "incomeBeforeTax": 212686000,
    "incomeBeforeTaxRatio": 0.0130320683,
    "incomeTaxExpense": 45245000,
    "netIncome": 167441000,
    "netIncomeRatio": 0.0102597376,
    "eps": 0.33,
    "epsdiluted": 0.33,
    "weightedAverageShsOut": 511044400,
    "weightedAverageShsOutDil": 514574889,
    "link": "https://www.sec.gov/Archives/edgar/data/96021/000009602122000036/0000096021-22-000036-index.htm",
    "finalLink": "https://www.sec.gov/Archives/edgar/data/96021/000009602122000036/syy-20220101.htm"
  },
  {
    "date": "2021-10-02",
    "symbol": "SYY",
    "reportedCurrency": "USD",
    "cik": "0000096021",
    "fillingDate": "2021-11-09",
    "acceptedDate": "2021-11-09 17:31:33",
    "calendarYear": "2022",
    "period": "Q1",
    "revenue": 16456546000,
    "costOfRevenue": 13484838000,
    "grossProfit": 2971708000,
    "grossProfitRatio": 0.1805790838,
    "researchAndDevelopmentExpenses": 0,
    "generalAndAdministrativeExpenses": 0,
    "sellingAndMarketingExpenses": 0,
    "sellingGeneralAndAdministrativeExpenses": 2287561000,
    "otherExpenses": 52465000,
    "operatingExpenses": 2340026000,
    "costAndExpenses": 15824864000,
    "interestIncome": 0,
    "interestExpense": 128214000,
    "depreciationAndAmortization": 214687000,
    "ebitda": 849621000,
    "ebitdaratio": 0.0516281485,
    "operatingIncome": 631682000,
    "operatingIncomeRatio": 0.038384847,
    "totalOtherIncomeExpensesNet": -124962000,
    "incomeBeforeTax": 506720000,
    "incomeBeforeTaxRatio": 0.0307913945,
    "incomeTaxExpense": 128707000,
    "netIncome": 378013000,
    "netIncomeRatio": 0.022970373,
    "eps": 0.74,
    "epsdiluted": 0.73,
    "weightedAverageShsOut": 512516067,
    "weightedAverageShsOutDil": 515782928,
    "link": "https://www.sec.gov/Archives/edgar/data/96021/000009602121000139/0000096021-21-000139-index.htm",
    "finalLink": "https://www.sec.gov/Archives/edgar/data/96021/000009602121000139/syy-20211002.htm"
  },
  {
    "date": "2021-07-03",
    "symbol": "SYY",
    "reportedCurrency": "USD",
    "cik": "0000096021",
    "fillingDate": "2021-08-30",
    "acceptedDate": "2021-08-27 17:46:53",
    "calendarYear": "2021",
    "period": "Q4",
    "revenue": 16136893000,
    "costOfRevenue": 13221115000,
    "grossProfit": 2915778000,
    "grossProfitRatio": 0.1806901738,
    "researchAndDevelopmentExpenses": 0,
    "generalAndAdministrativeExpenses": -804301000,
    "sellingAndMarketingExpenses": 3100000000,
    "sellingGeneralAndAdministrativeExpenses": 2295699000,
    "otherExpenses": 50395000,
    "operatingExpenses": 2346094000,
    "costAndExpenses": 15567209000,
    "interestIncome": 0,
    "interestExpense": 441149000,
    "depreciationAndAmortization": 227937000,
    "ebitda": 811104000,
    "ebitdaratio": 0.0502639511,
    "operatingIncome": 569684000,
    "operatingIncomeRatio": 0.0353032024,
    "totalOtherIncomeExpensesNet": -427666000,
    "incomeBeforeTax": 142018000,
    "incomeBeforeTaxRatio": 0.0088008268,
    "incomeTaxExpense": -9075000,
    "netIncome": 151093000,
    "netIncomeRatio": 0.0093632027,
    "eps": 0.29,
    "epsdiluted": 0.29,
    "weightedAverageShsOut": 512423938,
    "weightedAverageShsOutDil": 516036842,
    "link": "https://www.sec.gov/Archives/edgar/data/96021/000009602121000093/0000096021-21-000093-index.htm",
    "finalLink": "https://www.sec.gov/Archives/edgar/data/96021/000009602121000093/syy-20210703.htm"
  },
  {
    "date": "2021-03-27",
    "symbol": "SYY",
    "reportedCurrency": "USD",
    "cik": "0000096021",
    "fillingDate": "2021-05-05",
    "acceptedDate": "2021-05-04 18:17:58",
    "calendarYear": "2021",
    "period": "Q3",
    "revenue": 11824589000,
    "costOfRevenue": 9701921000,
    "grossProfit": 2122668000,
    "grossProfitRatio": 0.1795130469,
    "researchAndDevelopmentExpenses": 0,
    "generalAndAdministrativeExpenses": 0,
    "sellingAndMarketingExpenses": 0,
    "sellingGeneralAndAdministrativeExpenses": 1889184000,
    "otherExpenses": -2433000,
    "operatingExpenses": 1886751000,
    "costAndExpenses": 11588672000,
    "interestIncome": 0,
    "interestExpense": 145773000,
    "depreciationAndAmortization": 203322000,
    "ebitda": 450726000,
    "ebitdaratio": 0.0381176885,
    "operatingIncome": 235917000,
    "operatingIncomeRatio": 0.0199513911,
    "totalOtherIncomeExpensesNet": -133065000,
    "incomeBeforeTax": 102852000,
    "incomeBeforeTaxRatio": 0.0086981459,
    "incomeTaxExpense": 13925000,
    "netIncome": 88927000,
    "netIncomeRatio": 0.0075205151,
    "eps": 0.17,
    "epsdiluted": 0.17,
    "weightedAverageShsOut": 511110670,
    "weightedAverageShsOutDil": 514585129,
    "link": "https://www.sec.gov/Archives/edgar/data/96021/000009602121000045/0000096021-21-000045-index.htm",
    "finalLink": "https://www.sec.gov/Archives/edgar/data/96021/000009602121000045/syy-20210327.htm"
  },
  {
    "date": "2020-12-26",
    "symbol": "SYY",
    "reportedCurrency": "USD",
    "cik": "0000096021",
    "fillingDate": "2021-02-03",
    "acceptedDate": "2021-02-02 18:20:53",
    "calendarYear": "2021",
    "period": "Q2",
    "revenue": 11558982000,
    "costOfRevenue": 9460524000,
    "grossProfit": 2098458000,
    "grossProfitRatio": 0.1815434958,
    "researchAndDevelopmentExpenses": 0,
    "generalAndAdministrativeExpenses": 0,
    "sellingAndMarketingExpenses": 0,
    "sellingGeneralAndAdministrativeExpenses": 1862806000,
    "otherExpenses": 23590000,
    "operatingExpenses": 1886396000,
    "costAndExpenses": 11346920000,
    "interestIncome": 0,
    "interestExpense": 146498000,
    "depreciationAndAmortization": 212664000,
    "ebitda": 439067000,
    "ebitdaratio": 0.0379849194,
    "operatingIncome": 212062000,
    "operatingIncomeRatio": 0.0183460793,
    "totalOtherIncomeExpensesNet": -130942000,
    "incomeBeforeTax": 81120000,
    "incomeBeforeTaxRatio": 0.0070179191,
    "incomeTaxExpense": 13831000,
    "netIncome": 67289000,
    "netIncomeRatio": 0.0058213604,
    "eps": 0.13,
    "epsdiluted": 0.13,
    "weightedAverageShsOut": 510006754,
    "weightedAverageShsOutDil": 512742792,
    "link": "https://www.sec.gov/Archives/edgar/data/96021/000009602121000018/0000096021-21-000018-index.htm",
    "finalLink": "https://www.sec.gov/Archives/edgar/data/96021/000009602121000018/syy-20201226.htm"
  },
  {
    "date": "2020-09-26",
    "symbol": "SYY",
    "reportedCurrency": "USD",
    "cik": "0000096021",
    "fillingDate": "2020-11-04",
    "acceptedDate": "2020-11-03 18:00:12",
    "calendarYear": "2021",
    "period": "Q1",
    "revenue": 11777379000,
    "costOfRevenue": 9557534000,
    "grossProfit": 2219845000,
    "grossProfitRatio": 0.1884837874,
    "researchAndDevelopmentExpenses": 0,
    "generalAndAdministrativeExpenses": 0,
    "sellingAndMarketingExpenses": 0,
    "sellingGeneralAndAdministrativeExpenses": 1784838000,
    "otherExpenses": 15428000,
    "operatingExpenses": 1800266000,
    "costAndExpenses": 11357800000,
    "interestIncome": 0,
    "interestExpense": 146717000,
    "depreciationAndAmortization": 207899000,
    "ebitda": 615527000,
    "ebitdaratio": 0.052263496,
    "operatingIncome": 419579000,
    "operatingIncomeRatio": 0.0356258383,
    "totalOtherIncomeExpensesNet": -160841000,
    "incomeBeforeTax": 258738000,
    "incomeBeforeTaxRatio": 0.0219690646,
    "incomeTaxExpense": 41838000,
    "netIncome": 216900000,
    "netIncomeRatio": 0.0184166613,
    "eps": 0.43,
    "epsdiluted": 0.42,
    "weightedAverageShsOut": 509127405,
    "weightedAverageShsOutDil": 510738760,
    "link": "https://www.sec.gov/Archives/edgar/data/96021/000009602120000122/0000096021-20-000122-index.htm",
    "finalLink": "https://www.sec.gov/Archives/edgar/data/96021/000009602120000122/syy-20200926.htm"
  },
  {
    "date": "2020-06-27",
    "symbol": "SYY",
    "reportedCurrency": "USD",
    "cik": "0000096021",
    "fillingDate": "2020-08-26",
    "acceptedDate": "2020-08-25 17:50:56",
    "calendarYear": "2020",
    "period": "Q4",
    "revenue": 8866564000,
    "costOfRevenue": 7300909000,
    "grossProfit": 1565655000,
    "grossProfitRatio": 0.1765796762,
    "researchAndDevelopmentExpenses": 0,
    "generalAndAdministrativeExpenses": -1437827000,
    "sellingAndMarketingExpenses": 3000000000,
    "sellingGeneralAndAdministrativeExpenses": 1562173000,
    "otherExpenses": 535062000,
    "operatingExpenses": 2097235000,
    "costAndExpenses": 9398144000,
    "interestIncome": 0,
    "interestExpense": 164269000,
    "depreciationAndAmortization": 271804000,
    "ebitda": -315317000,
    "ebitdaratio": -0.0355624794,
    "operatingIncome": -531580000,
    "operatingIncomeRatio": -0.0599533258,
    "totalOtherIncomeExpensesNet": -204665000,
    "incomeBeforeTax": -736245000,
    "incomeBeforeTaxRatio": -0.0830361118,
    "incomeTaxExpense": -117826000,
    "netIncome": -618419000,
    "netIncomeRatio": -0.0697473114,
    "eps": -1.22,
    "epsdiluted": -1.22,
    "weightedAverageShsOut": 508296452,
    "weightedAverageShsOutDil": 508296452,
    "link": "https://www.sec.gov/Archives/edgar/data/96021/000009602120000100/0000096021-20-000100-index.htm",
    "finalLink": "https://www.sec.gov/Archives/edgar/data/96021/000009602120000100/syy-20200627.htm"
  },
  {
    "date": "2020-03-28",
    "symbol": "SYY",
    "reportedCurrency": "USD",
    "cik": "0000096021",
    "fillingDate": "2020-05-06",
    "acceptedDate": "2020-05-05 18:19:28",
    "calendarYear": "2020",
    "period": "Q3",
    "revenue": 13698699000,
    "costOfRevenue": 11134459000,
    "grossProfit": 2564240000,
    "grossProfitRatio": 0.187188579,
    "researchAndDevelopmentExpenses": 0,
    "generalAndAdministrativeExpenses": 0,
    "sellingAndMarketingExpenses": 0,
    "sellingGeneralAndAdministrativeExpenses": 2171721000,
    "otherExpenses": 332245000,
    "operatingExpenses": 2503966000,
    "costAndExpenses": 13638425000,
    "interestIncome": 0,
    "interestExpense": 83854000,
    "depreciationAndAmortization": 216477000,
    "ebitda": 271551000,
    "ebitdaratio": 0.0198231233,
    "operatingIncome": 60274000,
    "operatingIncomeRatio": 0.0043999799,
    "totalOtherIncomeExpensesNet": -89054000,
    "incomeBeforeTax": -28780000,
    "incomeBeforeTaxRatio": -0.0021009294,
    "incomeTaxExpense": -25483000,
    "netIncome": -3297000,
    "netIncomeRatio": -0.0002406798,
    "eps": -0.0065,
    "epsdiluted": -0.0064,
    "weightedAverageShsOut": 508745253,
    "weightedAverageShsOutDil": 512657657,
    "link": "https://www.sec.gov/Archives/edgar/data/96021/000009602120000044/0000096021-20-000044-index.htm",
    "finalLink": "https://www.sec.gov/Archives/edgar/data/96021/000009602120000044/syy-20200328.htm"
  },
  {
    "date": "2019-12-28",
    "symbol": "SYY",
    "reportedCurrency": "USD",
    "cik": "0000096021",
    "fillingDate": "2020-02-05",
    "acceptedDate": "2020-02-04 18:12:14",
    "calendarYear": "2020",
    "period": "Q2",
    "revenue": 15025042000,
    "costOfRevenue": 12196643000,
    "grossProfit": 2828399000,
    "grossProfitRatio": 0.1882456635,
    "researchAndDevelopmentExpenses": 0,
    "generalAndAdministrativeExpenses": 0,
    "sellingAndMarketingExpenses": 0,
    "sellingGeneralAndAdministrativeExpenses": 2211023000,
    "otherExpenses": 64883000,
    "operatingExpenses": 2275906000,
    "costAndExpenses": 14472549000,
    "interestIncome": 0,
    "interestExpense": 76762000,
    "depreciationAndAmortization": 211530000,
    "ebitda": 764830000,
    "ebitdaratio": 0.0509036847,
    "operatingIncome": 552493000,
    "operatingIncomeRatio": 0.0367714779,
    "totalOtherIncomeExpensesNet": -75955000,
    "incomeBeforeTax": 476538000,
    "incomeBeforeTaxRatio": 0.0317162508,
    "incomeTaxExpense": 93128000,
    "netIncome": 383410000,
    "netIncomeRatio": 0.0255180651,
    "eps": 0.75,
    "epsdiluted": 0.74,
    "weightedAverageShsOut": 509984743,
    "weightedAverageShsOutDil": 515517792,
    "link": "https://www.sec.gov/Archives/edgar/data/96021/000009602120000017/0000096021-20-000017-index.htm",
    "finalLink": "https://www.sec.gov/Archives/edgar/data/96021/000009602120000017/syy2020q210-q.htm"
  },
  {
    "date": "2019-09-28",
    "symbol": "SYY",
    "reportedCurrency": "USD",
    "cik": "0000096021",
    "fillingDate": "2019-11-05",
    "acceptedDate": "2019-11-04 18:31:25",
    "calendarYear": "2020",
    "period": "Q1",
    "revenue": 15303005000,
    "costOfRevenue": 12359635000,
    "grossProfit": 2943370000,
    "grossProfitRatio": 0.1923393477,
    "researchAndDevelopmentExpenses": 0,
    "generalAndAdministrativeExpenses": 0,
    "sellingAndMarketingExpenses": 0,
    "sellingGeneralAndAdministrativeExpenses": 2229177000,
    "otherExpenses": 45875000,
    "operatingExpenses": 2275052000,
    "costAndExpenses": 14634687000,
    "interestIncome": 0,
    "interestExpense": 83335000,
    "depreciationAndAmortization": 214330000,
    "ebitda": 879536000,
    "ebitdaratio": 0.0574747247,
    "operatingIncome": 668318000,
    "operatingIncomeRatio": 0.0436723376,
    "totalOtherIncomeExpensesNet": -86447000,
    "incomeBeforeTax": 581871000,
    "incomeBeforeTaxRatio": 0.0380233163,
    "incomeTaxExpense": 128090000,
    "netIncome": 453781000,
    "netIncomeRatio": 0.0296530649,
    "eps": 0.88,
    "epsdiluted": 0.87,
    "weightedAverageShsOut": 513496296,
    "weightedAverageShsOutDil": 518761456,
    "link": "https://www.sec.gov/Archives/edgar/data/96021/000009602119000126/0000096021-19-000126-index.htm",
    "finalLink": "https://www.sec.gov/Archives/edgar/data/96021/000009602119000126/syy2020q110-q.htm"
  },
  {
    "date": "2019-06-29",
    "symbol": "SYY",
    "reportedCurrency": "USD",
    "cik": "0000096021",
    "fillingDate": "2019-08-26",
    "acceptedDate": "2019-08-23 18:05:47",
    "calendarYear": "2019",
    "period": "Q4",
    "revenue": 15474862000,
    "costOfRevenue": 12495670000,
    "grossProfit": 2979192000,
    "grossProfitRatio": 0.1925181627,
    "researchAndDevelopmentExpenses": 0,
    "generalAndAdministrativeExpenses": -1324410000,
    "sellingAndMarketingExpenses": 3500000000,
    "sellingGeneralAndAdministrativeExpenses": 2175590000,
    "otherExpenses": 83072000,
    "operatingExpenses": 2258662000,
    "costAndExpenses": 14754332000,
    "interestIncome": 0,
    "interestExpense": 89780000,
    "depreciationAndAmortization": 187339000,
    "ebitda": 921902000,
    "ebitdaratio": 0.0595741662,
    "operatingIncome": 720530000,
    "operatingIncomeRatio": 0.0465613199,
    "totalOtherIncomeExpensesNet": -38222000,
    "incomeBeforeTax": 682308000,
    "incomeBeforeTaxRatio": 0.0440913787,
    "incomeTaxExpense": 146542000,
    "netIncome": 535766000,
    "netIncomeRatio": 0.0346216981,
    "eps": 1.04,
    "epsdiluted": 1.03,
    "weightedAverageShsOut": 514646741,
    "weightedAverageShsOutDil": 520060241,
    "link": "https://www.sec.gov/Archives/edgar/data/96021/000009602119000093/0000096021-19-000093-index.htm",
    "finalLink": "https://www.sec.gov/Archives/edgar/data/96021/000009602119000093/syy2019q410-k.htm"
  },
  {
    "date": "2019-03-30",
    "symbol": "SYY",
    "reportedCurrency": "USD",
    "cik": "0000096021",
    "fillingDate": "2019-05-07",
    "acceptedDate": "2019-05-06 18:09:16",
    "calendarYear": "2019",
    "period": "Q3",
    "revenue": 14658074000,
    "costOfRevenue": 11903776000,
    "grossProfit": 2754298000,
    "grossProfitRatio": 0.1879031311,
    "researchAndDevelopmentExpenses": 0,
    "generalAndAdministrativeExpenses": 0,
    "sellingAndMarketingExpenses": 0,
    "sellingGeneralAndAdministrativeExpenses": 2162947000,
    "otherExpenses": 61766000,
    "operatingExpenses": 2224713000,
    "costAndExpenses": 14128489000,
    "interestIncome": 0,
    "interestExpense": 94514000,
    "depreciationAndAmortization": 184183000,
    "ebitda": 689729000,
    "ebitdaratio": 0.0470545448,
    "operatingIncome": 529585000,
    "operatingIncomeRatio": 0.036129235,
    "totalOtherIncomeExpensesNet": -98634000,
    "incomeBeforeTax": 430951000,
    "incomeBeforeTaxRatio": 0.0294002473,
    "incomeTaxExpense": -9132000,
    "netIncome": 440083000,
    "netIncomeRatio": 0.0300232486,
    "eps": 0.86,
    "epsdiluted": 0.85,
    "weightedAverageShsOut": 514185453,
    "weightedAverageShsOutDil": 519821311,
    "link": "https://www.sec.gov/Archives/edgar/data/96021/000009602119000041/0000096021-19-000041-index.htm",
    "finalLink": "https://www.sec.gov/Archives/edgar/data/96021/000009602119000041/syy2019q310-q.htm"
  },
  {
    "date": "2018-12-29",
    "symbol": "SYY",
    "reportedCurrency": "USD",
    "cik": "0000096021",
    "fillingDate": "2019-02-05",
    "acceptedDate": "2019-02-04 17:53:46",
    "calendarYear": "2019",
    "period": "Q2",
    "revenue": 14765707000,
    "costOfRevenue": 11993995000,
    "grossProfit": 2771712000,
    "grossProfitRatio": 0.1877127861,
    "researchAndDevelopmentExpenses": 0,
    "generalAndAdministrativeExpenses": 0,
    "sellingAndMarketingExpenses": 0,
    "sellingGeneralAndAdministrativeExpenses": 2271357000,
    "otherExpenses": 48460000,
    "operatingExpenses": 2319817000,
    "costAndExpenses": 14313812000,
    "interestIncome": 0,
    "interestExpense": 87113000,
    "depreciationAndAmortization": 204786000,
    "ebitda": 633988000,
    "ebitdaratio": 0.042936515,
    "operatingIncome": 451895000,
    "operatingIncomeRatio": 0.0306043591,
    "totalOtherIncomeExpensesNet": -97310000,
    "incomeBeforeTax": 354585000,
    "incomeBeforeTaxRatio": 0.0240140889,
    "incomeTaxExpense": 87205000,
    "netIncome": 267380000,
    "netIncomeRatio": 0.0181081746,
    "eps": 0.52,
    "epsdiluted": 0.51,
    "weightedAverageShsOut": 517871327,
    "weightedAverageShsOutDil": 524600510,
    "link": "https://www.sec.gov/Archives/edgar/data/96021/000009602119000008/0000096021-19-000008-index.htm",
    "finalLink": "https://www.sec.gov/Archives/edgar/data/96021/000009602119000008/syy2019q210-q.htm"
  },
  {
    "date": "2018-09-29",
    "symbol": "SYY",
    "reportedCurrency": "USD",
    "cik": "0000096021",
    "fillingDate": "2018-11-06",
    "acceptedDate": "2018-11-05 17:42:30",
    "calendarYear": "2019",
    "period": "Q1",
    "revenue": 15215279000,
    "costOfRevenue": 12311494000,
    "grossProfit": 2903785000,
    "grossProfitRatio": 0.1908466483,
    "researchAndDevelopmentExpenses": 0,
    "generalAndAdministrativeExpenses": 0,
    "sellingAndMarketingExpenses": 0,
    "sellingGeneralAndAdministrativeExpenses": 2243945000,
    "otherExpenses": 31700000,
    "operatingExpenses": 2275645000,
    "costAndExpenses": 14587139000,
    "interestIncome": 0,
    "interestExpense": 89016000,
    "depreciationAndAmortization": 187627000,
    "ebitda": 798061000,
    "ebitdaratio": 0.0524512893,
    "operatingIncome": 628140000,
    "operatingIncomeRatio": 0.0412835019,
    "totalOtherIncomeExpensesNet": -90148000,
    "incomeBeforeTax": 537992000,
    "incomeBeforeTaxRatio": 0.0353586681,
    "incomeTaxExpense": 106950000,
    "netIncome": 431042000,
    "netIncomeRatio": 0.0283295495,
    "eps": 0.83,
    "epsdiluted": 0.81,
    "weightedAverageShsOut": 520856598,
    "weightedAverageShsOutDil": 529034470,
    "link": "https://www.sec.gov/Archives/edgar/data/96021/000009602118000178/0000096021-18-000178-index.htm",
    "finalLink": "https://www.sec.gov/Archives/edgar/data/96021/000009602118000178/syy2019q110-q.htm"
  },
  {
    "date": "2018-06-30",
    "symbol": "SYY",
    "reportedCurrency": "USD",
    "cik": "0000096021",
    "fillingDate": "2018-08-27",
    "acceptedDate": "2018-08-24 17:41:35",
    "calendarYear": "2018",
    "period": "Q4",
    "revenue": 15315906000,
    "costOfRevenue": 12399197000,
    "grossProfit": 2916709000,
    "grossProfitRatio": 0.1904365958,
    "researchAndDevelopmentExpenses": 0,
    "generalAndAdministrativeExpenses": -1468820000,
    "sellingAndMarketingExpenses": 3600000000,
    "sellingGeneralAndAdministrativeExpenses": 2131180000,
    "otherExpenses": 97862000,
    "operatingExpenses": 2229042000,
    "costAndExpenses": 14628239000,
    "interestIncome": 0,
    "interestExpense": 92468000,
    "depreciationAndAmortization": 201766000,
    "ebitda": 813284000,
    "ebitdaratio": 0.0531006132,
    "operatingIncome": 687667000,
    "operatingIncomeRatio": 0.0448988783,
    "totalOtherIncomeExpensesNet": -94511000,
    "incomeBeforeTax": 593156000,
    "incomeBeforeTaxRatio": 0.038728104,
    "incomeTaxExpense": 144228000,
    "netIncome": 448928000,
    "netIncomeRatio": 0.0293112272,
    "eps": 0.86,
    "epsdiluted": 0.85,
    "weightedAverageShsOut": 521298942,
    "weightedAverageShsOutDil": 528053652,
    "link": "https://www.sec.gov/Archives/edgar/data/96021/000009602118000126/0000096021-18-000126-index.htm",
    "finalLink": "https://www.sec.gov/Archives/edgar/data/96021/000009602118000126/syy2018q410-k.htm"
  },
  {
    "date": "2018-03-31",
    "symbol": "SYY",
    "reportedCurrency": "USD",
    "cik": "0000096021",
    "fillingDate": "2018-05-08",
    "acceptedDate": "2018-05-07 18:15:07",
    "calendarYear": "2018",
    "period": "Q3",
    "revenue": 14349504000,
    "costOfRevenue": 11673876000,
    "grossProfit": 2675628000,
    "grossProfitRatio": 0.1864613578,
    "researchAndDevelopmentExpenses": 0,
    "generalAndAdministrativeExpenses": 0,
    "sellingAndMarketingExpenses": 0,
    "sellingGeneralAndAdministrativeExpenses": 2176453000,
    "otherExpenses": 16972000,
    "operatingExpenses": 2189695000,
    "costAndExpenses": 13867301000,
    "interestIncome": 0,
    "interestExpense": 136145000,
    "depreciationAndAmortization": 193416000,
    "ebitda": 693262000,
    "ebitdaratio": 0.0483126107,
    "operatingIncome": 482203000,
    "operatingIncomeRatio": 0.033604158,
    "totalOtherIncomeExpensesNet": -117319000,
    "incomeBeforeTax": 364884000,
    "incomeBeforeTaxRatio": 0.0254283354,
    "incomeTaxExpense": 34799000,
    "netIncome": 330085000,
    "netIncomeRatio": 0.0230032341,
    "eps": 0.63,
    "epsdiluted": 0.63,
    "weightedAverageShsOut": 521832671,
    "weightedAverageShsOutDil": 527990563,
    "link": "https://www.sec.gov/Archives/edgar/data/96021/000009602118000083/0000096021-18-000083-index.htm",
    "finalLink": "https://www.sec.gov/Archives/edgar/data/96021/000009602118000083/syy2018q310-q.htm"
  },
  {
    "date": "2017-12-30",
    "symbol": "SYY",
    "reportedCurrency": "USD",
    "cik": "0000096021",
    "fillingDate": "2018-02-06",
    "acceptedDate": "2018-02-05 21:20:10",
    "calendarYear": "2018",
    "period": "Q2",
    "revenue": 14411490000,
    "costOfRevenue": 11712104000,
    "grossProfit": 2699386000,
    "grossProfitRatio": 0.187307905,
    "researchAndDevelopmentExpenses": 0,
    "generalAndAdministrativeExpenses": 0,
    "sellingAndMarketingExpenses": 0,
    "sellingGeneralAndAdministrativeExpenses": 2153828000,
    "otherExpenses": 17006000,
    "operatingExpenses": 2167104000,
    "costAndExpenses": 13882938000,
    "interestIncome": 0,
    "interestExpense": 85986000,
    "depreciationAndAmortization": 190654000,
    "ebitda": 725116000,
    "ebitdaratio": 0.0503151305,
    "operatingIncome": 528552000,
    "operatingIncomeRatio": 0.0366757358,
    "totalOtherIncomeExpensesNet": -76824000,
    "incomeBeforeTax": 451728000,
    "incomeBeforeTaxRatio": 0.0313449893,
    "incomeTaxExpense": 167615000,
    "netIncome": 284113000,
    "netIncomeRatio": 0.019714339,
    "eps": 0.55,
    "epsdiluted": 0.54,
    "weightedAverageShsOut": 521284182,
    "weightedAverageShsOutDil": 527249587,
    "link": "https://www.sec.gov/Archives/edgar/data/96021/000009602118000038/0000096021-18-000038-index.htm",
    "finalLink": "https://www.sec.gov/Archives/edgar/data/96021/000009602118000038/syy2018q210-q.htm"
  },
  {
    "date": "2017-09-30",
    "symbol": "SYY",
    "reportedCurrency": "USD",
    "cik": "0000096021",
    "fillingDate": "2017-11-09",
    "acceptedDate": "2017-11-09 08:15:31",
    "calendarYear": "2018",
    "period": "Q1",
    "revenue": 14650424000,
    "costOfRevenue": 11856756000,
    "grossProfit": 2793668000,
    "grossProfitRatio": 0.1906885425,
    "researchAndDevelopmentExpenses": 0,
    "generalAndAdministrativeExpenses": 0,
    "sellingAndMarketingExpenses": 0,
    "sellingGeneralAndAdministrativeExpenses": 2159675000,
    "otherExpenses": 14628000,
    "operatingExpenses": 2170576000,
    "costAndExpenses": 14031059000,
    "interestIncome": 0,
    "interestExpense": 80884000,
    "depreciationAndAmortization": 179662000,
    "ebitda": 810475000,
    "ebitdaratio": 0.0553209245,
    "operatingIncome": 619365000,
    "operatingIncomeRatio": 0.0422762508,
    "totalOtherIncomeExpensesNet": -72909000,
    "incomeBeforeTax": 546456000,
    "incomeBeforeTaxRatio": 0.0372996713,
    "incomeTaxExpense": 178816000,
    "netIncome": 367640000,
    "netIncomeRatio": 0.0250941543,
    "eps": 0.7,
    "epsdiluted": 0.69,
    "weightedAverageShsOut": 527289675,
    "weightedAverageShsOutDil": 533063426,
    "link": "https://www.sec.gov/Archives/edgar/data/96021/000009602117000170/0000096021-17-000170-index.htm",
    "finalLink": "https://www.sec.gov/Archives/edgar/data/96021/000009602117000170/syy2018q110-q.htm"
  },
  {
    "date": "2017-07-01",
    "symbol": "SYY",
    "reportedCurrency": "USD",
    "cik": "0000096021",
    "fillingDate": "2017-08-30",
    "acceptedDate": "2017-08-29 20:45:41",
    "calendarYear": "2017",
    "period": "Q4",
    "revenue": 14421045000,
    "costOfRevenue": 11661455000,
    "grossProfit": 2759590000,
    "grossProfitRatio": 0.1913585319,
    "researchAndDevelopmentExpenses": 0,
    "generalAndAdministrativeExpenses": -1251345000,
    "sellingAndMarketingExpenses": 3400000000,
    "sellingGeneralAndAdministrativeExpenses": 2148655000,
    "otherExpenses": 52976000,
    "operatingExpenses": 2201631000,
    "costAndExpenses": 13863086000,
    "interestIncome": 0,
    "interestExpense": 76020000,
    "depreciationAndAmortization": 234717000,
    "ebitda": 796990000,
    "ebitdaratio": 0.0552657592,
    "operatingIncome": 557959000,
    "operatingIncomeRatio": 0.0386906081,
    "totalOtherIncomeExpensesNet": -74434000,
    "incomeBeforeTax": 483525000,
    "incomeBeforeTaxRatio": 0.0335291236,
    "incomeTaxExpense": 178354000,
    "netIncome": 305171000,
    "netIncomeRatio": 0.0211615039,
    "eps": 0.57,
    "epsdiluted": 0.57,
    "weightedAverageShsOut": 534137743,
    "weightedAverageShsOutDil": 538797624,
    "link": "https://www.sec.gov/Archives/edgar/data/96021/000009602117000120/0000096021-17-000120-index.htm",
    "finalLink": "https://www.sec.gov/Archives/edgar/data/96021/000009602117000120/syy201710-k.htm"
  },
  {
    "date": "2017-04-01",
    "symbol": "SYY",
    "reportedCurrency": "USD",
    "cik": "0000096021",
    "fillingDate": "2017-05-09",
    "acceptedDate": "2017-05-08 18:26:58",
    "calendarYear": "2017",
    "period": "Q3",
    "revenue": 13524172000,
    "costOfRevenue": 10990037000,
    "grossProfit": 2534135000,
    "grossProfitRatio": 0.1873781996,
    "researchAndDevelopmentExpenses": 0,
    "generalAndAdministrativeExpenses": 0,
    "sellingAndMarketingExpenses": 0,
    "sellingGeneralAndAdministrativeExpenses": 2052836000,
    "otherExpenses": 45337000,
    "operatingExpenses": 2098173000,
    "costAndExpenses": 13088210000,
    "interestIncome": 0,
    "interestExpense": 81004000,
    "depreciationAndAmortization": 218316000,
    "ebitda": 665528000,
    "ebitdaratio": 0.0492102585,
    "operatingIncome": 435962000,
    "operatingIncomeRatio": 0.0322357628,
    "totalOtherIncomeExpensesNet": -76189000,
    "incomeBeforeTax": 359773000,
    "incomeBeforeTaxRatio": 0.0266022201,
    "incomeTaxExpense": 121495000,
    "netIncome": 238278000,
    "netIncomeRatio": 0.0176186757,
    "eps": 0.44,
    "epsdiluted": 0.44,
    "weightedAverageShsOut": 539291561,
    "weightedAverageShsOutDil": 544068915,
    "link": "https://www.sec.gov/Archives/edgar/data/96021/000009602117000073/0000096021-17-000073-index.htm",
    "finalLink": "https://www.sec.gov/Archives/edgar/data/96021/000009602117000073/syy2017q310-q.htm"
  },
  {
    "date": "2016-12-31",
    "symbol": "SYY",
    "reportedCurrency": "USD",
    "cik": "0000096021",
    "fillingDate": "2017-02-07",
    "acceptedDate": "2017-02-06 18:03:40",
    "calendarYear": "2017",
    "period": "Q2",
    "revenue": 13457268000,
    "costOfRevenue": 10885405000,
    "grossProfit": 2571863000,
    "grossProfitRatio": 0.1911133077,
    "researchAndDevelopmentExpenses": 0,
    "generalAndAdministrativeExpenses": 0,
    "sellingAndMarketingExpenses": 0,
    "sellingGeneralAndAdministrativeExpenses": 2032987000,
    "otherExpenses": 46459000,
    "operatingExpenses": 2079446000,
    "costAndExpenses": 12964851000,
    "interestIncome": 0,
    "interestExpense": 72231000,
    "depreciationAndAmortization": 237274000,
    "ebitda": 719529000,
    "ebitdaratio": 0.0534676875,
    "operatingIncome": 492417000,
    "operatingIncomeRatio": 0.0365911565,
    "totalOtherIncomeExpensesNet": -69911000,
    "incomeBeforeTax": 422506000,
    "incomeBeforeTaxRatio": 0.0313961199,
    "incomeTaxExpense": 147339000,
    "netIncome": 275167000,
    "netIncomeRatio": 0.0204474638,
    "eps": 0.5,
    "epsdiluted": 0.5,
    "weightedAverageShsOut": 545132762,
    "weightedAverageShsOutDil": 550372067,
    "link": "https://www.sec.gov/Archives/edgar/data/96021/000009602117000035/0000096021-17-000035-index.htm",
    "finalLink": "https://www.sec.gov/Archives/edgar/data/96021/000009602117000035/syy2017q210-q.htm"
  },
  {
    "date": "2016-10-01",
    "symbol": "SYY",
    "reportedCurrency": "USD",
    "cik": "0000096021",
    "fillingDate": "2016-11-08",
    "acceptedDate": "2016-11-07 19:35:46",
    "calendarYear": "2017",
    "period": "Q1",
    "revenue": 13968654000,
    "costOfRevenue": 11276735000,
    "grossProfit": 2691919000,
    "grossProfitRatio": 0.1927114094,
    "researchAndDevelopmentExpenses": 0,
    "generalAndAdministrativeExpenses": 0,
    "sellingAndMarketingExpenses": 0,
    "sellingGeneralAndAdministrativeExpenses": 2084589000,
    "otherExpenses": 40497000,
    "operatingExpenses": 2125086000,
    "costAndExpenses": 13401821000,
    "interestIncome": 0,
    "interestExpense": 73623000,
    "depreciationAndAmortization": 211685000,
    "ebitda": 786261000,
    "ebitdaratio": 0.0562875278,
    "operatingIncome": 566833000,
    "operatingIncomeRatio": 0.0405789276,
    "totalOtherIncomeExpensesNet": -66407000,
    "incomeBeforeTax": 500426000,
    "incomeBeforeTaxRatio": 0.0358249263,
    "incomeTaxExpense": 176539000,
    "netIncome": 323887000,
    "netIncomeRatio": 0.0231867007,
    "eps": 0.58,
    "epsdiluted": 0.58,
    "weightedAverageShsOut": 555437764,
    "weightedAverageShsOutDil": 560954068,
    "link": "https://www.sec.gov/Archives/edgar/data/96021/000009602116000318/0000096021-16-000318-index.htm",
    "finalLink": "https://www.sec.gov/Archives/edgar/data/96021/000009602116000318/syy2017q110-q.htm"
  },
  {
    "date": "2016-07-02",
    "symbol": "SYY",
    "reportedCurrency": "USD",
    "cik": "0000096021",
    "fillingDate": "2016-08-30",
    "acceptedDate": "2016-08-29 19:02:33",
    "calendarYear": "2016",
    "period": "Q4",
    "revenue": 13647891000,
    "costOfRevenue": 11145053000,
    "grossProfit": 2502838000,
    "grossProfitRatio": 0.1833864294,
    "researchAndDevelopmentExpenses": 0,
    "generalAndAdministrativeExpenses": -725420000,
    "sellingAndMarketingExpenses": 2600000000,
    "sellingGeneralAndAdministrativeExpenses": 1874580000,
    "otherExpenses": 81433000,
    "operatingExpenses": 1956013000,
    "costAndExpenses": 13101066000,
    "interestIncome": 0,
    "interestExpense": 74305000,
    "depreciationAndAmortization": -460664000,
    "ebitda": 607568000,
    "ebitdaratio": 0.0445173544,
    "operatingIncome": 546825000,
    "operatingIncomeRatio": 0.0400666301,
    "totalOtherIncomeExpensesNet": -215608000,
    "incomeBeforeTax": 331217000,
    "incomeBeforeTaxRatio": 0.0242687313,
    "incomeTaxExpense": 115550000,
    "netIncome": 215667000,
    "netIncomeRatio": 0.0158022217,
    "eps": 0.38,
    "epsdiluted": 0.38,
    "weightedAverageShsOut": 562924016,
    "weightedAverageShsOutDil": 567997290,
    "link": "https://www.sec.gov/Archives/edgar/data/96021/000009602116000275/0000096021-16-000275-index.htm",
    "finalLink": "https://www.sec.gov/Archives/edgar/data/96021/000009602116000275/syy201610-k.htm"
  },
  {
    "date": "2016-03-26",
    "symbol": "SYY",
    "reportedCurrency": "USD",
    "cik": "0000096021",
    "fillingDate": "2016-05-03",
    "acceptedDate": "2016-05-02 18:10:53",
    "calendarYear": "2016",
    "period": "Q3",
    "revenue": 12002791000,
    "costOfRevenue": 9859966000,
    "grossProfit": 2142825000,
    "grossProfitRatio": 0.1785272275,
    "researchAndDevelopmentExpenses": 0,
    "generalAndAdministrativeExpenses": 0,
    "sellingAndMarketingExpenses": 0,
    "sellingGeneralAndAdministrativeExpenses": 1705178000,
    "otherExpenses": 60029000,
    "operatingExpenses": 1765207000,
    "costAndExpenses": 11625173000,
    "interestIncome": 0,
    "interestExpense": 57699000,
    "depreciationAndAmortization": 179264000,
    "ebitda": 563834000,
    "ebitdaratio": 0.046975241,
    "operatingIncome": 377618000,
    "operatingIncomeRatio": 0.0314608494,
    "totalOtherIncomeExpensesNet": -50747000,
    "incomeBeforeTax": 326871000,
    "incomeBeforeTaxRatio": 0.0272329161,
    "incomeTaxExpense": 109735000,
    "netIncome": 217136000,
    "netIncomeRatio": 0.0180904591,
    "eps": 0.38,
    "epsdiluted": 0.38,
    "weightedAverageShsOut": 566487516,
    "weightedAverageShsOutDil": 570814798,
    "link": "https://www.sec.gov/Archives/edgar/data/96021/000009602116000200/0000096021-16-000200-index.htm",
    "finalLink": "https://www.sec.gov/Archives/edgar/data/96021/000009602116000200/syy2016q310-q.htm"
  },
  {
    "date": "2015-12-26",
    "symbol": "SYY",
    "reportedCurrency": "USD",
    "cik": "0000096021",
    "fillingDate": "2016-02-02",
    "acceptedDate": "2016-02-01 18:15:46",
    "calendarYear": "2016",
    "period": "Q2",
    "revenue": 12153626000,
    "costOfRevenue": 9996812000,
    "grossProfit": 2156814000,
    "grossProfitRatio": 0.1774625943,
    "researchAndDevelopmentExpenses": 0,
    "generalAndAdministrativeExpenses": 0,
    "sellingAndMarketingExpenses": 0,
    "sellingGeneralAndAdministrativeExpenses": 1719950000,
    "otherExpenses": 4281000,
    "operatingExpenses": 1724231000,
    "costAndExpenses": 11721043000,
    "interestIncome": 0,
    "interestExpense": 47235000,
    "depreciationAndAmortization": 145439000,
    "ebitda": 582303000,
    "ebitdaratio": 0.0479118742,
    "operatingIncome": 432583000,
    "operatingIncomeRatio": 0.0355929169,
    "totalOtherIncomeExpensesNet": -39471000,
    "incomeBeforeTax": 393112000,
    "incomeBeforeTaxRatio": 0.0323452441,
    "incomeTaxExpense": 120713000,
    "netIncome": 272399000,
    "netIncomeRatio": 0.0224129819,
    "eps": 0.48,
    "epsdiluted": 0.48,
    "weightedAverageShsOut": 566881538,
    "weightedAverageShsOutDil": 571452124,
    "link": "https://www.sec.gov/Archives/edgar/data/96021/000009602116000165/0000096021-16-000165-index.htm",
    "finalLink": "https://www.sec.gov/Archives/edgar/data/96021/000009602116000165/syy2016q210-q.htm"
  },
  {
    "date": "2015-09-26",
    "symbol": "SYY",
    "reportedCurrency": "USD",
    "cik": "0000096021",
    "fillingDate": "2015-11-03",
    "acceptedDate": "2015-11-02 18:09:48",
    "calendarYear": "2016",
    "period": "Q1",
    "revenue": 12562611000,
    "costOfRevenue": 10324616000,
    "grossProfit": 2237995000,
    "grossProfitRatio": 0.1781472816,
    "researchAndDevelopmentExpenses": 0,
    "generalAndAdministrativeExpenses": 0,
    "sellingAndMarketingExpenses": 0,
    "sellingGeneralAndAdministrativeExpenses": 1731516000,
    "otherExpenses": 13005000,
    "operatingExpenses": 1744521000,
    "costAndExpenses": 12069137000,
    "interestIncome": 0,
    "interestExpense": 126907000,
    "depreciationAndAmortization": 135961000,
    "ebitda": 642440000,
    "ebitdaratio": 0.0511390506,
    "operatingIncome": 493474000,
    "operatingIncomeRatio": 0.0392811654,
    "totalOtherIncomeExpensesNet": -111667000,
    "incomeBeforeTax": 381807000,
    "incomeBeforeTaxRatio": 0.0303923285,
    "incomeTaxExpense": 137387000,
    "netIncome": 244420000,
    "netIncomeRatio": 0.0194561465,
    "eps": 0.41,
    "epsdiluted": 0.41,
    "weightedAverageShsOut": 596698935,
    "weightedAverageShsOutDil": 600789913,
    "link": "https://www.sec.gov/Archives/edgar/data/96021/000009602115000083/0000096021-15-000083-index.htm",
    "finalLink": "https://www.sec.gov/Archives/edgar/data/96021/000009602115000083/syy2016q110-q.htm"
  },
  {
    "date": "2015-06-27",
    "symbol": "SYY",
    "reportedCurrency": "USD",
    "cik": "0000096021",
    "fillingDate": "2016-03-03",
    "acceptedDate": "2016-03-02 19:10:00",
    "calendarYear": "2015",
    "period": "Q4",
    "revenue": 12401938000,
    "costOfRevenue": 10181774000,
    "grossProfit": 2220164000,
    "grossProfitRatio": 0.1790175052,
    "researchAndDevelopmentExpenses": 0,
    "generalAndAdministrativeExpenses": -889080000,
    "sellingAndMarketingExpenses": 2600000000,
    "sellingGeneralAndAdministrativeExpenses": 1710920000,
    "otherExpenses": 388249000,
    "operatingExpenses": 2099169000,
    "costAndExpenses": 12280943000,
    "interestIncome": 0,
    "interestExpense": 77281000,
    "depreciationAndAmortization": -435899000,
    "ebitda": 263151000,
    "ebitdaratio": 0.0212185386,
    "operatingIncome": 120995000,
    "operatingIncomeRatio": 0.0097561365,
    "totalOtherIncomeExpensesNet": -52247000,
    "incomeBeforeTax": 68748000,
    "incomeBeforeTaxRatio": 0.0055433272,
    "incomeTaxExpense": -4278000,
    "netIncome": 73026000,
    "netIncomeRatio": 0.0058882733,
    "eps": 0.12,
    "epsdiluted": 0.12,
    "weightedAverageShsOut": 599259889,
    "weightedAverageShsOutDil": 599259889,
    "link": "https://www.sec.gov/Archives/edgar/data/96021/000119312516490366/0001193125-16-490366-index.htm",
    "finalLink": "https://www.sec.gov/Archives/edgar/data/96021/000119312516490366/d138229d10ka.htm"
  },
  {
    "date": "2015-03-28",
    "symbol": "SYY",
    "reportedCurrency": "USD",
    "cik": "0000096021",
    "fillingDate": "2015-05-05",
    "acceptedDate": "2015-05-04 17:59:55",
    "calendarYear": "2015",
    "period": "Q3",
    "revenue": 11746659000,
    "costOfRevenue": 9689161000,
    "grossProfit": 2057498000,
    "grossProfitRatio": 0.1751560167,
    "researchAndDevelopmentExpenses": 0,
    "generalAndAdministrativeExpenses": 0,
    "sellingAndMarketingExpenses": 0,
    "sellingGeneralAndAdministrativeExpenses": 1680216000,
    "otherExpenses": 49974000,
    "operatingExpenses": 1730190000,
    "costAndExpenses": 11419351000,
    "interestIncome": 0,
    "interestExpense": 69550000,
    "depreciationAndAmortization": 141100000,
    "ebitda": 473072000,
    "ebitdaratio": 0.040272898,
    "operatingIncome": 327308000,
    "operatingIncomeRatio": 0.0278639228,
    "totalOtherIncomeExpensesNet": -60973000,
    "incomeBeforeTax": 266335000,
    "incomeBeforeTaxRatio": 0.0226732554,
    "incomeTaxExpense": 89380000,
    "netIncome": 176955000,
    "netIncomeRatio": 0.0150642834,
    "eps": 0.3,
    "epsdiluted": 0.3,
    "weightedAverageShsOut": 594030427,
    "weightedAverageShsOutDil": 598921070,
    "link": "https://www.sec.gov/Archives/edgar/data/96021/000009602115000028/0000096021-15-000028-index.htm",
    "finalLink": "https://www.sec.gov/Archives/edgar/data/96021/000009602115000028/syy-20150328x10q.htm"
  },
  {
    "date": "2014-12-27",
    "symbol": "SYY",
    "reportedCurrency": "USD",
    "cik": "0000096021",
    "fillingDate": "2015-02-03",
    "acceptedDate": "2015-02-02 19:58:44",
    "calendarYear": "2015",
    "period": "Q2",
    "revenue": 12087074000,
    "costOfRevenue": 10001937000,
    "grossProfit": 2085137000,
    "grossProfitRatio": 0.1725096578,
    "researchAndDevelopmentExpenses": 0,
    "generalAndAdministrativeExpenses": 0,
    "sellingAndMarketingExpenses": 0,
    "sellingGeneralAndAdministrativeExpenses": 1688882000,
    "otherExpenses": 80809000,
    "operatingExpenses": 1769691000,
    "costAndExpenses": 11771628000,
    "interestIncome": 0,
    "interestExpense": 77042000,
    "depreciationAndAmortization": 140659000,
    "ebitda": 453898000,
    "ebitdaratio": 0.0375523472,
    "operatingIncome": 315446000,
    "operatingIncomeRatio": 0.0260977967,
    "totalOtherIncomeExpensesNet": -79249000,
    "incomeBeforeTax": 236197000,
    "incomeBeforeTaxRatio": 0.0195412885,
    "incomeTaxExpense": 78218000,
    "netIncome": 157979000,
    "netIncomeRatio": 0.013070078,
    "eps": 0.27,
    "epsdiluted": 0.27,
    "weightedAverageShsOut": 590723351,
    "weightedAverageShsOutDil": 595911680,
    "link": "https://www.sec.gov/Archives/edgar/data/96021/000009602115000004/0000096021-15-000004-index.htm",
    "finalLink": "https://www.sec.gov/Archives/edgar/data/96021/000009602115000004/c021-20141227x10q.htm"
  },
  {
    "date": "2014-09-27",
    "symbol": "SYY",
    "reportedCurrency": "USD",
    "cik": "0000096021",
    "fillingDate": "2014-11-04",
    "acceptedDate": "2014-11-03 17:56:25",
    "calendarYear": "2015",
    "period": "Q1",
    "revenue": 12445081000,
    "costOfRevenue": 10256364000,
    "grossProfit": 2188717000,
    "grossProfitRatio": 0.1758700486,
    "researchAndDevelopmentExpenses": 0,
    "generalAndAdministrativeExpenses": 0,
    "sellingAndMarketingExpenses": 0,
    "sellingGeneralAndAdministrativeExpenses": 1679669000,
    "otherExpenses": 43435000,
    "operatingExpenses": 1723104000,
    "costAndExpenses": 11979468000,
    "interestIncome": 0,
    "interestExpense": 30934000,
    "depreciationAndAmortization": 133996000,
    "ebitda": 601797000,
    "ebitdaratio": 0.048356214,
    "operatingIncome": 465613000,
    "operatingIncomeRatio": 0.0374134166,
    "totalOtherIncomeExpensesNet": -28746000,
    "incomeBeforeTax": 436867000,
    "incomeBeforeTaxRatio": 0.0351035883,
    "incomeTaxExpense": 158054000,
    "netIncome": 278813000,
    "netIncomeRatio": 0.0224034701,
    "eps": 0.47,
    "epsdiluted": 0.47,
    "weightedAverageShsOut": 588277056,
    "weightedAverageShsOutDil": 593309750,
    "link": "https://www.sec.gov/Archives/edgar/data/96021/000009602114000066/0000096021-14-000066-index.htm",
    "finalLink": "https://www.sec.gov/Archives/edgar/data/96021/000009602114000066/syy-20140927x10q.htm"
  },
  {
    "date": "2014-06-28",
    "symbol": "SYY",
    "reportedCurrency": "USD",
    "cik": "0000096021",
    "fillingDate": "2014-08-26",
    "acceptedDate": "2014-08-25 17:58:41",
    "calendarYear": "2014",
    "period": "Q4",
    "revenue": 12286992000,
    "costOfRevenue": 10131136000,
    "grossProfit": 2155856000,
    "grossProfitRatio": 0.1754584035,
    "researchAndDevelopmentExpenses": 0,
    "generalAndAdministrativeExpenses": -974128000,
    "sellingAndMarketingExpenses": 2600000000,
    "sellingGeneralAndAdministrativeExpenses": 1625872000,
    "otherExpenses": 105462000,
    "operatingExpenses": 1731334000,
    "costAndExpenses": 11862470000,
    "interestIncome": 0,
    "interestExpense": 31205000,
    "depreciationAndAmortization": -409072000,
    "ebitda": 578728000,
    "ebitdaratio": 0.047100869,
    "operatingIncome": 424522000,
    "operatingIncomeRatio": 0.034550523,
    "totalOtherIncomeExpensesNet": -23989000,
    "incomeBeforeTax": 400533000,
    "incomeBeforeTaxRatio": 0.032598133,
    "incomeTaxExpense": 146362000,
    "netIncome": 254171000,
    "netIncomeRatio": 0.0206861858,
    "eps": 0.43,
    "epsdiluted": 0.43,
    "weightedAverageShsOut": 586544337,
    "weightedAverageShsOutDil": 591361869,
    "link": "https://www.sec.gov/Archives/edgar/data/96021/000009602114000040/0000096021-14-000040-index.htm",
    "finalLink": "https://www.sec.gov/Archives/edgar/data/96021/000009602114000040/syy-20140628x10k.htm"
  },
  {
    "date": "2014-03-29",
    "symbol": "SYY",
    "reportedCurrency": "USD",
    "cik": "0000096021",
    "fillingDate": "2014-05-06",
    "acceptedDate": "2014-05-05 17:57:05",
    "calendarYear": "2014",
    "period": "Q3",
    "revenue": 11277484000,
    "costOfRevenue": 9282743000,
    "grossProfit": 1994741000,
    "grossProfitRatio": 0.1768781938,
    "researchAndDevelopmentExpenses": 0,
    "generalAndAdministrativeExpenses": 0,
    "sellingAndMarketingExpenses": 0,
    "sellingGeneralAndAdministrativeExpenses": 1627166000,
    "otherExpenses": 34950000,
    "operatingExpenses": 1662116000,
    "costAndExpenses": 10944859000,
    "interestIncome": 0,
    "interestExpense": 32224000,
    "depreciationAndAmortization": 137925000,
    "ebitda": 466832000,
    "ebitdaratio": 0.0413950488,
    "operatingIncome": 332625000,
    "operatingIncomeRatio": 0.0294946107,
    "totalOtherIncomeExpensesNet": -35942000,
    "incomeBeforeTax": 296683000,
    "incomeBeforeTaxRatio": 0.0263075523,
    "incomeTaxExpense": 115746000,
    "netIncome": 180937000,
    "netIncomeRatio": 0.0160440928,
    "eps": 0.31,
    "epsdiluted": 0.31,
    "weightedAverageShsOut": 585885137,
    "weightedAverageShsOutDil": 590470283,
    "link": "https://www.sec.gov/Archives/edgar/data/96021/000009602114000027/0000096021-14-000027-index.htm",
    "finalLink": "https://www.sec.gov/Archives/edgar/data/96021/000009602114000027/syy-20140329x10q.htm"
  },
  {
    "date": "2013-12-28",
    "symbol": "SYY",
    "reportedCurrency": "USD",
    "cik": "0000096021",
    "fillingDate": "2014-02-04",
    "acceptedDate": "2014-02-03 18:01:10",
    "calendarYear": "2014",
    "period": "Q2",
    "revenue": 11237969000,
    "costOfRevenue": 9273018000,
    "grossProfit": 1964951000,
    "grossProfitRatio": 0.1748492988,
    "researchAndDevelopmentExpenses": 0,
    "generalAndAdministrativeExpenses": 0,
    "sellingAndMarketingExpenses": 0,
    "sellingGeneralAndAdministrativeExpenses": 1606072000,
    "otherExpenses": 7102000,
    "operatingExpenses": 1613174000,
    "costAndExpenses": 10886192000,
    "interestIncome": 0,
    "interestExpense": 29784000,
    "depreciationAndAmortization": 137403000,
    "ebitda": 496282000,
    "ebitdaratio": 0.0441611825,
    "operatingIncome": 351777000,
    "operatingIncomeRatio": 0.0313025423,
    "totalOtherIncomeExpensesNet": -25573000,
    "incomeBeforeTax": 326204000,
    "incomeBeforeTaxRatio": 0.0290269532,
    "incomeTaxExpense": 115369000,
    "netIncome": 210835000,
    "netIncomeRatio": 0.0187609523,
    "eps": 0.36,
    "epsdiluted": 0.36,
    "weightedAverageShsOut": 584253842,
    "weightedAverageShsOutDil": 587926287,
    "link": "https://www.sec.gov/Archives/edgar/data/96021/000009602114000004/0000096021-14-000004-index.htm",
    "finalLink": "https://www.sec.gov/Archives/edgar/data/96021/000009602114000004/syy-20131228x10q.htm"
  },
  {
    "date": "2013-09-28",
    "symbol": "SYY",
    "reportedCurrency": "USD",
    "cik": "0000096021",
    "fillingDate": "2013-11-05",
    "acceptedDate": "2013-11-04 20:40:29",
    "calendarYear": "2014",
    "period": "Q1",
    "revenue": 11714267000,
    "costOfRevenue": 9648780000,
    "grossProfit": 2065487000,
    "grossProfitRatio": 0.1763223427,
    "researchAndDevelopmentExpenses": 0,
    "generalAndAdministrativeExpenses": 0,
    "sellingAndMarketingExpenses": 0,
    "sellingGeneralAndAdministrativeExpenses": 1584968000,
    "otherExpenses": 2321000,
    "operatingExpenses": 1587289000,
    "costAndExpenses": 11236069000,
    "interestIncome": 0,
    "interestExpense": 30528000,
    "depreciationAndAmortization": 133744000,
    "ebitda": 614263000,
    "ebitdaratio": 0.0524371691,
    "operatingIncome": 478198000,
    "operatingIncomeRatio": 0.0408218457,
    "totalOtherIncomeExpensesNet": -25994000,
    "incomeBeforeTax": 452204000,
    "incomeBeforeTaxRatio": 0.0386028422,
    "incomeTaxExpense": 166614000,
    "netIncome": 285590000,
    "netIncomeRatio": 0.0243796731,
    "eps": 0.49,
    "epsdiluted": 0.48,
    "weightedAverageShsOut": 587621529,
    "weightedAverageShsOutDil": 591458948,
    "link": "https://www.sec.gov/Archives/edgar/data/96021/000009602113000091/0000096021-13-000091-index.htm",
    "finalLink": "https://www.sec.gov/Archives/edgar/data/96021/000009602113000091/syy-20130928x10q.htm"
  },
  {
    "date": "2013-06-29",
    "symbol": "SYY",
    "reportedCurrency": "USD",
    "cik": "0000096021",
    "fillingDate": "2013-08-27",
    "acceptedDate": "2013-08-26 17:57:33",
    "calendarYear": "2013",
    "period": "Q4",
    "revenue": 11601056000,
    "costOfRevenue": 9564894000,
    "grossProfit": 2036162000,
    "grossProfitRatio": 0.175515229,
    "researchAndDevelopmentExpenses": 0,
    "generalAndAdministrativeExpenses": 0,
    "sellingAndMarketingExpenses": 2539600000,
    "sellingGeneralAndAdministrativeExpenses": 2539600000,
    "otherExpenses": 1576319000,
    "operatingExpenses": 1576319000,
    "costAndExpenses": 11141213000,
    "interestIncome": 0,
    "interestExpense": 31170000,
    "depreciationAndAmortization": -379998000,
    "ebitda": 602225000,
    "ebitdaratio": 0.0519112226,
    "operatingIncome": 459843000,
    "operatingIncomeRatio": 0.0396380295,
    "totalOtherIncomeExpensesNet": -21338000,
    "incomeBeforeTax": 438505000,
    "incomeBeforeTaxRatio": 0.0377987142,
    "incomeTaxExpense": 155462000,
    "netIncome": 283043000,
    "netIncomeRatio": 0.0243980376,
    "eps": 0.48,
    "epsdiluted": 0.47,
    "weightedAverageShsOut": 597536893,
    "weightedAverageShsOutDil": 597536893,
    "link": "https://www.sec.gov/Archives/edgar/data/96021/000009602113000073/0000096021-13-000073-index.htm",
    "finalLink": "https://www.sec.gov/Archives/edgar/data/96021/000009602113000073/syy-20130629x10k.htm"
  },
  {
    "date": "2013-03-30",
    "symbol": "SYY",
    "reportedCurrency": "USD",
    "cik": "0000096021",
    "fillingDate": "2013-05-07",
    "acceptedDate": "2013-05-06 20:10:39",
    "calendarYear": "2013",
    "period": "Q3",
    "revenue": 10926371000,
    "costOfRevenue": 9016052000,
    "grossProfit": 1910319000,
    "grossProfitRatio": 0.1748356339,
    "researchAndDevelopmentExpenses": 0,
    "generalAndAdministrativeExpenses": 0,
    "sellingAndMarketingExpenses": 0,
    "sellingGeneralAndAdministrativeExpenses": 0,
    "otherExpenses": 1573117000,
    "operatingExpenses": 1573117000,
    "costAndExpenses": 10585759000,
    "interestIncome": 0,
    "interestExpense": 34215000,
    "depreciationAndAmortization": 130405000,
    "ebitda": 471017000,
    "ebitdaratio": 0.0431082745,
    "operatingIncome": 337202000,
    "operatingIncomeRatio": 0.0308612988,
    "totalOtherIncomeExpensesNet": -30805000,
    "incomeBeforeTax": 306397000,
    "incomeBeforeTaxRatio": 0.0280419729,
    "incomeTaxExpense": 104980000,
    "netIncome": 201417000,
    "netIncomeRatio": 0.0184340254,
    "eps": 0.34,
    "epsdiluted": 0.34,
    "weightedAverageShsOut": 589149731,
    "weightedAverageShsOutDil": 592903799,
    "link": "https://www.sec.gov/Archives/edgar/data/96021/000009602113000046/0000096021-13-000046-index.htm",
    "finalLink": "https://www.sec.gov/Archives/edgar/data/96021/000009602113000046/syy-20130330x10q.htm"
  },
  {
    "date": "2012-12-29",
    "symbol": "SYY",
    "reportedCurrency": "USD",
    "cik": "0000096021",
    "fillingDate": "2013-02-05",
    "acceptedDate": "2013-02-04 17:41:17",
    "calendarYear": "2013",
    "period": "Q2",
    "revenue": 10796890000,
    "costOfRevenue": 8879324000,
    "grossProfit": 1917566000,
    "grossProfitRatio": 0.1776035507,
    "researchAndDevelopmentExpenses": 0,
    "generalAndAdministrativeExpenses": 0,
    "sellingAndMarketingExpenses": 0,
    "sellingGeneralAndAdministrativeExpenses": 0,
    "otherExpenses": 1534915000,
    "operatingExpenses": 1534915000,
    "costAndExpenses": 10412486000,
    "interestIncome": 0,
    "interestExpense": 32242000,
    "depreciationAndAmortization": 128929000,
    "ebitda": 513333000,
    "ebitdaratio": 0.0475445244,
    "operatingIncome": 382651000,
    "operatingIncomeRatio": 0.0354408538,
    "totalOtherIncomeExpensesNet": -30489000,
    "incomeBeforeTax": 352162000,
    "incomeBeforeTaxRatio": 0.0326169851,
    "incomeTaxExpense": 130793000,
    "netIncome": 221369000,
    "netIncomeRatio": 0.0205030337,
    "eps": 0.38,
    "epsdiluted": 0.38,
    "weightedAverageShsOut": 587091968,
    "weightedAverageShsOutDil": 589751933,
    "link": "https://www.sec.gov/Archives/edgar/data/96021/000009602113000004/0000096021-13-000004-index.htm",
    "finalLink": "https://www.sec.gov/Archives/edgar/data/96021/000009602113000004/syy-20121229x10q.htm"
  },
  {
    "date": "2012-09-29",
    "symbol": "SYY",
    "reportedCurrency": "USD",
    "cik": "0000096021",
    "fillingDate": "2012-11-06",
    "acceptedDate": "2012-11-05 18:20:28",
    "calendarYear": "2013",
    "period": "Q1",
    "revenue": 11086916000,
    "costOfRevenue": 9083372000,
    "grossProfit": 2003544000,
    "grossProfitRatio": 0.1807124723,
    "researchAndDevelopmentExpenses": 0,
    "generalAndAdministrativeExpenses": 0,
    "sellingAndMarketingExpenses": 0,
    "sellingGeneralAndAdministrativeExpenses": 0,
    "otherExpenses": 1524762000,
    "operatingExpenses": 1524762000,
    "costAndExpenses": 10608134000,
    "interestIncome": 0,
    "interestExpense": 30868000,
    "depreciationAndAmortization": 120664000,
    "ebitda": 601923000,
    "ebitdaratio": 0.0542912925,
    "operatingIncome": 478782000,
    "operatingIncomeRatio": 0.0431844167,
    "totalOtherIncomeExpensesNet": -28391000,
    "incomeBeforeTax": 450391000,
    "incomeBeforeTaxRatio": 0.0406236504,
    "incomeTaxExpense": 163793000,
    "netIncome": 286598000,
    "netIncomeRatio": 0.0258501102,
    "eps": 0.49,
    "epsdiluted": 0.49,
    "weightedAverageShsOut": 587757832,
    "weightedAverageShsOutDil": 589838819,
    "link": "https://www.sec.gov/Archives/edgar/data/96021/000009602112000091/0000096021-12-000091-index.htm",
    "finalLink": "https://www.sec.gov/Archives/edgar/data/96021/000009602112000091/syy-20120929x10q.htm"
  },
  {
    "date": "2012-06-30",
    "symbol": "SYY",
    "reportedCurrency": "USD",
    "cik": "0000096021",
    "fillingDate": "2012-08-28",
    "acceptedDate": "2012-08-27 18:21:50",
    "calendarYear": "2012",
    "period": "Q4",
    "revenue": 11045382000,
    "costOfRevenue": 9033671000,
    "grossProfit": 2011711000,
    "grossProfitRatio": 0.1821314102,
    "researchAndDevelopmentExpenses": 0,
    "generalAndAdministrativeExpenses": 0,
    "sellingAndMarketingExpenses": 0,
    "sellingGeneralAndAdministrativeExpenses": 0,
    "otherExpenses": 1496247000,
    "operatingExpenses": 1496247000,
    "costAndExpenses": 10529918000,
    "interestIncome": 0,
    "interestExpense": 27308000,
    "depreciationAndAmortization": 111977000,
    "ebitda": 628737000,
    "ebitdaratio": 0.0569230652,
    "operatingIncome": 515464000,
    "operatingIncomeRatio": 0.0466678291,
    "totalOtherIncomeExpensesNet": -26012000,
    "incomeBeforeTax": 489452000,
    "incomeBeforeTaxRatio": 0.0443128178,
    "incomeTaxExpense": 180183000,
    "netIncome": 309269000,
    "netIncomeRatio": 0.0279998465,
    "eps": 0.53,
    "epsdiluted": 0.53,
    "weightedAverageShsOut": 586890718,
    "weightedAverageShsOutDil": 588268439,
    "link": "https://www.sec.gov/Archives/edgar/data/96021/000009602112000062/0000096021-12-000062-index.htm",
    "finalLink": "https://www.sec.gov/Archives/edgar/data/96021/000009602112000062/syy-20120630x10k.htm"
  },
  {
    "date": "2012-03-31",
    "symbol": "SYY",
    "reportedCurrency": "USD",
    "cik": "0000096021",
    "fillingDate": "2012-05-08",
    "acceptedDate": "2012-05-08 08:05:53",
    "calendarYear": "2012",
    "period": "Q3",
    "revenue": 10504746000,
    "costOfRevenue": 8633130000,
    "grossProfit": 1871616000,
    "grossProfitRatio": 0.1781686106,
    "researchAndDevelopmentExpenses": 0,
    "generalAndAdministrativeExpenses": 0,
    "sellingAndMarketingExpenses": 0,
    "sellingGeneralAndAdministrativeExpenses": 1432786000,
    "otherExpenses": 0,
    "operatingExpenses": 1432786000,
    "costAndExpenses": 10065916000,
    "interestIncome": 0,
    "interestExpense": 28290000,
    "depreciationAndAmortization": 104242000,
    "ebitda": 545320000,
    "ebitdaratio": 0.051911774,
    "operatingIncome": 438830000,
    "operatingIncomeRatio": 0.0417744513,
    "totalOtherIncomeExpensesNet": -26042000,
    "incomeBeforeTax": 412788000,
    "incomeBeforeTaxRatio": 0.0392953813,
    "incomeTaxExpense": 153238000,
    "netIncome": 259550000,
    "netIncomeRatio": 0.0247078797,
    "eps": 0.44,
    "epsdiluted": 0.44,
    "weightedAverageShsOut": 585823393,
    "weightedAverageShsOutDil": 587214691,
    "link": "https://www.sec.gov/Archives/edgar/data/96021/000119312512216752/0001193125-12-216752-index.htm",
    "finalLink": "https://www.sec.gov/Archives/edgar/data/96021/000119312512216752/d342468d10q.htm"
  },
  {
    "date": "2011-12-31",
    "symbol": "SYY",
    "reportedCurrency": "USD",
    "cik": "0000096021",
    "fillingDate": "2012-02-07",
    "acceptedDate": "2012-02-07 08:02:14",
    "calendarYear": "2012",
    "period": "Q2",
    "revenue": 10244421000,
    "costOfRevenue": 8398771000,
    "grossProfit": 1845650000,
    "grossProfitRatio": 0.1801614752,
    "researchAndDevelopmentExpenses": 0,
    "generalAndAdministrativeExpenses": 0,
    "sellingAndMarketingExpenses": 0,
    "sellingGeneralAndAdministrativeExpenses": 1418652000,
    "otherExpenses": 0,
    "operatingExpenses": 1418652000,
    "costAndExpenses": 9817423000,
    "interestIncome": 0,
    "interestExpense": 28324000,
    "depreciationAndAmortization": 101083000,
    "ebitda": 531553000,
    "ebitdaratio": 0.051887071,
    "operatingIncome": 426998000,
    "operatingIncomeRatio": 0.0416810281,
    "totalOtherIncomeExpensesNet": -24852000,
    "incomeBeforeTax": 402146000,
    "incomeBeforeTaxRatio": 0.0392551224,
    "incomeTaxExpense": 152033000,
    "netIncome": 250113000,
    "netIncomeRatio": 0.024414557,
    "eps": 0.43,
    "epsdiluted": 0.43,
    "weightedAverageShsOut": 586188302,
    "weightedAverageShsOutDil": 587034204,
    "link": "https://www.sec.gov/Archives/edgar/data/96021/000119312512042600/0001193125-12-042600-index.htm",
    "finalLink": "https://www.sec.gov/Archives/edgar/data/96021/000119312512042600/d294991d10q.htm"
  },
  {
    "date": "2011-10-01",
    "symbol": "SYY",
    "reportedCurrency": "USD",
    "cik": "0000096021",
    "fillingDate": "2011-11-08",
    "acceptedDate": "2011-11-08 08:00:45",
    "calendarYear": "2012",
    "period": "Q1",
    "revenue": 10586390000,
    "costOfRevenue": 8638790000,
    "grossProfit": 1947600000,
    "grossProfitRatio": 0.1839720622,
    "researchAndDevelopmentExpenses": 0,
    "generalAndAdministrativeExpenses": 0,
    "sellingAndMarketingExpenses": 0,
    "sellingGeneralAndAdministrativeExpenses": 1438260000,
    "otherExpenses": 0,
    "operatingExpenses": 1438260000,
    "costAndExpenses": 10077050000,
    "interestIncome": 0,
    "interestExpense": 29474000,
    "depreciationAndAmortization": 99641000,
    "ebitda": 608731000,
    "ebitdaratio": 0.0575012823,
    "operatingIncome": 509340000,
    "operatingIncomeRatio": 0.0481127183,
    "totalOtherIncomeExpensesNet": -29724000,
    "incomeBeforeTax": 479616000,
    "incomeBeforeTaxRatio": 0.0453049623,
    "incomeTaxExpense": 176963000,
    "netIncome": 302653000,
    "netIncomeRatio": 0.0285888769,
    "eps": 0.51,
    "epsdiluted": 0.51,
    "weightedAverageShsOut": 592003631,
    "weightedAverageShsOutDil": 593449101,
    "link": "https://www.sec.gov/Archives/edgar/data/96021/000095012311096211/0000950123-11-096211-index.htm",
    "finalLink": "https://www.sec.gov/Archives/edgar/data/96021/000095012311096211/h85447e10vq.htm"
  },
  {
    "date": "2011-07-02",
    "symbol": "SYY",
    "reportedCurrency": "USD",
    "cik": "0000096021",
    "fillingDate": "2011-08-30",
    "acceptedDate": "2011-08-30 08:01:45",
    "calendarYear": "2011",
    "period": "Q4",
    "revenue": 10425703000,
    "costOfRevenue": 8488776000,
    "grossProfit": 1936927000,
    "grossProfitRatio": 0.1857838268,
    "researchAndDevelopmentExpenses": 0,
    "generalAndAdministrativeExpenses": 0,
    "sellingAndMarketingExpenses": 0,
    "sellingGeneralAndAdministrativeExpenses": 1376177000,
    "otherExpenses": 0,
    "operatingExpenses": 1376177000,
    "costAndExpenses": 9864953000,
    "interestIncome": 0,
    "interestExpense": 30134000,
    "depreciationAndAmortization": -298307000,
    "ebitda": 669309000,
    "ebitdaratio": 0.064197973,
    "operatingIncome": 560750000,
    "operatingIncomeRatio": 0.0537853419,
    "totalOtherIncomeExpensesNet": -25856000,
    "incomeBeforeTax": 534894000,
    "incomeBeforeTaxRatio": 0.0513053173,
    "incomeTaxExpense": 198584000,
    "netIncome": 336310000,
    "netIncomeRatio": 0.0322577768,
    "eps": 0.57,
    "epsdiluted": 0.57,
    "weightedAverageShsOut": 586526142,
    "weightedAverageShsOutDil": 593449101,
    "link": "https://www.sec.gov/Archives/edgar/data/96021/000095012311081150/0000950123-11-081150-index.htm",
    "finalLink": "https://www.sec.gov/Archives/edgar/data/96021/000095012311081150/h84293e10vk.htm"
  },
  {
    "date": "2011-04-02",
    "symbol": "SYY",
    "reportedCurrency": "USD",
    "cik": "0000096021",
    "fillingDate": "2011-05-10",
    "acceptedDate": "2011-05-10 11:24:31",
    "calendarYear": "2011",
    "period": "Q3",
    "revenue": 9761660000,
    "costOfRevenue": 7950800000,
    "grossProfit": 1810860000,
    "grossProfitRatio": 0.185507383,
    "researchAndDevelopmentExpenses": 0,
    "generalAndAdministrativeExpenses": 0,
    "sellingAndMarketingExpenses": 0,
    "sellingGeneralAndAdministrativeExpenses": 1383373000,
    "otherExpenses": 0,
    "operatingExpenses": 1383373000,
    "costAndExpenses": 9334173000,
    "interestIncome": 0,
    "interestExpense": 28972000,
    "depreciationAndAmortization": 100077000,
    "ebitda": 534521000,
    "ebitdaratio": 0.0547571827,
    "operatingIncome": 427487000,
    "operatingIncomeRatio": 0.0437924492,
    "totalOtherIncomeExpensesNet": -22015000,
    "incomeBeforeTax": 405472000,
    "incomeBeforeTaxRatio": 0.0415371976,
    "incomeTaxExpense": 146994000,
    "netIncome": 258478000,
    "netIncomeRatio": 0.0264788981,
    "eps": 0.44,
    "epsdiluted": 0.44,
    "weightedAverageShsOut": 583722009,
    "weightedAverageShsOutDil": 585421864,
    "link": "https://www.sec.gov/Archives/edgar/data/96021/000095012311047995/0000950123-11-047995-index.htm",
    "finalLink": "https://www.sec.gov/Archives/edgar/data/96021/000095012311047995/h81971e10vq.htm"
  },
  {
    "date": "2011-01-01",
    "symbol": "SYY",
    "reportedCurrency": "USD",
    "cik": "0000096021",
    "fillingDate": "2011-02-08",
    "acceptedDate": "2011-02-08 08:01:28",
    "calendarYear": "2011",
    "period": "Q2",
    "revenue": 9384852000,
    "costOfRevenue": 7642908000,
    "grossProfit": 1741944000,
    "grossProfitRatio": 0.1856123037,
    "researchAndDevelopmentExpenses": 0,
    "generalAndAdministrativeExpenses": 0,
    "sellingAndMarketingExpenses": 0,
    "sellingGeneralAndAdministrativeExpenses": 1304919000,
    "otherExpenses": 0,
    "operatingExpenses": 1304919000,
    "costAndExpenses": 8947827000,
    "interestIncome": 0,
    "interestExpense": 28060000,
    "depreciationAndAmortization": 96516000,
    "ebitda": 534841000,
    "ebitdaratio": 0.0569898172,
    "operatingIncome": 437025000,
    "operatingIncomeRatio": 0.0465670636,
    "totalOtherIncomeExpensesNet": -26760000,
    "incomeBeforeTax": 410265000,
    "incomeBeforeTaxRatio": 0.0437156601,
    "incomeTaxExpense": 152092000,
    "netIncome": 258173000,
    "netIncomeRatio": 0.0275095441,
    "eps": 0.44,
    "epsdiluted": 0.44,
    "weightedAverageShsOut": 584943749,
    "weightedAverageShsOutDil": 587110338,
    "link": "https://www.sec.gov/Archives/edgar/data/96021/000095012311010023/0000950123-11-010023-index.htm",
    "finalLink": "https://www.sec.gov/Archives/edgar/data/96021/000095012311010023/h79397e10vq.htm"
  },
  {
    "date": "2010-10-02",
    "symbol": "SYY",
    "reportedCurrency": "USD",
    "cik": "0000096021",
    "fillingDate": "2010-11-09",
    "acceptedDate": "2010-11-09 08:01:04",
    "calendarYear": "2011",
    "period": "Q1",
    "revenue": 9751274000,
    "costOfRevenue": 7919857000,
    "grossProfit": 1831417000,
    "grossProfitRatio": 0.1878131001,
    "researchAndDevelopmentExpenses": 0,
    "generalAndAdministrativeExpenses": 0,
    "sellingAndMarketingExpenses": 0,
    "sellingGeneralAndAdministrativeExpenses": 0,
    "otherExpenses": 1325177000,
    "operatingExpenses": 1325177000,
    "costAndExpenses": 9245034000,
    "interestIncome": 0,
    "interestExpense": 31101000,
    "depreciationAndAmortization": 101714000,
    "ebitda": 609638000,
    "ebitdaratio": 0.0625188052,
    "operatingIncome": 506240000,
    "operatingIncomeRatio": 0.0519152677,
    "totalOtherIncomeExpensesNet": -29417000,
    "incomeBeforeTax": 476823000,
    "incomeBeforeTaxRatio": 0.0488985337,
    "incomeTaxExpense": 177754000,
    "netIncome": 299069000,
    "netIncomeRatio": 0.0306697361,
    "eps": 0.51,
    "epsdiluted": 0.51,
    "weightedAverageShsOut": 588711412,
    "weightedAverageShsOutDil": 591103346,
    "link": "https://www.sec.gov/Archives/edgar/data/96021/000095012310102902/0000950123-10-102902-index.htm",
    "finalLink": "https://www.sec.gov/Archives/edgar/data/96021/000095012310102902/h77397e10vq.htm"
  },
  {
    "date": "2010-07-03",
    "symbol": "SYY",
    "reportedCurrency": "USD",
    "cik": "0000096021",
    "fillingDate": "2010-08-31",
    "acceptedDate": "2010-08-31 08:01:43",
    "calendarYear": "2010",
    "period": "Q4",
    "revenue": 10348477000,
    "costOfRevenue": 8366609000,
    "grossProfit": 1981868000,
    "grossProfitRatio": 0.191513012,
    "researchAndDevelopmentExpenses": 0,
    "generalAndAdministrativeExpenses": 0,
    "sellingAndMarketingExpenses": 0,
    "sellingGeneralAndAdministrativeExpenses": 0,
    "otherExpenses": 1397782000,
    "operatingExpenses": 1397782000,
    "costAndExpenses": 9764391000,
    "interestIncome": 0,
    "interestExpense": 32501000,
    "depreciationAndAmortization": -284213000,
    "ebitda": 686925000,
    "ebitdaratio": 0.0663793329,
    "operatingIncome": 584086000,
    "operatingIncomeRatio": 0.0564417353,
    "totalOtherIncomeExpensesNet": -35425000,
    "incomeBeforeTax": 548661000,
    "incomeBeforeTaxRatio": 0.0530185263,
    "incomeTaxExpense": 210880000,
    "netIncome": 337781000,
    "netIncomeRatio": 0.0326406485,
    "eps": 0.57,
    "epsdiluted": 0.57,
    "weightedAverageShsOut": 588711412,
    "weightedAverageShsOutDil": 591103346,
    "link": "https://www.sec.gov/Archives/edgar/data/96021/000095012310082514/0000950123-10-082514-index.htm",
    "finalLink": "https://www.sec.gov/Archives/edgar/data/96021/000095012310082514/h75463e10vk.htm"
  },
  {
    "date": "2010-03-27",
    "symbol": "SYY",
    "reportedCurrency": "USD",
    "cik": "0000096021",
    "fillingDate": "2010-05-04",
    "acceptedDate": "2010-05-04 08:00:32",
    "calendarYear": "2010",
    "period": "Q3",
    "revenue": 8945093000,
    "costOfRevenue": 7261721000,
    "grossProfit": 1683372000,
    "grossProfitRatio": 0.1881894353,
    "researchAndDevelopmentExpenses": 0,
    "generalAndAdministrativeExpenses": 0,
    "sellingAndMarketingExpenses": 0,
    "sellingGeneralAndAdministrativeExpenses": 0,
    "otherExpenses": 1251269000,
    "operatingExpenses": 1251269000,
    "costAndExpenses": 8512990000,
    "interestIncome": 0,
    "interestExpense": 27654000,
    "depreciationAndAmortization": 94785000,
    "ebitda": 525860000,
    "ebitdaratio": 0.0587875386,
    "operatingIncome": 432103000,
    "operatingIncomeRatio": 0.0483061495,
    "totalOtherIncomeExpensesNet": -28682000,
    "incomeBeforeTax": 403421000,
    "incomeBeforeTaxRatio": 0.0450996988,
    "incomeTaxExpense": 155773000,
    "netIncome": 247648000,
    "netIncomeRatio": 0.0276853466,
    "eps": 0.42,
    "epsdiluted": 0.42,
    "weightedAverageShsOut": 593129783,
    "weightedAverageShsOutDil": 594833736,
    "link": "https://www.sec.gov/Archives/edgar/data/96021/000095012310043162/0000950123-10-043162-index.htm",
    "finalLink": "https://www.sec.gov/Archives/edgar/data/96021/000095012310043162/h72644e10vq.htm"
  },
  {
    "date": "2009-12-26",
    "symbol": "SYY",
    "reportedCurrency": "USD",
    "cik": "0000096021",
    "fillingDate": "2010-02-02",
    "acceptedDate": "2010-02-02 08:00:55",
    "calendarYear": "2010",
    "period": "Q2",
    "revenue": 8868499000,
    "costOfRevenue": 7173612000,
    "grossProfit": 1694887000,
    "grossProfitRatio": 0.1911131748,
    "researchAndDevelopmentExpenses": 0,
    "generalAndAdministrativeExpenses": 0,
    "sellingAndMarketingExpenses": 0,
    "sellingGeneralAndAdministrativeExpenses": 0,
    "otherExpenses": 1232536000,
    "operatingExpenses": 1232536000,
    "costAndExpenses": 8406148000,
    "interestIncome": 0,
    "interestExpense": 31522000,
    "depreciationAndAmortization": 95522000,
    "ebitda": 559011000,
    "ebitdaratio": 0.0630333273,
    "operatingIncome": 462351000,
    "operatingIncomeRatio": 0.0521340759,
    "totalOtherIncomeExpensesNet": -30384000,
    "incomeBeforeTax": 431967000,
    "incomeBeforeTaxRatio": 0.048708017,
    "incomeTaxExpense": 163618000,
    "netIncome": 268349000,
    "netIncomeRatio": 0.0302586717,
    "eps": 0.45,
    "epsdiluted": 0.45,
    "weightedAverageShsOut": 592651712,
    "weightedAverageShsOutDil": 593372477,
    "link": "https://www.sec.gov/Archives/edgar/data/96021/000095012310007509/0000950123-10-007509-index.htm",
    "finalLink": "https://www.sec.gov/Archives/edgar/data/96021/000095012310007509/h69464e10vq.htm"
  },
  {
    "date": "2009-09-26",
    "symbol": "SYY",
    "reportedCurrency": "USD",
    "cik": "0000096021",
    "fillingDate": "2009-11-03",
    "acceptedDate": "2009-11-03 08:05:13",
    "calendarYear": "2010",
    "period": "Q1",
    "revenue": 9081426000,
    "costOfRevenue": 7334067000,
    "grossProfit": 1747359000,
    "grossProfitRatio": 0.1924102008,
    "researchAndDevelopmentExpenses": 0,
    "generalAndAdministrativeExpenses": 0,
    "sellingAndMarketingExpenses": 0,
    "sellingGeneralAndAdministrativeExpenses": 0,
    "otherExpenses": 1250031000,
    "operatingExpenses": 1250031000,
    "costAndExpenses": 8584098000,
    "interestIncome": 0,
    "interestExpense": 33800000,
    "depreciationAndAmortization": 93906000,
    "ebitda": 593246000,
    "ebitdaratio": 0.0653252033,
    "operatingIncome": 497328000,
    "operatingIncomeRatio": 0.0547632057,
    "totalOtherIncomeExpensesNet": -31788000,
    "incomeBeforeTax": 465540000,
    "incomeBeforeTaxRatio": 0.0512628744,
    "incomeTaxExpense": 139335000,
    "netIncome": 326205000,
    "netIncomeRatio": 0.0359200196,
    "eps": 0.55,
    "epsdiluted": 0.55,
    "weightedAverageShsOut": 591568212,
    "weightedAverageShsOutDil": 591983474,
    "link": "https://www.sec.gov/Archives/edgar/data/96021/000095012309056585/0000950123-09-056585-index.htm",
    "finalLink": "https://www.sec.gov/Archives/edgar/data/96021/000095012309056585/h68274e10vq.htm"
  },
  {
    "date": "2009-06-27",
    "symbol": "SYY",
    "reportedCurrency": "USD",
    "cik": "0000096021",
    "fillingDate": "2009-08-25",
    "acceptedDate": "2009-08-25 08:00:48",
    "calendarYear": "2009",
    "period": "Q4",
    "revenue": 9086748000,
    "costOfRevenue": 7324162000,
    "grossProfit": 1762586000,
    "grossProfitRatio": 0.1939732454,
    "researchAndDevelopmentExpenses": 0,
    "generalAndAdministrativeExpenses": 0,
    "sellingAndMarketingExpenses": 0,
    "sellingGeneralAndAdministrativeExpenses": 0,
    "otherExpenses": 1222314000,
    "operatingExpenses": 1222314000,
    "costAndExpenses": 8546476000,
    "interestIncome": 0,
    "interestExpense": 33279000,
    "depreciationAndAmortization": 98186000,
    "ebitda": 641853000,
    "ebitdaratio": 0.0706361616,
    "operatingIncome": 540272000,
    "operatingIncomeRatio": 0.0594571347,
    "totalOtherIncomeExpensesNet": -29884000,
    "incomeBeforeTax": 510388000,
    "incomeBeforeTaxRatio": 0.0561683894,
    "incomeTaxExpense": 195074000,
    "netIncome": 315314000,
    "netIncomeRatio": 0.0347004231,
    "eps": 0.53,
    "epsdiluted": 0.53,
    "weightedAverageShsOut": 591568212,
    "weightedAverageShsOutDil": 591983474,
    "link": "https://www.sec.gov/Archives/edgar/data/96021/000095012309037707/0000950123-09-037707-index.htm",
    "finalLink": "https://www.sec.gov/Archives/edgar/data/96021/000095012309037707/h67823e10vk.htm"
  },
  {
    "date": "2009-03-28",
    "symbol": "SYY",
    "reportedCurrency": "USD",
    "cik": "0000096021",
    "fillingDate": "2009-05-05",
    "acceptedDate": "2009-05-05 06:01:29",
    "calendarYear": "2009",
    "period": "Q3",
    "revenue": 8739350000,
    "costOfRevenue": 7102274000,
    "grossProfit": 1637076000,
    "grossProfitRatio": 0.1873223981,
    "researchAndDevelopmentExpenses": 0,
    "generalAndAdministrativeExpenses": 0,
    "sellingAndMarketingExpenses": 0,
    "sellingGeneralAndAdministrativeExpenses": 0,
    "otherExpenses": 1231753000,
    "operatingExpenses": 1231753000,
    "costAndExpenses": 8334027000,
    "interestIncome": 0,
    "interestExpense": 28233000,
    "depreciationAndAmortization": 93544000,
    "ebitda": 502381000,
    "ebitdaratio": 0.0574849388,
    "operatingIncome": 405323000,
    "operatingIncomeRatio": 0.0463790785,
    "totalOtherIncomeExpensesNet": -24719000,
    "incomeBeforeTax": 380604000,
    "incomeBeforeTaxRatio": 0.0435506073,
    "incomeTaxExpense": 154438000,
    "netIncome": 226166000,
    "netIncomeRatio": 0.0258790413,
    "eps": 0.38,
    "epsdiluted": 0.38,
    "weightedAverageShsOut": 590152592,
    "weightedAverageShsOutDil": 590667577,
    "link": "https://www.sec.gov/Archives/edgar/data/96021/000095013409009359/0000950134-09-009359-index.htm",
    "finalLink": "https://www.sec.gov/Archives/edgar/data/96021/000095013409009359/h66650e10vq.htm"
  },
  {
    "date": "2008-12-27",
    "symbol": "SYY",
    "reportedCurrency": "USD",
    "cik": "0000096021",
    "fillingDate": "2009-02-03",
    "acceptedDate": "2009-02-03 08:01:27",
    "calendarYear": "2009",
    "period": "Q2",
    "revenue": 9149803000,
    "costOfRevenue": 7399690000,
    "grossProfit": 1750113000,
    "grossProfitRatio": 0.1912732985,
    "researchAndDevelopmentExpenses": 0,
    "generalAndAdministrativeExpenses": 0,
    "sellingAndMarketingExpenses": 0,
    "sellingGeneralAndAdministrativeExpenses": 1328249000,
    "otherExpenses": 0,
    "operatingExpenses": 1328249000,
    "costAndExpenses": 8727939000,
    "interestIncome": 0,
    "interestExpense": 28400000,
    "depreciationAndAmortization": 96258000,
    "ebitda": 523345000,
    "ebitdaratio": 0.0571974063,
    "operatingIncome": 421864000,
    "operatingIncomeRatio": 0.0461063479,
    "totalOtherIncomeExpensesNet": -23177000,
    "incomeBeforeTax": 398687000,
    "incomeBeforeTaxRatio": 0.0435732879,
    "incomeTaxExpense": 161033000,
    "netIncome": 237654000,
    "netIncomeRatio": 0.025973674,
    "eps": 0.4,
    "epsdiluted": 0.4,
    "weightedAverageShsOut": 597549831,
    "weightedAverageShsOutDil": 598233384,
    "link": "https://www.sec.gov/Archives/edgar/data/96021/000095013409001673/0000950134-09-001673-index.htm",
    "finalLink": "https://www.sec.gov/Archives/edgar/data/96021/000095013409001673/h65595e10vq.htm"
  },
  {
    "date": "2008-09-27",
    "symbol": "SYY",
    "reportedCurrency": "USD",
    "cik": "0000096021",
    "fillingDate": "2008-11-04",
    "acceptedDate": "2008-11-04 10:48:55",
    "calendarYear": "2009",
    "period": "Q1",
    "revenue": 9877429000,
    "costOfRevenue": 7990873000,
    "grossProfit": 1886556000,
    "grossProfitRatio": 0.1909966652,
    "researchAndDevelopmentExpenses": 0,
    "generalAndAdministrativeExpenses": 0,
    "sellingAndMarketingExpenses": 0,
    "sellingGeneralAndAdministrativeExpenses": 1381804000,
    "otherExpenses": 0,
    "operatingExpenses": 1381804000,
    "costAndExpenses": 9372677000,
    "interestIncome": 0,
    "interestExpense": 26410000,
    "depreciationAndAmortization": 94351000,
    "ebitda": 601916000,
    "ebitdaratio": 0.0609385297,
    "operatingIncome": 504752000,
    "operatingIncomeRatio": 0.0511015569,
    "totalOtherIncomeExpensesNet": -23597000,
    "incomeBeforeTax": 481155000,
    "incomeBeforeTaxRatio": 0.0487125749,
    "incomeTaxExpense": 204341000,
    "netIncome": 276814000,
    "netIncomeRatio": 0.0280249041,
    "eps": 0.46,
    "epsdiluted": 0.46,
    "weightedAverageShsOut": 602257425,
    "weightedAverageShsOutDil": 605707175,
    "link": "https://www.sec.gov/Archives/edgar/data/96021/000095012908005418/0000950129-08-005418-index.htm",
    "finalLink": "https://www.sec.gov/Archives/edgar/data/96021/000095012908005418/h64651e10vq.htm"
  },
  {
    "date": "2008-06-28",
    "symbol": "SYY",
    "reportedCurrency": "USD",
    "cik": "0000096021",
    "fillingDate": "2008-08-26",
    "acceptedDate": "2008-08-26 16:07:45",
    "calendarYear": "2008",
    "period": "Q4",
    "revenue": 9730205000,
    "costOfRevenue": 7828791000,
    "grossProfit": 1901414000,
    "grossProfitRatio": 0.1954135601,
    "researchAndDevelopmentExpenses": 0,
    "generalAndAdministrativeExpenses": 0,
    "sellingAndMarketingExpenses": 0,
    "sellingGeneralAndAdministrativeExpenses": -3972154000,
    "otherExpenses": 0,
    "operatingExpenses": 1342754000,
    "costAndExpenses": 9171545000,
    "interestIncome": 0,
    "interestExpense": 56255000,
    "depreciationAndAmortization": 96782000,
    "ebitda": 655442000,
    "ebitdaratio": 0.0673615818,
    "operatingIncome": 558660000,
    "operatingIncomeRatio": 0.0574150288,
    "totalOtherIncomeExpensesNet": -23241000,
    "incomeBeforeTax": 535419000,
    "incomeBeforeTaxRatio": 0.0550264871,
    "incomeTaxExpense": 201306000,
    "netIncome": 334113000,
    "netIncomeRatio": 0.0343377144,
    "eps": 0.55,
    "epsdiluted": 0.55,
    "weightedAverageShsOut": 602257425,
    "weightedAverageShsOutDil": 605707175,
    "link": "https://www.sec.gov/Archives/edgar/data/96021/000095012908004642/0000950129-08-004642-index.htm",
    "finalLink": "https://www.sec.gov/Archives/edgar/data/96021/000095012908004642/h59840e10vk.htm"
  },
  {
    "date": "2008-03-29",
    "symbol": "SYY",
    "reportedCurrency": "USD",
    "cik": "0000096021",
    "fillingDate": "2008-05-06",
    "acceptedDate": "2008-05-06 13:21:13",
    "calendarYear": "2008",
    "period": "Q3",
    "revenue": 9146557000,
    "costOfRevenue": 7412036000,
    "grossProfit": 1734521000,
    "grossProfitRatio": 0.1896364938,
    "researchAndDevelopmentExpenses": 0,
    "generalAndAdministrativeExpenses": 0,
    "sellingAndMarketingExpenses": 0,
    "sellingGeneralAndAdministrativeExpenses": 1316877000,
    "otherExpenses": 0,
    "operatingExpenses": 1316877000,
    "costAndExpenses": 8728913000,
    "interestIncome": 0,
    "interestExpense": 28744000,
    "depreciationAndAmortization": 95107000,
    "ebitda": 520036000,
    "ebitdaratio": 0.0568559295,
    "operatingIncome": 417644000,
    "operatingIncomeRatio": 0.0456613346,
    "totalOtherIncomeExpensesNet": -21459000,
    "incomeBeforeTax": 396185000,
    "incomeBeforeTaxRatio": 0.0433152059,
    "incomeTaxExpense": 155284000,
    "netIncome": 240901000,
    "netIncomeRatio": 0.0263378887,
    "eps": 0.4,
    "epsdiluted": 0.4,
    "weightedAverageShsOut": 603170150,
    "weightedAverageShsOutDil": 605773862,
    "link": "https://www.sec.gov/Archives/edgar/data/96021/000095012908002750/0000950129-08-002750-index.htm",
    "finalLink": "https://www.sec.gov/Archives/edgar/data/96021/000095012908002750/h56456e10vq.htm"
  },
  {
    "date": "2007-12-29",
    "symbol": "SYY",
    "reportedCurrency": "USD",
    "cik": "0000096021",
    "fillingDate": "2008-02-05",
    "acceptedDate": "2008-02-05 11:18:19",
    "calendarYear": "2008",
    "period": "Q2",
    "revenue": 9239505000,
    "costOfRevenue": 7471725000,
    "grossProfit": 1767780000,
    "grossProfitRatio": 0.1913284316,
    "researchAndDevelopmentExpenses": 0,
    "generalAndAdministrativeExpenses": 0,
    "sellingAndMarketingExpenses": 0,
    "sellingGeneralAndAdministrativeExpenses": 1318768000,
    "otherExpenses": 0,
    "operatingExpenses": 1318768000,
    "costAndExpenses": 8790493000,
    "interestIncome": 0,
    "interestExpense": 28915000,
    "depreciationAndAmortization": 90184000,
    "ebitda": 547539000,
    "ebitdaratio": 0.0592606422,
    "operatingIncome": 449012000,
    "operatingIncomeRatio": 0.0485969757,
    "totalOtherIncomeExpensesNet": -20572000,
    "incomeBeforeTax": 428440000,
    "incomeBeforeTaxRatio": 0.0463704495,
    "incomeTaxExpense": 164292000,
    "netIncome": 264148000,
    "netIncomeRatio": 0.0285889774,
    "eps": 0.43,
    "epsdiluted": 0.43,
    "weightedAverageShsOut": 608169202,
    "weightedAverageShsOutDil": 614620234,
    "link": "https://www.sec.gov/Archives/edgar/data/96021/000095012908000498/0000950129-08-000498-index.htm",
    "finalLink": "https://www.sec.gov/Archives/edgar/data/96021/000095012908000498/h53572e10vq.htm"
  },
  {
    "date": "2007-09-29",
    "symbol": "SYY",
    "reportedCurrency": "USD",
    "cik": "0000096021",
    "fillingDate": "2007-11-08",
    "acceptedDate": "2007-11-08 16:38:30",
    "calendarYear": "2008",
    "period": "Q1",
    "revenue": 9405844000,
    "costOfRevenue": 7614702000,
    "grossProfit": 1791142000,
    "grossProfitRatio": 0.1904286314,
    "researchAndDevelopmentExpenses": 0,
    "generalAndAdministrativeExpenses": 0,
    "sellingAndMarketingExpenses": 0,
    "sellingGeneralAndAdministrativeExpenses": 1336509000,
    "otherExpenses": 0,
    "operatingExpenses": 1336509000,
    "costAndExpenses": 8951211000,
    "interestIncome": 0,
    "interestExpense": 26371000,
    "depreciationAndAmortization": 90456000,
    "ebitda": 548121000,
    "ebitdaratio": 0.0582745153,
    "operatingIncome": 454633000,
    "operatingIncomeRatio": 0.0483351627,
    "totalOtherIncomeExpensesNet": -23339000,
    "incomeBeforeTax": 431294000,
    "incomeBeforeTaxRatio": 0.045853833,
    "incomeTaxExpense": 164305000,
    "netIncome": 266989000,
    "netIncomeRatio": 0.0283854378,
    "eps": 0.44,
    "epsdiluted": 0.43,
    "weightedAverageShsOut": 610810914,
    "weightedAverageShsOutDil": 617108313,
    "link": "https://www.sec.gov/Archives/edgar/data/96021/000095012907005479/0000950129-07-005479-index.htm",
    "finalLink": "https://www.sec.gov/Archives/edgar/data/96021/000095012907005479/h51368e10vq.htm"
  },
  {
    "date": "2007-06-30",
    "symbol": "SYY",
    "reportedCurrency": "USD",
    "cik": "0000096021",
    "fillingDate": "2007-08-28",
    "acceptedDate": "2007-08-28 14:58:25",
    "calendarYear": "2007",
    "period": "Q4",
    "revenue": 9228294000,
    "costOfRevenue": 7427621000,
    "grossProfit": 1800673000,
    "grossProfitRatio": 0.1951252312,
    "researchAndDevelopmentExpenses": 0,
    "generalAndAdministrativeExpenses": 0,
    "sellingAndMarketingExpenses": 0,
    "sellingGeneralAndAdministrativeExpenses": -3769047000,
    "otherExpenses": 0,
    "operatingExpenses": 1291190000,
    "costAndExpenses": 8718811000,
    "interestIncome": 0,
    "interestExpense": 105002000,
    "depreciationAndAmortization": 92323000,
    "ebitda": 601806000,
    "ebitdaratio": 0.0652131369,
    "operatingIncome": 509483000,
    "operatingIncomeRatio": 0.0552087959,
    "totalOtherIncomeExpensesNet": -22744000,
    "incomeBeforeTax": 486739000,
    "incomeBeforeTaxRatio": 0.0527442017,
    "incomeTaxExpense": 183348000,
    "netIncome": 303391000,
    "netIncomeRatio": 0.0328761741,
    "eps": 0.5,
    "epsdiluted": 0.49,
    "weightedAverageShsOut": 610810914,
    "weightedAverageShsOutDil": 617108313,
    "link": "https://www.sec.gov/Archives/edgar/data/96021/000095012907004350/0000950129-07-004350-index.htm",
    "finalLink": "https://www.sec.gov/Archives/edgar/data/96021/000095012907004350/h49077e10vk.htm"
  },
  {
    "date": "2007-03-31",
    "symbol": "SYY",
    "reportedCurrency": "USD",
    "cik": "0000096021",
    "fillingDate": "2007-05-10",
    "acceptedDate": "2007-05-10 09:39:32",
    "calendarYear": "2007",
    "period": "Q3",
    "revenue": 8572961000,
    "costOfRevenue": 6938867000,
    "grossProfit": 1634094000,
    "grossProfitRatio": 0.1906102221,
    "researchAndDevelopmentExpenses": 0,
    "generalAndAdministrativeExpenses": 0,
    "sellingAndMarketingExpenses": 0,
    "sellingGeneralAndAdministrativeExpenses": 1249951000,
    "otherExpenses": 0,
    "operatingExpenses": 1249951000,
    "costAndExpenses": 8188818000,
    "interestIncome": 0,
    "interestExpense": 0,
    "depreciationAndAmortization": 91365000,
    "ebitda": 475508000,
    "ebitdaratio": 0.0554660169,
    "operatingIncome": 384143000,
    "operatingIncomeRatio": 0.0448086723,
    "totalOtherIncomeExpensesNet": -23164000,
    "incomeBeforeTax": 360979000,
    "incomeBeforeTaxRatio": 0.0421066887,
    "incomeTaxExpense": 139980000,
    "netIncome": 220999000,
    "netIncomeRatio": 0.0257786079,
    "eps": 0.36,
    "epsdiluted": 0.35,
    "weightedAverageShsOut": 617678739,
    "weightedAverageShsOutDil": 625750925,
    "link": "https://www.sec.gov/Archives/edgar/data/96021/000095012907002430/0000950129-07-002430-index.htm",
    "finalLink": "https://www.sec.gov/Archives/edgar/data/96021/000095012907002430/h46534e10vq.htm"
  },
  {
    "date": "2006-12-30",
    "symbol": "SYY",
    "reportedCurrency": "USD",
    "cik": "0000096021",
    "fillingDate": "2007-02-08",
    "acceptedDate": "2007-02-08 12:43:39",
    "calendarYear": "2007",
    "period": "Q2",
    "revenue": 8568748000,
    "costOfRevenue": 6915259000,
    "grossProfit": 1653489000,
    "grossProfitRatio": 0.1929673973,
    "researchAndDevelopmentExpenses": 0,
    "generalAndAdministrativeExpenses": 0,
    "sellingAndMarketingExpenses": 0,
    "sellingGeneralAndAdministrativeExpenses": 1240819000,
    "otherExpenses": 0,
    "operatingExpenses": 1240819000,
    "costAndExpenses": 8156078000,
    "interestIncome": 0,
    "interestExpense": 28006000,
    "depreciationAndAmortization": 88811000,
    "ebitda": 498106000,
    "ebitdaratio": 0.058130546,
    "operatingIncome": 412670000,
    "operatingIncomeRatio": 0.0481598945,
    "totalOtherIncomeExpensesNet": -14779000,
    "incomeBeforeTax": 397891000,
    "incomeBeforeTaxRatio": 0.0464351385,
    "incomeTaxExpense": 151353000,
    "netIncome": 246538000,
    "netIncomeRatio": 0.0287717646,
    "eps": 0.4,
    "epsdiluted": 0.39,
    "weightedAverageShsOut": 619158876,
    "weightedAverageShsOutDil": 628429841,
    "link": "https://www.sec.gov/Archives/edgar/data/96021/000095012907000448/0000950129-07-000448-index.htm",
    "finalLink": "https://www.sec.gov/Archives/edgar/data/96021/000095012907000448/h43363e10vq.htm"
  },
  {
    "date": "2006-09-30",
    "symbol": "SYY",
    "reportedCurrency": "USD",
    "cik": "0000096021",
    "fillingDate": "2007-05-07",
    "acceptedDate": "2007-05-07 08:18:05",
    "calendarYear": "2007",
    "period": "Q1",
    "revenue": 8672072000,
    "costOfRevenue": 7002856000,
    "grossProfit": 1669216000,
    "grossProfitRatio": 0.1924817967,
    "researchAndDevelopmentExpenses": 0,
    "generalAndAdministrativeExpenses": 0,
    "sellingAndMarketingExpenses": 0,
    "sellingGeneralAndAdministrativeExpenses": 1278277000,
    "otherExpenses": 0,
    "operatingExpenses": 1278277000,
    "costAndExpenses": 8281133000,
    "interestIncome": 0,
    "interestExpense": 25766000,
    "depreciationAndAmortization": 90060000,
    "ebitda": 471961000,
    "ebitdaratio": 0.0544230952,
    "operatingIncome": 392334000,
    "operatingIncomeRatio": 0.0452410912,
    "totalOtherIncomeExpensesNet": -16728000,
    "incomeBeforeTax": 375606000,
    "incomeBeforeTaxRatio": 0.0433121404,
    "incomeTaxExpense": 145458000,
    "netIncome": 230148000,
    "netIncomeRatio": 0.0265389863,
    "eps": 0.37,
    "epsdiluted": 0.37,
    "weightedAverageShsOut": 620127064,
    "weightedAverageShsOutDil": 625486950,
    "link": "https://www.sec.gov/Archives/edgar/data/96021/000095012907002290/0000950129-07-002290-index.htm",
    "finalLink": "https://www.sec.gov/Archives/edgar/data/96021/000095012907002290/h46252ae10vqza.htm"
  },
  {
    "date": "2006-07-01",
    "symbol": "SYY",
    "reportedCurrency": "USD",
    "cik": "0000096021",
    "fillingDate": "2006-09-14",
    "acceptedDate": "2006-09-14 14:17:00",
    "calendarYear": "2006",
    "period": "Q4",
    "revenue": 8509077000,
    "costOfRevenue": 6819459000,
    "grossProfit": 1689618000,
    "grossProfitRatio": 0.1985665425,
    "researchAndDevelopmentExpenses": 0,
    "generalAndAdministrativeExpenses": 0,
    "sellingAndMarketingExpenses": 0,
    "sellingGeneralAndAdministrativeExpenses": 1254906000,
    "otherExpenses": 0,
    "operatingExpenses": 1254906000,
    "costAndExpenses": 8074365000,
    "interestIncome": 0,
    "interestExpense": 0,
    "depreciationAndAmortization": 93107000,
    "ebitda": 527819000,
    "ebitdaratio": 0.0620301121,
    "operatingIncome": 434712000,
    "operatingIncomeRatio": 0.0510880322,
    "totalOtherIncomeExpensesNet": -25324000,
    "incomeBeforeTax": 409388000,
    "incomeBeforeTaxRatio": 0.0481119163,
    "incomeTaxExpense": 155279000,
    "netIncome": 254109000,
    "netIncomeRatio": 0.029863286,
    "eps": 0.41,
    "epsdiluted": 0.41,
    "weightedAverageShsOut": 620127064,
    "weightedAverageShsOutDil": 625486950,
    "link": "https://www.sec.gov/Archives/edgar/data/96021/000095012906008456/0000950129-06-008456-index.htm",
    "finalLink": "https://www.sec.gov/Archives/edgar/data/96021/000095012906008456/h39408e10vk.htm"
  },
  {
    "date": "2006-04-01",
    "symbol": "SYY",
    "reportedCurrency": "USD",
    "cik": "0000096021",
    "fillingDate": "2006-05-11",
    "acceptedDate": "2006-05-11 14:06:53",
    "calendarYear": "2006",
    "period": "Q3",
    "revenue": 8137816000,
    "costOfRevenue": 6602102000,
    "grossProfit": 1535714000,
    "grossProfitRatio": 0.1887132862,
    "researchAndDevelopmentExpenses": 0,
    "generalAndAdministrativeExpenses": 0,
    "sellingAndMarketingExpenses": 0,
    "sellingGeneralAndAdministrativeExpenses": 1193270000,
    "otherExpenses": 0,
    "operatingExpenses": 1193270000,
    "costAndExpenses": 7795372000,
    "interestIncome": 0,
    "interestExpense": 0,
    "depreciationAndAmortization": 82397000,
    "ebitda": 424841000,
    "ebitdaratio": 0.0522057761,
    "operatingIncome": 342444000,
    "operatingIncomeRatio": 0.0420805779,
    "totalOtherIncomeExpensesNet": -28622000,
    "incomeBeforeTax": 313822000,
    "incomeBeforeTaxRatio": 0.038563418,
    "incomeTaxExpense": 125283000,
    "netIncome": 188539000,
    "netIncomeRatio": 0.0231682555,
    "eps": 0.3,
    "epsdiluted": 0.3,
    "weightedAverageShsOut": 618973143,
    "weightedAverageShsOutDil": 625101592,
    "link": "https://www.sec.gov/Archives/edgar/data/96021/000095012906005363/0000950129-06-005363-index.htm",
    "finalLink": "https://www.sec.gov/Archives/edgar/data/96021/000095012906005363/h36054e10vq.htm"
  },
  {
    "date": "2005-12-31",
    "symbol": "SYY",
    "reportedCurrency": "USD",
    "cik": "0000096021",
    "fillingDate": "2006-02-09",
    "acceptedDate": "2006-02-09 10:09:34",
    "calendarYear": "2006",
    "period": "Q2",
    "revenue": 7971061000,
    "costOfRevenue": 6434753000,
    "grossProfit": 1536308000,
    "grossProfitRatio": 0.1927356973,
    "researchAndDevelopmentExpenses": 0,
    "generalAndAdministrativeExpenses": 0,
    "sellingAndMarketingExpenses": 0,
    "sellingGeneralAndAdministrativeExpenses": 1171469000,
    "otherExpenses": 0,
    "operatingExpenses": 1171469000,
    "costAndExpenses": 7606222000,
    "interestIncome": 0,
    "interestExpense": 0,
    "depreciationAndAmortization": 84502000,
    "ebitda": 449341000,
    "ebitdaratio": 0.056371542,
    "operatingIncome": 364839000,
    "operatingIncomeRatio": 0.0457704439,
    "totalOtherIncomeExpensesNet": -27007000,
    "incomeBeforeTax": 337832000,
    "incomeBeforeTaxRatio": 0.0423823127,
    "incomeTaxExpense": 133650000,
    "netIncome": 204182000,
    "netIncomeRatio": 0.0256154105,
    "eps": 0.33,
    "epsdiluted": 0.33,
    "weightedAverageShsOut": 620137592,
    "weightedAverageShsOutDil": 627147814,
    "link": "https://www.sec.gov/Archives/edgar/data/96021/000095012906001205/0000950129-06-001205-index.htm",
    "finalLink": "https://www.sec.gov/Archives/edgar/data/96021/000095012906001205/h32836e10vq.htm"
  },
  {
    "date": "2005-09-30",
    "symbol": "SYY",
    "reportedCurrency": "USD",
    "cik": "0000096021",
    "fillingDate": "2005-11-10",
    "acceptedDate": "2005-11-10 12:25:51",
    "calendarYear": "2006",
    "period": "Q1",
    "revenue": 8010484000,
    "costOfRevenue": 6480793000,
    "grossProfit": 1529691000,
    "grossProfitRatio": 0.1909611205,
    "researchAndDevelopmentExpenses": 0,
    "generalAndAdministrativeExpenses": 0,
    "sellingAndMarketingExpenses": 0,
    "sellingGeneralAndAdministrativeExpenses": 1176656000,
    "otherExpenses": 0,
    "operatingExpenses": 1176656000,
    "costAndExpenses": 7657449000,
    "interestIncome": 0,
    "interestExpense": 0,
    "depreciationAndAmortization": 85056000,
    "ebitda": 438091000,
    "ebitdaratio": 0.0546897041,
    "operatingIncome": 353035000,
    "operatingIncomeRatio": 0.0440716191,
    "totalOtherIncomeExpensesNet": -19131000,
    "incomeBeforeTax": 333904000,
    "incomeBeforeTaxRatio": 0.0416833739,
    "incomeTaxExpense": 134694000,
    "netIncome": 208495000,
    "netIncomeRatio": 0.0260277656,
    "eps": 0.33,
    "epsdiluted": 0.33,
    "weightedAverageShsOut": 626554930,
    "weightedAverageShsOutDil": 634959278,
    "link": "https://www.sec.gov/Archives/edgar/data/96021/000095012905010859/0000950129-05-010859-index.htm",
    "finalLink": "https://www.sec.gov/Archives/edgar/data/96021/000095012905010859/h30263e10vq.htm"
  },
  {
    "date": "2005-07-02",
    "symbol": "SYY",
    "reportedCurrency": "USD",
    "cik": "0000096021",
    "fillingDate": "2005-09-15",
    "acceptedDate": "2005-09-15 15:55:26",
    "calendarYear": "2005",
    "period": "Q4",
    "revenue": 7981279000,
    "costOfRevenue": 6437589000,
    "grossProfit": 1543690000,
    "grossProfitRatio": 0.1934138626,
    "researchAndDevelopmentExpenses": 0,
    "generalAndAdministrativeExpenses": 0,
    "sellingAndMarketingExpenses": 0,
    "sellingGeneralAndAdministrativeExpenses": 1081376000,
    "otherExpenses": 0,
    "operatingExpenses": 1081376000,
    "costAndExpenses": 7518965000,
    "interestIncome": 0,
    "interestExpense": 0,
    "depreciationAndAmortization": 85779000,
    "ebitda": 548093000,
    "ebitdaratio": 0.0686723268,
    "operatingIncome": 462314000,
    "operatingIncomeRatio": 0.0579248013,
    "totalOtherIncomeExpensesNet": -15059000,
    "incomeBeforeTax": 447255000,
    "incomeBeforeTaxRatio": 0.056038011,
    "incomeTaxExpense": 162575000,
    "netIncome": 284680000,
    "netIncomeRatio": 0.0356684687,
    "eps": 0.45,
    "epsdiluted": 0.45,
    "weightedAverageShsOut": 626554930,
    "weightedAverageShsOutDil": 634959278,
    "link": "https://www.sec.gov/Archives/edgar/data/96021/000095012905009240/0000950129-05-009240-index.htm",
    "finalLink": "https://www.sec.gov/Archives/edgar/data/96021/000095012905009240/h28764e10vk.htm"
  },
  {
    "date": "2005-04-02",
    "symbol": "SYY",
    "reportedCurrency": "USD",
    "cik": "0000096021",
    "fillingDate": "2005-05-12",
    "acceptedDate": "2005-05-12 13:57:18",
    "calendarYear": "2005",
    "period": "Q3",
    "revenue": 7437453000,
    "costOfRevenue": 6032165000,
    "grossProfit": 1405288000,
    "grossProfitRatio": 0.1889474797,
    "researchAndDevelopmentExpenses": 0,
    "generalAndAdministrativeExpenses": 0,
    "sellingAndMarketingExpenses": 0,
    "sellingGeneralAndAdministrativeExpenses": 1052477000,
    "otherExpenses": 0,
    "operatingExpenses": 1052477000,
    "costAndExpenses": 7084642000,
    "interestIncome": 0,
    "interestExpense": 0,
    "depreciationAndAmortization": 80670000,
    "ebitda": 433481000,
    "ebitdaratio": 0.058283528,
    "operatingIncome": 352811000,
    "operatingIncomeRatio": 0.0474370729,
    "totalOtherIncomeExpensesNet": -17232000,
    "incomeBeforeTax": 335579000,
    "incomeBeforeTaxRatio": 0.0451201507,
    "incomeTaxExpense": 117359000,
    "netIncome": 218220000,
    "netIncomeRatio": 0.0293406896,
    "eps": 0.34,
    "epsdiluted": 0.34,
    "weightedAverageShsOut": 635654561,
    "weightedAverageShsOutDil": 650753697,
    "link": "https://www.sec.gov/Archives/edgar/data/96021/000095012905005185/0000950129-05-005185-index.htm",
    "finalLink": "https://www.sec.gov/Archives/edgar/data/96021/000095012905005185/h25359e10vq.txt"
  },
  {
    "date": "2005-01-01",
    "symbol": "SYY",
    "reportedCurrency": "USD",
    "cik": "0000096021",
    "fillingDate": "2005-02-10",
    "acceptedDate": "2005-02-10 17:01:21",
    "calendarYear": "2005",
    "period": "Q2",
    "revenue": 7331257000,
    "costOfRevenue": 5933515000,
    "grossProfit": 1397742000,
    "grossProfitRatio": 0.1906551632,
    "researchAndDevelopmentExpenses": 0,
    "generalAndAdministrativeExpenses": 0,
    "sellingAndMarketingExpenses": 0,
    "sellingGeneralAndAdministrativeExpenses": 1004919000,
    "otherExpenses": 0,
    "operatingExpenses": 1004919000,
    "costAndExpenses": 6938434000,
    "interestIncome": 0,
    "interestExpense": 0,
    "depreciationAndAmortization": 76229000,
    "ebitda": 469052000,
    "ebitdaratio": 0.0639797514,
    "operatingIncome": 392823000,
    "operatingIncomeRatio": 0.0535819437,
    "totalOtherIncomeExpensesNet": -16073000,
    "incomeBeforeTax": 376750000,
    "incomeBeforeTaxRatio": 0.0513895503,
    "incomeTaxExpense": 144107000,
    "netIncome": 232643000,
    "netIncomeRatio": 0.0317330302,
    "eps": 0.36,
    "epsdiluted": 0.36,
    "weightedAverageShsOut": 638638789,
    "weightedAverageShsOutDil": 652993142,
    "link": "https://www.sec.gov/Archives/edgar/data/96021/000095012905001156/0000950129-05-001156-index.htm",
    "finalLink": "https://www.sec.gov/Archives/edgar/data/96021/000095012905001156/h22326e10vq.txt"
  },
  {
    "date": "2004-10-02",
    "symbol": "SYY",
    "reportedCurrency": "USD",
    "cik": "0000096021",
    "fillingDate": "2004-11-10",
    "acceptedDate": "2004-11-10 15:09:19",
    "calendarYear": "2005",
    "period": "Q1",
    "revenue": 7531925000,
    "costOfRevenue": 6094931000,
    "grossProfit": 1436994000,
    "grossProfitRatio": 0.190787083,
    "researchAndDevelopmentExpenses": 0,
    "generalAndAdministrativeExpenses": 0,
    "sellingAndMarketingExpenses": 0,
    "sellingGeneralAndAdministrativeExpenses": 1055412000,
    "otherExpenses": 0,
    "operatingExpenses": 1055412000,
    "costAndExpenses": 7150343000,
    "interestIncome": 0,
    "interestExpense": 0,
    "depreciationAndAmortization": 74065000,
    "ebitda": 455647000,
    "ebitdaratio": 0.0604954245,
    "operatingIncome": 381582000,
    "operatingIncomeRatio": 0.050661949,
    "totalOtherIncomeExpensesNet": -15730000,
    "incomeBeforeTax": 365852000,
    "incomeBeforeTaxRatio": 0.0485735054,
    "incomeTaxExpense": 139938000,
    "netIncome": 225914000,
    "netIncomeRatio": 0.0299941914,
    "eps": 0.35,
    "epsdiluted": 0.35,
    "weightedAverageShsOut": 638167698,
    "weightedAverageShsOutDil": 650779334,
    "link": "https://www.sec.gov/Archives/edgar/data/96021/000095012904008841/0000950129-04-008841-index.htm",
    "finalLink": "https://www.sec.gov/Archives/edgar/data/96021/000095012904008841/h20047e10vq.txt"
  },
  {
    "date": "2004-07-03",
    "symbol": "SYY",
    "reportedCurrency": "USD",
    "cik": "0000096021",
    "fillingDate": "2004-09-16",
    "acceptedDate": "2004-09-16 10:09:30",
    "calendarYear": "2004",
    "period": "Q4",
    "revenue": 8139017000,
    "costOfRevenue": 6554156000,
    "grossProfit": 1584861000,
    "grossProfitRatio": 0.1947238837,
    "researchAndDevelopmentExpenses": 0,
    "generalAndAdministrativeExpenses": 0,
    "sellingAndMarketingExpenses": 0,
    "sellingGeneralAndAdministrativeExpenses": 1111548000,
    "otherExpenses": 0,
    "operatingExpenses": 1111548000,
    "costAndExpenses": 7665704000,
    "interestIncome": 0,
    "interestExpense": 0,
    "depreciationAndAmortization": 74541000,
    "ebitda": 547854000,
    "ebitdaratio": 0.0673120599,
    "operatingIncome": 473313000,
    "operatingIncomeRatio": 0.0581535829,
    "totalOtherIncomeExpensesNet": -17056000,
    "incomeBeforeTax": 456257000,
    "incomeBeforeTaxRatio": 0.0560579982,
    "incomeTaxExpense": 175659000,
    "netIncome": 280598000,
    "netIncomeRatio": 0.0344756621,
    "eps": 0.44,
    "epsdiluted": 0.43,
    "weightedAverageShsOut": 638167698,
    "weightedAverageShsOutDil": 650779334,
    "link": "https://www.sec.gov/Archives/edgar/data/96021/000095012904007097/0000950129-04-007097-index.htm",
    "finalLink": "https://www.sec.gov/Archives/edgar/data/96021/000095012904007097/h18314e10vk.txt"
  },
  {
    "date": "2004-03-27",
    "symbol": "SYY",
    "reportedCurrency": "USD",
    "cik": "0000096021",
    "fillingDate": "2004-05-11",
    "acceptedDate": "2004-05-11 10:50:32",
    "calendarYear": "2004",
    "period": "Q3",
    "revenue": 7025585000,
    "costOfRevenue": 5684192000,
    "grossProfit": 1341393000,
    "grossProfitRatio": 0.1909297233,
    "researchAndDevelopmentExpenses": 0,
    "generalAndAdministrativeExpenses": 0,
    "sellingAndMarketingExpenses": 0,
    "sellingGeneralAndAdministrativeExpenses": 1008493000,
    "otherExpenses": 0,
    "operatingExpenses": 1008493000,
    "costAndExpenses": 6692685000,
    "interestIncome": 0,
    "interestExpense": 0,
    "depreciationAndAmortization": 70375000,
    "ebitda": 403275000,
    "ebitdaratio": 0.0574009139,
    "operatingIncome": 332900000,
    "operatingIncomeRatio": 0.0473839545,
    "totalOtherIncomeExpensesNet": -14487000,
    "incomeBeforeTax": 318413000,
    "incomeBeforeTaxRatio": 0.0453219198,
    "incomeTaxExpense": 122589000,
    "netIncome": 195824000,
    "netIncomeRatio": 0.0278729814,
    "eps": 0.31,
    "epsdiluted": 0.3,
    "weightedAverageShsOut": 642038004,
    "weightedAverageShsOutDil": 663097806,
    "link": "https://www.sec.gov/Archives/edgar/data/96021/000095012904003145/0000950129-04-003145-index.htm",
    "finalLink": "https://www.sec.gov/Archives/edgar/data/96021/000095012904003145/h15218e10vq.txt"
  },
  {
    "date": "2003-12-27",
    "symbol": "SYY",
    "reportedCurrency": "USD",
    "cik": "0000096021",
    "fillingDate": "2004-02-10",
    "acceptedDate": "2004-02-10 10:34:16",
    "calendarYear": "2004",
    "period": "Q2",
    "revenue": 7036520000,
    "costOfRevenue": 5669399000,
    "grossProfit": 1367121000,
    "grossProfitRatio": 0.1942893646,
    "researchAndDevelopmentExpenses": 0,
    "generalAndAdministrativeExpenses": 0,
    "sellingAndMarketingExpenses": 0,
    "sellingGeneralAndAdministrativeExpenses": 996853000,
    "otherExpenses": 0,
    "operatingExpenses": 996853000,
    "costAndExpenses": 6666252000,
    "interestIncome": 0,
    "interestExpense": 0,
    "depreciationAndAmortization": 69000000,
    "ebitda": 439268000,
    "ebitdaratio": 0.0624268815,
    "operatingIncome": 370268000,
    "operatingIncomeRatio": 0.0526208978,
    "totalOtherIncomeExpensesNet": -9324000,
    "incomeBeforeTax": 360944000,
    "incomeBeforeTaxRatio": 0.051295811,
    "incomeTaxExpense": 138963000,
    "netIncome": 221981000,
    "netIncomeRatio": 0.0315469863,
    "eps": 0.34,
    "epsdiluted": 0.34,
    "weightedAverageShsOut": 644723466,
    "weightedAverageShsOutDil": 661632986,
    "link": "https://www.sec.gov/Archives/edgar/data/96021/000095012904000533/0000950129-04-000533-index.htm",
    "finalLink": "https://www.sec.gov/Archives/edgar/data/96021/000095012904000533/h12482e10vq.txt"
  },
  {
    "date": "2003-09-27",
    "symbol": "SYY",
    "reportedCurrency": "USD",
    "cik": "0000096021",
    "fillingDate": "2003-11-12",
    "acceptedDate": "2003-11-12 10:50:48",
    "calendarYear": "2004",
    "period": "Q1",
    "revenue": 7134281000,
    "costOfRevenue": 5753767000,
    "grossProfit": 1380514000,
    "grossProfitRatio": 0.1935042929,
    "researchAndDevelopmentExpenses": 0,
    "generalAndAdministrativeExpenses": 0,
    "sellingAndMarketingExpenses": 0,
    "sellingGeneralAndAdministrativeExpenses": 1024336000,
    "otherExpenses": 0,
    "operatingExpenses": 1024336000,
    "costAndExpenses": 6778103000,
    "interestIncome": 0,
    "interestExpense": 0,
    "depreciationAndAmortization": 69679000,
    "ebitda": 425857000,
    "ebitdaratio": 0.0596916494,
    "operatingIncome": 356178000,
    "operatingIncomeRatio": 0.0499248628,
    "totalOtherIncomeExpensesNet": -16648000,
    "incomeBeforeTax": 339530000,
    "incomeBeforeTaxRatio": 0.047591341,
    "incomeTaxExpense": 130719000,
    "netIncome": 208811000,
    "netIncomeRatio": 0.0292686817,
    "eps": 0.32,
    "epsdiluted": 0.32,
    "weightedAverageShsOut": 645862376,
    "weightedAverageShsOutDil": 657274982,
    "link": "https://www.sec.gov/Archives/edgar/data/96021/000095012903005548/0000950129-03-005548-index.htm",
    "finalLink": "https://www.sec.gov/Archives/edgar/data/96021/000095012903005548/h10384e10vq.txt"
  },
  {
    "date": "2003-06-28",
    "symbol": "SYY",
    "reportedCurrency": "USD",
    "cik": "0000096021",
    "fillingDate": "2003-09-26",
    "acceptedDate": "2003-09-26 12:48:46",
    "calendarYear": "2003",
    "period": "Q4",
    "revenue": 6971840000,
    "costOfRevenue": 5582663000,
    "grossProfit": 1389177000,
    "grossProfitRatio": 0.1992554333,
    "researchAndDevelopmentExpenses": 0,
    "generalAndAdministrativeExpenses": 0,
    "sellingAndMarketingExpenses": 0,
    "sellingGeneralAndAdministrativeExpenses": 976122000,
    "otherExpenses": 0,
    "operatingExpenses": 976122000,
    "costAndExpenses": 6558785000,
    "interestIncome": 0,
    "interestExpense": 0,
    "depreciationAndAmortization": 68987000,
    "ebitda": 482042000,
    "ebitdaratio": 0.0691412884,
    "operatingIncome": 413055000,
    "operatingIncomeRatio": 0.0592461961,
    "totalOtherIncomeExpensesNet": -19959000,
    "incomeBeforeTax": 393096000,
    "incomeBeforeTaxRatio": 0.0563833938,
    "incomeTaxExpense": 150360000,
    "netIncome": 242736000,
    "netIncomeRatio": 0.0348166338,
    "eps": 0.38,
    "epsdiluted": 0.37,
    "weightedAverageShsOut": 645862376,
    "weightedAverageShsOutDil": 657274982,
    "link": "https://www.sec.gov/Archives/edgar/data/96021/000095012903004791/0000950129-03-004791-index.htm",
    "finalLink": "https://www.sec.gov/Archives/edgar/data/96021/000095012903004791/h09159e10vk.txt"
  },
  {
    "date": "2003-03-29",
    "symbol": "SYY",
    "reportedCurrency": "USD",
    "cik": "0000096021",
    "fillingDate": "2003-05-13",
    "acceptedDate": "2003-05-13 13:47:50",
    "calendarYear": "2003",
    "period": "Q3",
    "revenue": 6395278000,
    "costOfRevenue": 5144473000,
    "grossProfit": 1250805000,
    "grossProfitRatio": 0.1955825845,
    "researchAndDevelopmentExpenses": 0,
    "generalAndAdministrativeExpenses": 0,
    "sellingAndMarketingExpenses": 0,
    "sellingGeneralAndAdministrativeExpenses": 962459000,
    "otherExpenses": 0,
    "operatingExpenses": 962459000,
    "costAndExpenses": 6106932000,
    "interestIncome": 0,
    "interestExpense": 0,
    "depreciationAndAmortization": 70718000,
    "ebitda": 359064000,
    "ebitdaratio": 0.0561451746,
    "operatingIncome": 288346000,
    "operatingIncomeRatio": 0.0450873285,
    "totalOtherIncomeExpensesNet": -15615000,
    "incomeBeforeTax": 272731000,
    "incomeBeforeTaxRatio": 0.0426456833,
    "incomeTaxExpense": 104320000,
    "netIncome": 168411000,
    "netIncomeRatio": 0.026333648,
    "eps": 0.26,
    "epsdiluted": 0.26,
    "weightedAverageShsOut": 649267210,
    "weightedAverageShsOutDil": 657994124,
    "link": "https://www.sec.gov/Archives/edgar/data/96021/000095012903002659/0000950129-03-002659-index.htm",
    "finalLink": "https://www.sec.gov/Archives/edgar/data/96021/000095012903002659/h05784e10vq.txt"
  },
  {
    "date": "2002-12-28",
    "symbol": "SYY",
    "reportedCurrency": "USD",
    "cik": "0000096021",
    "fillingDate": "2003-02-10",
    "acceptedDate": "2003-02-10 14:03:04",
    "calendarYear": "2003",
    "period": "Q2",
    "revenue": 6348797000,
    "costOfRevenue": 5097716000,
    "grossProfit": 1251081000,
    "grossProfitRatio": 0.1970579623,
    "researchAndDevelopmentExpenses": 0,
    "generalAndAdministrativeExpenses": 0,
    "sellingAndMarketingExpenses": 0,
    "sellingGeneralAndAdministrativeExpenses": 937290000,
    "otherExpenses": 0,
    "operatingExpenses": 937290000,
    "costAndExpenses": 6035006000,
    "interestIncome": 0,
    "interestExpense": 0,
    "depreciationAndAmortization": 67641000,
    "ebitda": 381432000,
    "ebitdaratio": 0.0600794135,
    "operatingIncome": 313791000,
    "operatingIncomeRatio": 0.0494252691,
    "totalOtherIncomeExpensesNet": -14897000,
    "incomeBeforeTax": 298894000,
    "incomeBeforeTaxRatio": 0.0470788403,
    "incomeTaxExpense": 114327000,
    "netIncome": 184567000,
    "netIncomeRatio": 0.0290711768,
    "eps": 0.28,
    "epsdiluted": 0.28,
    "weightedAverageShsOut": 652030164,
    "weightedAverageShsOutDil": 664083274,
    "link": "https://www.sec.gov/Archives/edgar/data/96021/000095012903000664/0000950129-03-000664-index.htm",
    "finalLink": "https://www.sec.gov/Archives/edgar/data/96021/000095012903000664/h03000e10vq.txt"
  },
  {
    "date": "2002-09-28",
    "symbol": "SYY",
    "reportedCurrency": "USD",
    "cik": "0000096021",
    "fillingDate": "2002-11-12",
    "acceptedDate": "2002-11-12 14:56:39",
    "calendarYear": "2003",
    "period": "Q1",
    "revenue": 6424422000,
    "costOfRevenue": 5154704000,
    "grossProfit": 1269718000,
    "grossProfitRatio": 0.1976392584,
    "researchAndDevelopmentExpenses": 0,
    "generalAndAdministrativeExpenses": 0,
    "sellingAndMarketingExpenses": 0,
    "sellingGeneralAndAdministrativeExpenses": 960635000,
    "otherExpenses": 0,
    "operatingExpenses": 960635000,
    "costAndExpenses": 6115339000,
    "interestIncome": 0,
    "interestExpense": 0,
    "depreciationAndAmortization": 65796000,
    "ebitda": 374879000,
    "ebitdaratio": 0.0583521755,
    "operatingIncome": 309083000,
    "operatingIncomeRatio": 0.0481106316,
    "totalOtherIncomeExpensesNet": -13416000,
    "incomeBeforeTax": 295667000,
    "incomeBeforeTaxRatio": 0.0460223503,
    "incomeTaxExpense": 113093000,
    "netIncome": 182574000,
    "netIncomeRatio": 0.0284187434,
    "eps": 0.28,
    "epsdiluted": 0.28,
    "weightedAverageShsOut": 654176221,
    "weightedAverageShsOutDil": 663542498,
    "link": "https://www.sec.gov/Archives/edgar/data/96021/000095012902005565/0000950129-02-005565-index.htm",
    "finalLink": "https://www.sec.gov/Archives/edgar/data/96021/000095012902005565/h00030e10vq.txt"
  },
  {
    "date": "2002-06-29",
    "symbol": "SYY",
    "reportedCurrency": "USD",
    "cik": "0000096021",
    "fillingDate": "2002-09-25",
    "acceptedDate": "2002-09-25 13:32:39",
    "calendarYear": "2002",
    "period": "Q4",
    "revenue": 6310536000,
    "costOfRevenue": 5046832000,
    "grossProfit": 1263704000,
    "grossProfitRatio": 0.2002530371,
    "researchAndDevelopmentExpenses": 0,
    "generalAndAdministrativeExpenses": 0,
    "sellingAndMarketingExpenses": 0,
    "sellingGeneralAndAdministrativeExpenses": 914900000,
    "otherExpenses": 0,
    "operatingExpenses": 914900000,
    "costAndExpenses": 5961732000,
    "interestIncome": 0,
    "interestExpense": 0,
    "depreciationAndAmortization": 74774000,
    "ebitda": 423578000,
    "ebitdaratio": 0.067122349,
    "operatingIncome": 348804000,
    "operatingIncomeRatio": 0.0552732763,
    "totalOtherIncomeExpensesNet": -15333000,
    "incomeBeforeTax": 333471000,
    "incomeBeforeTaxRatio": 0.0528435302,
    "incomeTaxExpense": 127553000,
    "netIncome": 205918000,
    "netIncomeRatio": 0.0326308257,
    "eps": 0.31,
    "epsdiluted": 0.31,
    "weightedAverageShsOut": 654176221,
    "weightedAverageShsOutDil": 663542498,
    "link": "https://www.sec.gov/Archives/edgar/data/96021/000095012902004714/0000950129-02-004714-index.htm",
    "finalLink": "https://www.sec.gov/Archives/edgar/data/96021/000095012902004714/h99830e10vk.txt"
  },
  {
    "date": "2002-03-30",
    "symbol": "SYY",
    "reportedCurrency": "USD",
    "cik": "0000096021",
    "fillingDate": "2002-05-14",
    "acceptedDate": "2002-05-14 14:19:58",
    "calendarYear": "2002",
    "period": "Q3",
    "revenue": 5620324000,
    "costOfRevenue": 4510059000,
    "grossProfit": 1110265000,
    "grossProfitRatio": 0.1975446611,
    "researchAndDevelopmentExpenses": 0,
    "generalAndAdministrativeExpenses": 0,
    "sellingAndMarketingExpenses": 0,
    "sellingGeneralAndAdministrativeExpenses": 851668000,
    "otherExpenses": 0,
    "operatingExpenses": 851668000,
    "costAndExpenses": 5361727000,
    "interestIncome": 0,
    "interestExpense": 0,
    "depreciationAndAmortization": 68238000,
    "ebitda": 326835000,
    "ebitdaratio": 0.0581523414,
    "operatingIncome": 258597000,
    "operatingIncomeRatio": 0.0460110485,
    "totalOtherIncomeExpensesNet": -13441000,
    "incomeBeforeTax": 245156000,
    "incomeBeforeTaxRatio": 0.0436195493,
    "incomeTaxExpense": 93772000,
    "netIncome": 151384000,
    "netIncomeRatio": 0.026935102,
    "eps": 0.23,
    "epsdiluted": 0.23,
    "weightedAverageShsOut": 661144231,
    "weightedAverageShsOutDil": 672528949,
    "link": "https://www.sec.gov/Archives/edgar/data/96021/000095012902002490/0000950129-02-002490-index.htm",
    "finalLink": "https://www.sec.gov/Archives/edgar/data/96021/000095012902002490/h96800e10-q.txt"
  },
  {
    "date": "2001-12-29",
    "symbol": "SYY",
    "reportedCurrency": "USD",
    "cik": "0000096021",
    "fillingDate": "2002-02-12",
    "acceptedDate": "2002-02-12 00:00:00",
    "calendarYear": "2002",
    "period": "Q2",
    "revenue": 5590966000,
    "costOfRevenue": 4481655000,
    "grossProfit": 1109311000,
    "grossProfitRatio": 0.19841133,
    "researchAndDevelopmentExpenses": 0,
    "generalAndAdministrativeExpenses": 0,
    "sellingAndMarketingExpenses": 0,
    "sellingGeneralAndAdministrativeExpenses": 836355000,
    "otherExpenses": 0,
    "operatingExpenses": 836355000,
    "costAndExpenses": 5318010000,
    "interestIncome": 0,
    "interestExpense": 0,
    "depreciationAndAmortization": 68624000,
    "ebitda": 341580000,
    "ebitdaratio": 0.0610949879,
    "operatingIncome": 272956000,
    "operatingIncomeRatio": 0.0488209014,
    "totalOtherIncomeExpensesNet": -16223000,
    "incomeBeforeTax": 256733000,
    "incomeBeforeTaxRatio": 0.0459192562,
    "incomeTaxExpense": 98200000,
    "netIncome": 158533000,
    "netIncomeRatio": 0.0283552073,
    "eps": 0.24,
    "epsdiluted": 0.24,
    "weightedAverageShsOut": 661959339,
    "weightedAverageShsOutDil": 671799409,
    "link": "https://www.sec.gov/Archives/edgar/data/96021/000095012902000647/0000950129-02-000647-index.htm",
    "finalLink": "https://www.sec.gov/Archives/edgar/data/96021/000095012902000647/h94155e10-q.txt"
  },
  {
    "date": "2001-09-29",
    "symbol": "SYY",
    "reportedCurrency": "USD",
    "cik": "0000096021",
    "fillingDate": "2001-11-13",
    "acceptedDate": "2001-11-13 00:00:00",
    "calendarYear": "2002",
    "period": "Q1",
    "revenue": 5828678000,
    "costOfRevenue": 4683617000,
    "grossProfit": 1145061000,
    "grossProfitRatio": 0.1964529521,
    "researchAndDevelopmentExpenses": 0,
    "generalAndAdministrativeExpenses": 0,
    "sellingAndMarketingExpenses": 0,
    "sellingGeneralAndAdministrativeExpenses": 864456000,
    "otherExpenses": 0,
    "operatingExpenses": 864456000,
    "costAndExpenses": 5548073000,
    "interestIncome": 0,
    "interestExpense": 0,
    "depreciationAndAmortization": 66615000,
    "ebitda": 347220000,
    "ebitdaratio": 0.0595709696,
    "operatingIncome": 280605000,
    "operatingIncomeRatio": 0.0481421345,
    "totalOtherIncomeExpensesNet": -15095000,
    "incomeBeforeTax": 265510000,
    "incomeBeforeTaxRatio": 0.0455523534,
    "incomeTaxExpense": 101558000,
    "netIncome": 163952000,
    "netIncomeRatio": 0.0281285053,
    "eps": 0.25,
    "epsdiluted": 0.24,
    "weightedAverageShsOut": 666765148,
    "weightedAverageShsOutDil": 677916766,
    "link": "https://www.sec.gov/Archives/edgar/data/96021/000095012901503968/0000950129-01-503968-index.htm",
    "finalLink": "https://www.sec.gov/Archives/edgar/data/96021/000095012901503968/h92093e10-q.txt"
  },
  {
    "date": "2001-06-30",
    "symbol": "SYY",
    "reportedCurrency": "USD",
    "cik": "0000096021",
    "fillingDate": "2001-09-27",
    "acceptedDate": "2001-09-27 00:00:00",
    "calendarYear": "2001",
    "period": "Q4",
    "revenue": 5789297000,
    "costOfRevenue": 4820574000,
    "grossProfit": 968723000,
    "grossProfitRatio": 0.1673299884,
    "researchAndDevelopmentExpenses": 0,
    "generalAndAdministrativeExpenses": 0,
    "sellingAndMarketingExpenses": 0,
    "sellingGeneralAndAdministrativeExpenses": 849500000,
    "otherExpenses": -182236000,
    "operatingExpenses": 667264000,
    "costAndExpenses": 5487838000,
    "interestIncome": 0,
    "interestExpense": 0,
    "depreciationAndAmortization": 66004000,
    "ebitda": 367362000,
    "ebitdaratio": 0.0634553729,
    "operatingIncome": 301459000,
    "operatingIncomeRatio": 0.05207178,
    "totalOtherIncomeExpensesNet": -19410000,
    "incomeBeforeTax": 282049000,
    "incomeBeforeTaxRatio": 0.0487190414,
    "incomeTaxExpense": 107884000,
    "netIncome": 174165000,
    "netIncomeRatio": 0.0300839636,
    "eps": 0.26,
    "epsdiluted": 0.26,
    "weightedAverageShsOut": 666765148,
    "weightedAverageShsOutDil": 677916766,
    "link": "https://www.sec.gov/Archives/edgar/data/96021/000095012901503195/0000950129-01-503195-index.htm",
    "finalLink": "https://www.sec.gov/Archives/edgar/data/96021/000095012901503195/h90836e10-k.txt"
  },
  {
    "date": "2001-03-31",
    "symbol": "SYY",
    "reportedCurrency": "USD",
    "cik": "0000096021",
    "fillingDate": "2001-05-15",
    "acceptedDate": "2001-05-15 00:00:00",
    "calendarYear": "2001",
    "period": "Q3",
    "revenue": 5344496000,
    "costOfRevenue": 4237743000,
    "grossProfit": 1106753000,
    "grossProfitRatio": 0.2070827633,
    "researchAndDevelopmentExpenses": 0,
    "generalAndAdministrativeExpenses": 0,
    "sellingAndMarketingExpenses": 0,
    "sellingGeneralAndAdministrativeExpenses": 800156000,
    "otherExpenses": 63286000,
    "operatingExpenses": 863442000,
    "costAndExpenses": 5101185000,
    "interestIncome": 0,
    "interestExpense": 0,
    "depreciationAndAmortization": 63286000,
    "ebitda": 306597000,
    "ebitdaratio": 0.0573668686,
    "operatingIncome": 243311000,
    "operatingIncomeRatio": 0.0455255276,
    "totalOtherIncomeExpensesNet": -17619000,
    "incomeBeforeTax": 225692000,
    "incomeBeforeTaxRatio": 0.042228865,
    "incomeTaxExpense": 86327000,
    "netIncome": 139365000,
    "netIncomeRatio": 0.0260763597,
    "eps": 0.21,
    "epsdiluted": 0.21,
    "weightedAverageShsOut": 666107144,
    "weightedAverageShsOutDil": 677731150,
    "link": "https://www.sec.gov/Archives/edgar/data/96021/000095012901500791/0000950129-01-500791-index.htm",
    "finalLink": "https://www.sec.gov/Archives/edgar/data/96021/000095012901500791/h87206e10-q.txt"
  },
  {
    "date": "2000-12-30",
    "symbol": "SYY",
    "reportedCurrency": "USD",
    "cik": "0000096021",
    "fillingDate": "2001-02-12",
    "acceptedDate": "2001-02-12 00:00:00",
    "calendarYear": "2001",
    "period": "Q2",
    "revenue": 5290530000,
    "costOfRevenue": 4191749000,
    "grossProfit": 1098781000,
    "grossProfitRatio": 0.2076882656,
    "researchAndDevelopmentExpenses": 0,
    "generalAndAdministrativeExpenses": 0,
    "sellingAndMarketingExpenses": 0,
    "sellingGeneralAndAdministrativeExpenses": 795674000,
    "otherExpenses": 59238000,
    "operatingExpenses": 854912000,
    "costAndExpenses": 5046661000,
    "interestIncome": 0,
    "interestExpense": 0,
    "depreciationAndAmortization": 59238000,
    "ebitda": 303107000,
    "ebitdaratio": 0.0572923696,
    "operatingIncome": 243869000,
    "operatingIncomeRatio": 0.0460953817,
    "totalOtherIncomeExpensesNet": -18080000,
    "incomeBeforeTax": 225789000,
    "incomeBeforeTaxRatio": 0.0426779548,
    "incomeTaxExpense": 86364000,
    "netIncome": 139425000,
    "netIncomeRatio": 0.0263536924,
    "eps": 0.21,
    "epsdiluted": 0.21,
    "weightedAverageShsOut": 664089758,
    "weightedAverageShsOutDil": 675760002,
    "link": "https://www.sec.gov/Archives/edgar/data/96021/000095012901000740/0000950129-01-000740-index.htm",
    "finalLink": "https://www.sec.gov/Archives/edgar/data/96021/000095012901000740/h84015e10-q.txt"
  },
  {
    "date": "2000-09-30",
    "symbol": "SYY",
    "reportedCurrency": "USD",
    "cik": "0000096021",
    "fillingDate": "2000-11-13",
    "acceptedDate": "2000-11-13 00:00:00",
    "calendarYear": "2001",
    "period": "Q1",
    "revenue": 5360174000,
    "costOfRevenue": 4263072000,
    "grossProfit": 1097102000,
    "grossProfitRatio": 0.2046765646,
    "researchAndDevelopmentExpenses": 0,
    "generalAndAdministrativeExpenses": 0,
    "sellingAndMarketingExpenses": 0,
    "sellingGeneralAndAdministrativeExpenses": 787497000,
    "otherExpenses": 59712000,
    "operatingExpenses": 847209000,
    "costAndExpenses": 5110281000,
    "interestIncome": 0,
    "interestExpense": 0,
    "depreciationAndAmortization": 59712000,
    "ebitda": 309605000,
    "ebitdaratio": 0.0577602518,
    "operatingIncome": 249893000,
    "operatingIncomeRatio": 0.0466203149,
    "totalOtherIncomeExpensesNet": -16768000,
    "incomeBeforeTax": 233125000,
    "incomeBeforeTaxRatio": 0.0434920583,
    "incomeTaxExpense": 89170000,
    "netIncome": 143955000,
    "netIncomeRatio": 0.0268564043,
    "eps": 0.22,
    "epsdiluted": 0.22,
    "weightedAverageShsOut": 664051868,
    "weightedAverageShsOutDil": 674185530,
    "link": "https://www.sec.gov/Archives/edgar/data/96021/000095012900005376/0000950129-00-005376-index.htm",
    "finalLink": "https://www.sec.gov/Archives/edgar/data/96021/000095012900005376/h81699e10-q.txt"
  },
  {
    "date": "2000-07-01",
    "symbol": "SYY",
    "reportedCurrency": "USD",
    "cik": "0000096021",
    "fillingDate": "2000-09-27",
    "acceptedDate": "2000-09-27 00:00:00",
    "calendarYear": "2000",
    "period": "Q4",
    "revenue": 5271764000,
    "costOfRevenue": 4196526000,
    "grossProfit": 1075238000,
    "grossProfitRatio": 0.20396171,
    "researchAndDevelopmentExpenses": 0,
    "generalAndAdministrativeExpenses": 0,
    "sellingAndMarketingExpenses": 0,
    "sellingGeneralAndAdministrativeExpenses": 764594000,
    "otherExpenses": 58679000,
    "operatingExpenses": 823273000,
    "costAndExpenses": 5019799000,
    "interestIncome": 0,
    "interestExpense": 0,
    "depreciationAndAmortization": 58679000,
    "ebitda": 310644000,
    "ebitdaratio": 0.0589260066,
    "operatingIncome": 251965000,
    "operatingIncomeRatio": 0.0477951972,
    "totalOtherIncomeExpensesNet": -17723000,
    "incomeBeforeTax": 234242000,
    "incomeBeforeTaxRatio": 0.0444333244,
    "incomeTaxExpense": 90183000,
    "netIncome": 144059000,
    "netIncomeRatio": 0.0273265268,
    "eps": 0.22,
    "epsdiluted": 0.21,
    "weightedAverageShsOut": 664051868,
    "weightedAverageShsOutDil": 674185530,
    "link": "https://www.sec.gov/Archives/edgar/data/96021/000095012900004742/0000950129-00-004742-index.htm",
    "finalLink": "https://www.sec.gov/Archives/edgar/data/96021/000095012900004742/h80468e10-k.txt"
  },
  {
    "date": "2000-04-01",
    "symbol": "SYY",
    "reportedCurrency": "USD",
    "cik": "0000096021",
    "fillingDate": "2000-05-15",
    "acceptedDate": "2000-05-15 00:00:00",
    "calendarYear": "2000",
    "period": "Q3",
    "revenue": 4722935000,
    "costOfRevenue": 3774066000,
    "grossProfit": 948869000,
    "grossProfitRatio": 0.2009066396,
    "researchAndDevelopmentExpenses": 0,
    "generalAndAdministrativeExpenses": 0,
    "sellingAndMarketingExpenses": 0,
    "sellingGeneralAndAdministrativeExpenses": 709499000,
    "otherExpenses": 55082000,
    "operatingExpenses": 764581000,
    "costAndExpenses": 4538647000,
    "interestIncome": 0,
    "interestExpense": 0,
    "depreciationAndAmortization": 55082000,
    "ebitda": 239370000,
    "ebitdaratio": 0.0506824676,
    "operatingIncome": 184288000,
    "operatingIncomeRatio": 0.0390198044,
    "totalOtherIncomeExpensesNet": -18442000,
    "incomeBeforeTax": 165846000,
    "incomeBeforeTaxRatio": 0.0351150291,
    "incomeTaxExpense": 63851000,
    "netIncome": 101995000,
    "netIncomeRatio": 0.0215956815,
    "eps": 0.16,
    "epsdiluted": 0.16,
    "weightedAverageShsOut": 658612804,
    "weightedAverageShsOutDil": 667325916,
    "link": "https://www.sec.gov/Archives/edgar/data/96021/000095012900002445/0000950129-00-002445-index.html",
    "finalLink": "https://www.sec.gov/Archives/edgar/data/96021/000095012900002445/"
  },
  {
    "date": "2000-01-01",
    "symbol": "SYY",
    "reportedCurrency": "USD",
    "cik": "0000096021",
    "fillingDate": "2000-02-14",
    "acceptedDate": "2000-02-14 00:00:00",
    "calendarYear": "2000",
    "period": "Q2",
    "revenue": 4651500000,
    "costOfRevenue": 3718000000,
    "grossProfit": 933500000,
    "grossProfitRatio": 0.2006879501,
    "researchAndDevelopmentExpenses": 0,
    "generalAndAdministrativeExpenses": 0,
    "sellingAndMarketingExpenses": 0,
    "sellingGeneralAndAdministrativeExpenses": 695400000,
    "otherExpenses": 54000000,
    "operatingExpenses": 749400000,
    "costAndExpenses": 4467400000,
    "interestIncome": 0,
    "interestExpense": 0,
    "depreciationAndAmortization": 54000000,
    "ebitda": 238100000,
    "ebitdaratio": 0.0511877889,
    "operatingIncome": 184100000,
    "operatingIncomeRatio": 0.0395786305,
    "totalOtherIncomeExpensesNet": -18400000,
    "incomeBeforeTax": 165700000,
    "incomeBeforeTaxRatio": 0.0356229173,
    "incomeTaxExpense": 63800000,
    "netIncome": 101900000,
    "netIncomeRatio": 0.0219069117,
    "eps": 0.16,
    "epsdiluted": 0.16,
    "weightedAverageShsOut": 656956410,
    "weightedAverageShsOutDil": 667088036,
    "link": "https://www.sec.gov/Archives/edgar/data/96021/000095012900000597/0000950129-00-000597-index.html",
    "finalLink": "https://www.sec.gov/Archives/edgar/data/96021/000095012900000597/"
  },
  {
    "date": "1999-10-02",
    "symbol": "SYY",
    "reportedCurrency": "USD",
    "cik": "0000096021",
    "fillingDate": "1999-11-15",
    "acceptedDate": "1999-11-15 00:00:00",
    "calendarYear": "2000",
    "period": "Q1",
    "revenue": 4657000000,
    "costOfRevenue": 3740300000,
    "grossProfit": 916700000,
    "grossProfitRatio": 0.1968434615,
    "researchAndDevelopmentExpenses": 0,
    "generalAndAdministrativeExpenses": 0,
    "sellingAndMarketingExpenses": 0,
    "sellingGeneralAndAdministrativeExpenses": 674200000,
    "otherExpenses": 52900000,
    "operatingExpenses": 727100000,
    "costAndExpenses": 4467400000,
    "interestIncome": 0,
    "interestExpense": 0,
    "depreciationAndAmortization": 52900000,
    "ebitda": 242500000,
    "ebitdaratio": 0.0520721495,
    "operatingIncome": 189600000,
    "operatingIncomeRatio": 0.0407129053,
    "totalOtherIncomeExpensesNet": -17700000,
    "incomeBeforeTax": 171900000,
    "incomeBeforeTaxRatio": 0.0369121752,
    "incomeTaxExpense": 66200000,
    "netIncome": 97700000,
    "netIncomeRatio": 0.0209791711,
    "eps": 0.15,
    "epsdiluted": 0.15,
    "weightedAverageShsOut": 651333333,
    "weightedAverageShsOutDil": 651333333,
    "link": "https://www.sec.gov/Archives/edgar/data/96021/000095012999005084/0000950129-99-005084-index.html",
    "finalLink": "https://www.sec.gov/Archives/edgar/data/96021/000095012999005084/"
  },
  {
    "date": "1999-07-03",
    "symbol": "SYY",
    "reportedCurrency": "USD",
    "cik": "0000096021",
    "fillingDate": "1999-09-24",
    "acceptedDate": "1999-09-24 00:00:00",
    "calendarYear": "1999",
    "period": "Q4",
    "revenue": 4818600000,
    "costOfRevenue": 3855900000,
    "grossProfit": 962700000,
    "grossProfitRatio": 0.1997883203,
    "researchAndDevelopmentExpenses": 0,
    "generalAndAdministrativeExpenses": 0,
    "sellingAndMarketingExpenses": 0,
    "sellingGeneralAndAdministrativeExpenses": 697500000,
    "otherExpenses": 54000000,
    "operatingExpenses": 751500000,
    "costAndExpenses": 4607400000,
    "interestIncome": 0,
    "interestExpense": 0,
    "depreciationAndAmortization": 54000000,
    "ebitda": 265200000,
    "ebitdaratio": 0.0550367327,
    "operatingIncome": 211200000,
    "operatingIncomeRatio": 0.0438301581,
    "totalOtherIncomeExpensesNet": -19600000,
    "incomeBeforeTax": 191600000,
    "incomeBeforeTaxRatio": 0.0397625866,
    "incomeTaxExpense": 74700000,
    "netIncome": 116900000,
    "netIncomeRatio": 0.0242601586,
    "eps": 0.18,
    "epsdiluted": 0.18,
    "weightedAverageShsOut": 651333333,
    "weightedAverageShsOutDil": 651333333,
    "link": "https://www.sec.gov/Archives/edgar/data/96021/000095012999004159/0000950129-99-004159-index.html",
    "finalLink": "https://www.sec.gov/Archives/edgar/data/96021/000095012999004159/"
  },
  {
    "date": "1999-03-27",
    "symbol": "SYY",
    "reportedCurrency": "USD",
    "cik": "0000096021",
    "fillingDate": "1999-05-07",
    "acceptedDate": "1999-05-07 00:00:00",
    "calendarYear": "1999",
    "period": "Q3",
    "revenue": 4164900000,
    "costOfRevenue": 3349600000,
    "grossProfit": 815300000,
    "grossProfitRatio": 0.1957550001,
    "researchAndDevelopmentExpenses": 0,
    "generalAndAdministrativeExpenses": 0,
    "sellingAndMarketingExpenses": 0,
    "sellingGeneralAndAdministrativeExpenses": 625100000,
    "otherExpenses": 52900000,
    "operatingExpenses": 678000000,
    "costAndExpenses": 4027600000,
    "interestIncome": 0,
    "interestExpense": 0,
    "depreciationAndAmortization": 52900000,
    "ebitda": 190200000,
    "ebitdaratio": 0.045667363,
    "operatingIncome": 137300000,
    "operatingIncomeRatio": 0.0329659776,
    "totalOtherIncomeExpensesNet": -18300000,
    "incomeBeforeTax": 119000000,
    "incomeBeforeTaxRatio": 0.0285721146,
    "incomeTaxExpense": 46400000,
    "netIncome": 72600000,
    "netIncomeRatio": 0.0174313909,
    "eps": 0.11,
    "epsdiluted": 0.11,
    "weightedAverageShsOut": 660000000,
    "weightedAverageShsOutDil": 660000000,
    "link": "https://www.sec.gov/Archives/edgar/data/96021/000009602199000006/0000096021-99-000006-index.html",
    "finalLink": "https://www.sec.gov/Archives/edgar/data/96021/"
  },
  {
    "date": "1998-12-26",
    "symbol": "SYY",
    "reportedCurrency": "USD",
    "cik": "0000096021",
    "fillingDate": "1999-02-05",
    "acceptedDate": "1999-02-05 00:00:00",
    "calendarYear": "1999",
    "period": "Q2",
    "revenue": 4246700000,
    "costOfRevenue": 3419400000,
    "grossProfit": 827300000,
    "grossProfitRatio": 0.1948100878,
    "researchAndDevelopmentExpenses": 0,
    "generalAndAdministrativeExpenses": 0,
    "sellingAndMarketingExpenses": 0,
    "sellingGeneralAndAdministrativeExpenses": 616900000,
    "otherExpenses": 50100000,
    "operatingExpenses": 667000000,
    "costAndExpenses": 4086400000,
    "interestIncome": 0,
    "interestExpense": 0,
    "depreciationAndAmortization": 50100000,
    "ebitda": 210400000,
    "ebitdaratio": 0.0495443521,
    "operatingIncome": 160300000,
    "operatingIncomeRatio": 0.0377469565,
    "totalOtherIncomeExpensesNet": -18700000,
    "incomeBeforeTax": 141600000,
    "incomeBeforeTaxRatio": 0.0333435373,
    "incomeTaxExpense": 55200000,
    "netIncome": 86400000,
    "netIncomeRatio": 0.0203452092,
    "eps": 0.13,
    "epsdiluted": 0.13,
    "weightedAverageShsOut": 664615385,
    "weightedAverageShsOutDil": 664615385,
    "link": "https://www.sec.gov/Archives/edgar/data/96021/000009602199000003/0000096021-99-000003-index.html",
    "finalLink": "https://www.sec.gov/Archives/edgar/data/96021/"
  },
  {
    "date": "1998-09-26",
    "symbol": "SYY",
    "reportedCurrency": "USD",
    "cik": "0000096021",
    "fillingDate": "1998-11-05",
    "acceptedDate": "1998-11-05 00:00:00",
    "calendarYear": "1999",
    "period": "Q1",
    "revenue": 4192600000,
    "costOfRevenue": 3378000000,
    "grossProfit": 814600000,
    "grossProfitRatio": 0.1942947097,
    "researchAndDevelopmentExpenses": 0,
    "generalAndAdministrativeExpenses": 0,
    "sellingAndMarketingExpenses": 0,
    "sellingGeneralAndAdministrativeExpenses": 607800000,
    "otherExpenses": 48000000,
    "operatingExpenses": 655800000,
    "costAndExpenses": 4033800000,
    "interestIncome": 0,
    "interestExpense": 0,
    "depreciationAndAmortization": 48000000,
    "ebitda": 206700000,
    "ebitdaratio": 0.0493011496,
    "operatingIncome": 158700000,
    "operatingIncomeRatio": 0.0378524066,
    "totalOtherIncomeExpensesNet": -17000000,
    "incomeBeforeTax": 141700000,
    "incomeBeforeTaxRatio": 0.0337976435,
    "incomeTaxExpense": 55300000,
    "netIncome": 86400000,
    "netIncomeRatio": 0.0206077374,
    "eps": 0.13,
    "epsdiluted": 0.13,
    "weightedAverageShsOut": 664615385,
    "weightedAverageShsOutDil": 664615385,
    "link": "https://www.sec.gov/Archives/edgar/data/96021/000009602198000006/0000096021-98-000006-index.html",
    "finalLink": "https://www.sec.gov/Archives/edgar/data/96021/"
  },
  {
    "date": "1998-06-27",
    "symbol": "SYY",
    "reportedCurrency": "USD",
    "cik": "0000096021",
    "fillingDate": "1998-09-24",
    "acceptedDate": "1998-09-24 00:00:00",
    "calendarYear": "1998",
    "period": "Q4",
    "revenue": 4001300000,
    "costOfRevenue": 3203000000,
    "grossProfit": 798300000,
    "grossProfitRatio": 0.1995101592,
    "researchAndDevelopmentExpenses": 0,
    "generalAndAdministrativeExpenses": 0,
    "sellingAndMarketingExpenses": 0,
    "sellingGeneralAndAdministrativeExpenses": 574800000,
    "otherExpenses": 47700000,
    "operatingExpenses": 622500000,
    "costAndExpenses": 3825500000,
    "interestIncome": 0,
    "interestExpense": 0,
    "depreciationAndAmortization": 47700000,
    "ebitda": 223500000,
    "ebitdaratio": 0.0558568465,
    "operatingIncome": 175800000,
    "operatingIncomeRatio": 0.0439357209,
    "totalOtherIncomeExpensesNet": -15900000,
    "incomeBeforeTax": 159900000,
    "incomeBeforeTaxRatio": 0.0399620123,
    "incomeTaxExpense": 62400000,
    "netIncome": 97500000,
    "netIncomeRatio": 0.0243670807,
    "eps": 0.15,
    "epsdiluted": 0.15,
    "weightedAverageShsOut": 664615385,
    "weightedAverageShsOutDil": 664615385,
    "link": "https://www.sec.gov/Archives/edgar/data/96021/000095012998004031/0000950129-98-004031-index.html",
    "finalLink": "https://www.sec.gov/Archives/edgar/data/96021/"
  },
  {
    "date": "1998-03-28",
    "symbol": "SYY",
    "reportedCurrency": "USD",
    "cik": "0000096021",
    "fillingDate": "1998-05-11",
    "acceptedDate": "1998-05-11 00:00:00",
    "calendarYear": "1998",
    "period": "Q3",
    "revenue": 3711800000,
    "costOfRevenue": 2989200000,
    "grossProfit": 722600000,
    "grossProfitRatio": 0.1946764373,
    "researchAndDevelopmentExpenses": 0,
    "generalAndAdministrativeExpenses": 0,
    "sellingAndMarketingExpenses": 0,
    "sellingGeneralAndAdministrativeExpenses": 557100000,
    "otherExpenses": 45900000,
    "operatingExpenses": 603000000,
    "costAndExpenses": 3592200000,
    "interestIncome": 0,
    "interestExpense": 0,
    "depreciationAndAmortization": 45900000,
    "ebitda": 165500000,
    "ebitdaratio": 0.0445875317,
    "operatingIncome": 119600000,
    "operatingIncomeRatio": 0.0322215637,
    "totalOtherIncomeExpensesNet": -15400000,
    "incomeBeforeTax": 104200000,
    "incomeBeforeTaxRatio": 0.0280726332,
    "incomeTaxExpense": 40600000,
    "netIncome": 63600000,
    "netIncomeRatio": 0.0171345439,
    "eps": 0.1,
    "epsdiluted": 0.1,
    "weightedAverageShsOut": 636000000,
    "weightedAverageShsOutDil": 636000000,
    "link": "https://www.sec.gov/Archives/edgar/data/96021/000009602198000004/0000096021-98-000004-index.html",
    "finalLink": "https://www.sec.gov/Archives/edgar/data/96021/"
  },
  {
    "date": "1997-12-27",
    "symbol": "SYY",
    "reportedCurrency": "USD",
    "cik": "0000096021",
    "fillingDate": "1998-02-09",
    "acceptedDate": "1998-02-09 00:00:00",
    "calendarYear": "1998",
    "period": "Q2",
    "revenue": 3786100000,
    "costOfRevenue": 3038600000,
    "grossProfit": 747500000,
    "grossProfitRatio": 0.1974327144,
    "researchAndDevelopmentExpenses": 0,
    "generalAndAdministrativeExpenses": 0,
    "sellingAndMarketingExpenses": 0,
    "sellingGeneralAndAdministrativeExpenses": 551900000,
    "otherExpenses": 44300000,
    "operatingExpenses": 596200000,
    "costAndExpenses": 3634800000,
    "interestIncome": 0,
    "interestExpense": 0,
    "depreciationAndAmortization": 44300000,
    "ebitda": 195600000,
    "ebitdaratio": 0.0516626608,
    "operatingIncome": 151300000,
    "operatingIncomeRatio": 0.0399619661,
    "totalOtherIncomeExpensesNet": -14200000,
    "incomeBeforeTax": 137100000,
    "incomeBeforeTaxRatio": 0.0362114049,
    "incomeTaxExpense": 53500000,
    "netIncome": 55500000,
    "netIncomeRatio": 0.0146588838,
    "eps": 0.09,
    "epsdiluted": 0.08,
    "weightedAverageShsOut": 616666667,
    "weightedAverageShsOutDil": 693750000,
    "link": "https://www.sec.gov/Archives/edgar/data/96021/000009602198000002/0000096021-98-000002-index.html",
    "finalLink": "https://www.sec.gov/Archives/edgar/data/96021/"
  },
  {
    "date": "1997-09-27",
    "symbol": "SYY",
    "reportedCurrency": "USD",
    "cik": "0000096021",
    "fillingDate": "1997-11-06",
    "acceptedDate": "1997-11-06 00:00:00",
    "calendarYear": "1998",
    "period": "Q1",
    "revenue": 3828200000,
    "costOfRevenue": 3087600000,
    "grossProfit": 740600000,
    "grossProfitRatio": 0.1934590669,
    "researchAndDevelopmentExpenses": 0,
    "generalAndAdministrativeExpenses": 0,
    "sellingAndMarketingExpenses": 0,
    "sellingGeneralAndAdministrativeExpenses": 553000000,
    "otherExpenses": 43300000,
    "operatingExpenses": 596300000,
    "costAndExpenses": 3683900000,
    "interestIncome": 0,
    "interestExpense": 0,
    "depreciationAndAmortization": 43300000,
    "ebitda": 187600000,
    "ebitdaratio": 0.0490047542,
    "operatingIncome": 144300000,
    "operatingIncomeRatio": 0.0376939554,
    "totalOtherIncomeExpensesNet": -13000000,
    "incomeBeforeTax": 131300000,
    "incomeBeforeTaxRatio": 0.0342981035,
    "incomeTaxExpense": 51200000,
    "netIncome": 80100000,
    "netIncomeRatio": 0.0209236717,
    "eps": 0.12,
    "epsdiluted": 0.12,
    "weightedAverageShsOut": 667500000,
    "weightedAverageShsOutDil": 667500000,
    "link": "https://www.sec.gov/Archives/edgar/data/96021/000009602197000006/0000096021-97-000006-index.html",
    "finalLink": "https://www.sec.gov/Archives/edgar/data/96021/"
  },
  {
    "date": "1997-06-28",
    "symbol": "SYY",
    "reportedCurrency": "USD",
    "cik": "0000096021",
    "fillingDate": "1997-09-25",
    "acceptedDate": "1997-09-25 00:00:00",
    "calendarYear": "1997",
    "period": "Q4",
    "revenue": 3694700000,
    "costOfRevenue": 2966800000,
    "grossProfit": 727900000,
    "grossProfitRatio": 0.197011936,
    "researchAndDevelopmentExpenses": 0,
    "generalAndAdministrativeExpenses": 0,
    "sellingAndMarketingExpenses": 0,
    "sellingGeneralAndAdministrativeExpenses": 525300000,
    "otherExpenses": 41400000,
    "operatingExpenses": 566700000,
    "costAndExpenses": 3533500000,
    "interestIncome": 0,
    "interestExpense": 0,
    "depreciationAndAmortization": 41400000,
    "ebitda": 202600000,
    "ebitdaratio": 0.0548353046,
    "operatingIncome": 161200000,
    "operatingIncomeRatio": 0.0436300647,
    "totalOtherIncomeExpensesNet": -12000000,
    "incomeBeforeTax": 149200000,
    "incomeBeforeTaxRatio": 0.0403821691,
    "incomeTaxExpense": 58200000,
    "netIncome": 91000000,
    "netIncomeRatio": 0.0246298752,
    "eps": 0.14,
    "epsdiluted": 0.14,
    "weightedAverageShsOut": 667500000,
    "weightedAverageShsOutDil": 667500000,
    "link": "https://www.sec.gov/Archives/edgar/data/96021/000095012997003937/0000950129-97-003937-index.html",
    "finalLink": "https://www.sec.gov/Archives/edgar/data/96021/"
  },
  {
    "date": "1997-03-29",
    "symbol": "SYY",
    "reportedCurrency": "USD",
    "cik": "0000096021",
    "fillingDate": "1997-05-08",
    "acceptedDate": "1997-05-08 00:00:00",
    "calendarYear": "1997",
    "period": "Q3",
    "revenue": 3470300000,
    "costOfRevenue": 2804500000,
    "grossProfit": 665800000,
    "grossProfitRatio": 0.1918566118,
    "researchAndDevelopmentExpenses": 0,
    "generalAndAdministrativeExpenses": 0,
    "sellingAndMarketingExpenses": 0,
    "sellingGeneralAndAdministrativeExpenses": 512600000,
    "otherExpenses": 40400000,
    "operatingExpenses": 553000000,
    "costAndExpenses": 3357500000,
    "interestIncome": 0,
    "interestExpense": 0,
    "depreciationAndAmortization": 40400000,
    "ebitda": 153200000,
    "ebitdaratio": 0.0441460392,
    "operatingIncome": 112800000,
    "operatingIncomeRatio": 0.0325043944,
    "totalOtherIncomeExpensesNet": -11800000,
    "incomeBeforeTax": 101000000,
    "incomeBeforeTaxRatio": 0.029104112,
    "incomeTaxExpense": 39400000,
    "netIncome": 61600000,
    "netIncomeRatio": 0.0177506267,
    "eps": 0.09,
    "epsdiluted": 0.09,
    "weightedAverageShsOut": 684444444,
    "weightedAverageShsOutDil": 684444444,
    "link": "https://www.sec.gov/Archives/edgar/data/96021/000009602197000004/0000096021-97-000004-index.html",
    "finalLink": "https://www.sec.gov/Archives/edgar/data/96021/"
  },
  {
    "date": "1996-12-28",
    "symbol": "SYY",
    "reportedCurrency": "USD",
    "cik": "0000096021",
    "fillingDate": "1997-02-07",
    "acceptedDate": "1997-02-07 00:00:00",
    "calendarYear": "1997",
    "period": "Q2",
    "revenue": 3610300000,
    "costOfRevenue": 2914900000,
    "grossProfit": 695400000,
    "grossProfitRatio": 0.1926155721,
    "researchAndDevelopmentExpenses": 0,
    "generalAndAdministrativeExpenses": 0,
    "sellingAndMarketingExpenses": 0,
    "sellingGeneralAndAdministrativeExpenses": 518700000,
    "otherExpenses": 39600000,
    "operatingExpenses": 558300000,
    "costAndExpenses": 3473200000,
    "interestIncome": 0,
    "interestExpense": 0,
    "depreciationAndAmortization": 39600000,
    "ebitda": 176700000,
    "ebitdaratio": 0.0489433011,
    "operatingIncome": 137100000,
    "operatingIncomeRatio": 0.0379746835,
    "totalOtherIncomeExpensesNet": -11800000,
    "incomeBeforeTax": 125300000,
    "incomeBeforeTaxRatio": 0.0347062571,
    "incomeTaxExpense": 48900000,
    "netIncome": 76400000,
    "netIncomeRatio": 0.0211616763,
    "eps": 0.11,
    "epsdiluted": 0.11,
    "weightedAverageShsOut": 694545455,
    "weightedAverageShsOutDil": 694545455,
    "link": "https://www.sec.gov/Archives/edgar/data/96021/000009602197000002/0000096021-97-000002-index.html",
    "finalLink": "https://www.sec.gov/Archives/edgar/data/96021/"
  },
  {
    "date": "1996-09-28",
    "symbol": "SYY",
    "reportedCurrency": "USD",
    "cik": "0000096021",
    "fillingDate": "1996-11-07",
    "acceptedDate": "1996-11-07 00:00:00",
    "calendarYear": "1997",
    "period": "Q1",
    "revenue": 3679200000,
    "costOfRevenue": 2989600000,
    "grossProfit": 689600000,
    "grossProfitRatio": 0.1874320504,
    "researchAndDevelopmentExpenses": 0,
    "generalAndAdministrativeExpenses": 0,
    "sellingAndMarketingExpenses": 0,
    "sellingGeneralAndAdministrativeExpenses": 519700000,
    "otherExpenses": 38900000,
    "operatingExpenses": 558600000,
    "costAndExpenses": 3548200000,
    "interestIncome": 0,
    "interestExpense": 0,
    "depreciationAndAmortization": 38900000,
    "ebitda": 169900000,
    "ebitdaratio": 0.0461785171,
    "operatingIncome": 131000000,
    "operatingIncomeRatio": 0.0356055664,
    "totalOtherIncomeExpensesNet": -10700000,
    "incomeBeforeTax": 120300000,
    "incomeBeforeTaxRatio": 0.0326973255,
    "incomeTaxExpense": 46900000,
    "netIncome": 73400000,
    "netIncomeRatio": 0.0199499891,
    "eps": 0.11,
    "epsdiluted": 0.1,
    "weightedAverageShsOut": 667272727,
    "weightedAverageShsOutDil": 734000000,
    "link": "https://www.sec.gov/Archives/edgar/data/96021/000009602196000011/0000096021-96-000011-index.html",
    "finalLink": "https://www.sec.gov/Archives/edgar/data/96021/"
  },
  {
    "date": "1996-06-29",
    "symbol": "SYY",
    "reportedCurrency": "USD",
    "cik": "0000096021",
    "fillingDate": "1996-09-26",
    "acceptedDate": "1996-09-26 00:00:00",
    "calendarYear": "1996",
    "period": "Q4",
    "revenue": 3544500000,
    "costOfRevenue": 2858800000,
    "grossProfit": 685700000,
    "grossProfitRatio": 0.193454648,
    "researchAndDevelopmentExpenses": 0,
    "generalAndAdministrativeExpenses": 0,
    "sellingAndMarketingExpenses": 0,
    "sellingGeneralAndAdministrativeExpenses": 498500000,
    "otherExpenses": 38700000,
    "operatingExpenses": 537200000,
    "costAndExpenses": 3396000000,
    "interestIncome": 0,
    "interestExpense": 0,
    "depreciationAndAmortization": 38700000,
    "ebitda": 187200000,
    "ebitdaratio": 0.0528142192,
    "operatingIncome": 148500000,
    "operatingIncomeRatio": 0.041895895,
    "totalOtherIncomeExpensesNet": -11300000,
    "incomeBeforeTax": 137200000,
    "incomeBeforeTaxRatio": 0.0387078572,
    "incomeTaxExpense": 53500000,
    "netIncome": 83700000,
    "netIncomeRatio": 0.0236140499,
    "eps": 0.13,
    "epsdiluted": 0.11,
    "weightedAverageShsOut": 667272727,
    "weightedAverageShsOutDil": 734000000,
    "link": "https://www.sec.gov/Archives/edgar/data/96021/000095012996002272/0000950129-96-002272-index.html",
    "finalLink": "https://www.sec.gov/Archives/edgar/data/96021/"
  },
  {
    "date": "1996-03-30",
    "symbol": "SYY",
    "reportedCurrency": "USD",
    "cik": "0000096021",
    "fillingDate": "1996-05-13",
    "acceptedDate": "1996-05-13 00:00:00",
    "calendarYear": "1996",
    "period": "Q3",
    "revenue": 3257100000,
    "costOfRevenue": 2638500000,
    "grossProfit": 618600000,
    "grossProfitRatio": 0.1899235516,
    "researchAndDevelopmentExpenses": 0,
    "generalAndAdministrativeExpenses": 0,
    "sellingAndMarketingExpenses": 0,
    "sellingGeneralAndAdministrativeExpenses": 479100000,
    "otherExpenses": 37300000,
    "operatingExpenses": 516400000,
    "costAndExpenses": 3154900000,
    "interestIncome": 0,
    "interestExpense": 0,
    "depreciationAndAmortization": 37300000,
    "ebitda": 139500000,
    "ebitdaratio": 0.0428295109,
    "operatingIncome": 102200000,
    "operatingIncomeRatio": 0.0313776058,
    "totalOtherIncomeExpensesNet": -9900000,
    "incomeBeforeTax": 92300000,
    "incomeBeforeTaxRatio": 0.0283380922,
    "incomeTaxExpense": 36000000,
    "netIncome": 56300000,
    "netIncomeRatio": 0.0172853152,
    "eps": 0.08,
    "epsdiluted": 0.08,
    "weightedAverageShsOut": 703750000,
    "weightedAverageShsOutDil": 703750000,
    "link": "https://www.sec.gov/Archives/edgar/data/96021/000009602196000008/0000096021-96-000008-index.html",
    "finalLink": "https://www.sec.gov/Archives/edgar/data/96021/"
  },
  {
    "date": "1995-12-30",
    "symbol": "SYY",
    "reportedCurrency": "USD",
    "cik": "0000096021",
    "fillingDate": "1996-02-12",
    "acceptedDate": "1996-02-12 00:00:00",
    "calendarYear": "1996",
    "period": "Q2",
    "revenue": 3301600000,
    "costOfRevenue": 2671000000,
    "grossProfit": 630600000,
    "grossProfitRatio": 0.1909983039,
    "researchAndDevelopmentExpenses": 0,
    "generalAndAdministrativeExpenses": 0,
    "sellingAndMarketingExpenses": 0,
    "sellingGeneralAndAdministrativeExpenses": 469900000,
    "otherExpenses": 34800000,
    "operatingExpenses": 504700000,
    "costAndExpenses": 3175700000,
    "interestIncome": 0,
    "interestExpense": 0,
    "depreciationAndAmortization": 34800000,
    "ebitda": 160700000,
    "ebitdaratio": 0.0486733705,
    "operatingIncome": 125900000,
    "operatingIncomeRatio": 0.0381330264,
    "totalOtherIncomeExpensesNet": -10000000,
    "incomeBeforeTax": 115900000,
    "incomeBeforeTaxRatio": 0.0351041919,
    "incomeTaxExpense": 45200000,
    "netIncome": 70700000,
    "netIncomeRatio": 0.0214138599,
    "eps": 0.1,
    "epsdiluted": 0.1,
    "weightedAverageShsOut": 707000000,
    "weightedAverageShsOutDil": 707000000,
    "link": "https://www.sec.gov/Archives/edgar/data/96021/000009602196000005/0000096021-96-000005-index.html",
    "finalLink": "https://www.sec.gov/Archives/edgar/data/96021/"
  },
  {
    "date": "1995-09-30",
    "symbol": "SYY",
    "reportedCurrency": "USD",
    "cik": "0000096021",
    "fillingDate": "1995-11-09",
    "acceptedDate": "1995-11-09 00:00:00",
    "calendarYear": "1996",
    "period": "Q1",
    "revenue": 3291900000,
    "costOfRevenue": 2670800000,
    "grossProfit": 621100000,
    "grossProfitRatio": 0.1886752331,
    "researchAndDevelopmentExpenses": 0,
    "generalAndAdministrativeExpenses": 0,
    "sellingAndMarketingExpenses": 0,
    "sellingGeneralAndAdministrativeExpenses": 469800000,
    "otherExpenses": 33900000,
    "operatingExpenses": 503700000,
    "costAndExpenses": 3174500000,
    "interestIncome": 0,
    "interestExpense": 0,
    "depreciationAndAmortization": 33900000,
    "ebitda": 151300000,
    "ebitdaratio": 0.0459612989,
    "operatingIncome": 117400000,
    "operatingIncomeRatio": 0.0356632948,
    "totalOtherIncomeExpensesNet": -8900000,
    "incomeBeforeTax": 108500000,
    "incomeBeforeTaxRatio": 0.0329596889,
    "incomeTaxExpense": 42300000,
    "netIncome": 66200000,
    "netIncomeRatio": 0.0201099669,
    "eps": 0.09,
    "epsdiluted": 0.09,
    "weightedAverageShsOut": 735555556,
    "weightedAverageShsOutDil": 735555556,
    "link": "https://www.sec.gov/Archives/edgar/data/96021/000009602195000008/0000096021-95-000008-index.html",
    "finalLink": "https://www.sec.gov/Archives/edgar/data/96021/"
  }
]