[
  {
    "date": "2025-06-28",
    "symbol": "SYY",
    "reportedCurrency": "USD",
    "cik": "0000096021",
    "fillingDate": "2025-08-22",
    "acceptedDate": "2025-08-21 17:56:50",
    "calendarYear": "2025",
    "period": "FY",
    "revenue": 81370000000,
    "costOfRevenue": 66401000000,
    "grossProfit": 14969000000,
    "grossProfitRatio": 0.1839621482,
    "researchAndDevelopmentExpenses": 0,
    "generalAndAdministrativeExpenses": 0,
    "sellingAndMarketingExpenses": 0,
    "sellingGeneralAndAdministrativeExpenses": 0,
    "otherExpenses": 11881000000,
    "operatingExpenses": 11881000000,
    "costAndExpenses": 78282000000,
    "interestIncome": 0,
    "interestExpense": 635000000,
    "depreciationAndAmortization": 1086000000,
    "ebitda": 4136000000,
    "ebitdaratio": 0.0508295441,
    "operatingIncome": 3088000000,
    "operatingIncomeRatio": 0.0379501045,
    "totalOtherIncomeExpensesNet": -673000000,
    "incomeBeforeTax": 2415000000,
    "incomeBeforeTaxRatio": 0.029679243,
    "incomeTaxExpense": 587000000,
    "netIncome": 1828000000,
    "netIncomeRatio": 0.022465282,
    "eps": 3.74,
    "epsdiluted": 3.73,
    "weightedAverageShsOut": 488144333,
    "weightedAverageShsOutDil": 489825648,
    "link": "https://www.sec.gov/Archives/edgar/data/96021/000009602125000099/0000096021-25-000099-index.htm",
    "finalLink": "https://www.sec.gov/Archives/edgar/data/96021/000009602125000099/syy-20250628.htm"
  },
  {
    "date": "2024-06-29",
    "symbol": "SYY",
    "reportedCurrency": "USD",
    "cik": "0000096021",
    "fillingDate": "2024-08-28",
    "acceptedDate": "2024-08-27 18:06:55",
    "calendarYear": "2024",
    "period": "FY",
    "revenue": 78844000000,
    "costOfRevenue": 64236000000,
    "grossProfit": 14608000000,
    "grossProfitRatio": 0.1852772564,
    "researchAndDevelopmentExpenses": 0,
    "generalAndAdministrativeExpenses": 6757000000,
    "sellingAndMarketingExpenses": 4300000000,
    "sellingGeneralAndAdministrativeExpenses": 11057000000,
    "otherExpenses": 349000000,
    "operatingExpenses": 11406000000,
    "costAndExpenses": 75642000000,
    "interestIncome": 0,
    "interestExpense": 607000000,
    "depreciationAndAmortization": 994000000,
    "ebitda": 4169000000,
    "ebitdaratio": 0.0528765664,
    "operatingIncome": 3202000000,
    "operatingIncomeRatio": 0.0406118411,
    "totalOtherIncomeExpensesNet": -637000000,
    "incomeBeforeTax": 2565000000,
    "incomeBeforeTaxRatio": 0.032532596,
    "incomeTaxExpense": 610000000,
    "netIncome": 1955000000,
    "netIncomeRatio": 0.0247957993,
    "eps": 3.9,
    "epsdiluted": 3.89,
    "weightedAverageShsOut": 501238422,
    "weightedAverageShsOutDil": 503096086,
    "link": "https://www.sec.gov/Archives/edgar/data/96021/000009602124000128/0000096021-24-000128-index.htm",
    "finalLink": "https://www.sec.gov/Archives/edgar/data/96021/000009602124000128/syy-20240629.htm"
  },
  {
    "date": "2023-07-01",
    "symbol": "SYY",
    "reportedCurrency": "USD",
    "cik": "0000096021",
    "fillingDate": "2023-08-25",
    "acceptedDate": "2023-08-24 20:10:07",
    "calendarYear": "2023",
    "period": "FY",
    "revenue": 76325000000,
    "costOfRevenue": 62373000000,
    "grossProfit": 13952000000,
    "grossProfitRatio": 0.1827972486,
    "researchAndDevelopmentExpenses": 0,
    "generalAndAdministrativeExpenses": 6770000000,
    "sellingAndMarketingExpenses": 4000000000,
    "sellingGeneralAndAdministrativeExpenses": 10770000000,
    "otherExpenses": 146000000,
    "operatingExpenses": 10916000000,
    "costAndExpenses": 73286126000,
    "interestIncome": 0,
    "interestExpense": 527000000,
    "depreciationAndAmortization": 889000000,
    "ebitda": 3701000000,
    "ebitdaratio": 0.0484900098,
    "operatingIncome": 3038549000,
    "operatingIncomeRatio": 0.0398106649,
    "totalOtherIncomeExpensesNet": -753194000,
    "incomeBeforeTax": 2285355000,
    "incomeBeforeTaxRatio": 0.0299424173,
    "incomeTaxExpense": 515231000,
    "netIncome": 1770000000,
    "netIncomeRatio": 0.0231903046,
    "eps": 3.49,
    "epsdiluted": 3.47,
    "weightedAverageShsOut": 507362913,
    "weightedAverageShsOutDil": 509719756,
    "link": "https://www.sec.gov/Archives/edgar/data/96021/000009602123000117/0000096021-23-000117-index.htm",
    "finalLink": "https://www.sec.gov/Archives/edgar/data/96021/000009602123000117/syy-20230701.htm"
  },
  {
    "date": "2022-07-02",
    "symbol": "SYY",
    "reportedCurrency": "USD",
    "cik": "0000096021",
    "fillingDate": "2022-08-26",
    "acceptedDate": "2022-08-25 17:39:42",
    "calendarYear": "2022",
    "period": "FY",
    "revenue": 68636146000,
    "costOfRevenue": 56316000000,
    "grossProfit": 12320146000,
    "grossProfitRatio": 0.1794993851,
    "researchAndDevelopmentExpenses": 0,
    "generalAndAdministrativeExpenses": 5884725000,
    "sellingAndMarketingExpenses": 3900000000,
    "sellingGeneralAndAdministrativeExpenses": 9784725000,
    "otherExpenses": 196764000,
    "operatingExpenses": 9981489000,
    "costAndExpenses": 66297111000,
    "interestIncome": 0,
    "interestExpense": 624000000,
    "depreciationAndAmortization": 881000000,
    "ebitda": 3252000000,
    "ebitdaratio": 0.0473802827,
    "operatingIncome": 2346000000,
    "operatingIncomeRatio": 0.0341802408,
    "totalOtherIncomeExpensesNet": -599227000,
    "incomeBeforeTax": 1746773000,
    "incomeBeforeTaxRatio": 0.0254497535,
    "incomeTaxExpense": 388005000,
    "netIncome": 1359000000,
    "netIncomeRatio": 0.0198000628,
    "eps": 2.66,
    "epsdiluted": 2.64,
    "weightedAverageShsOut": 510630645,
    "weightedAverageShsOutDil": 514005826,
    "link": "https://www.sec.gov/Archives/edgar/data/96021/000009602122000151/0000096021-22-000151-index.htm",
    "finalLink": "https://www.sec.gov/Archives/edgar/data/96021/000009602122000151/syy-20220702.htm"
  },
  {
    "date": "2021-07-03",
    "symbol": "SYY",
    "reportedCurrency": "USD",
    "cik": "0000096021",
    "fillingDate": "2021-08-30",
    "acceptedDate": "2021-08-27 17:46:53",
    "calendarYear": "2021",
    "period": "FY",
    "revenue": 51297843000,
    "costOfRevenue": 41941094000,
    "grossProfit": 9356749000,
    "grossProfitRatio": 0.1824004374,
    "researchAndDevelopmentExpenses": 0,
    "generalAndAdministrativeExpenses": 4033310000,
    "sellingAndMarketingExpenses": 3100000000,
    "sellingGeneralAndAdministrativeExpenses": 7133310000,
    "otherExpenses": 786197000,
    "operatingExpenses": 7919507000,
    "costAndExpenses": 49850655000,
    "interestIncome": 0,
    "interestExpense": 880137000,
    "depreciationAndAmortization": 851822000,
    "ebitda": 2316687000,
    "ebitdaratio": 0.0451614895,
    "operatingIncome": 1447188000,
    "operatingIncomeRatio": 0.0282114786,
    "totalOtherIncomeExpensesNet": -862460000,
    "incomeBeforeTax": 584728000,
    "incomeBeforeTaxRatio": 0.0113986859,
    "incomeTaxExpense": 60519000,
    "netIncome": 524209000,
    "netIncomeRatio": 0.0102189287,
    "eps": 1.03,
    "epsdiluted": 1.02,
    "weightedAverageShsOut": 510696398,
    "weightedAverageShsOutDil": 513555087,
    "link": "https://www.sec.gov/Archives/edgar/data/96021/000009602121000093/0000096021-21-000093-index.htm",
    "finalLink": "https://www.sec.gov/Archives/edgar/data/96021/000009602121000093/syy-20210703.htm"
  },
  {
    "date": "2020-06-27",
    "symbol": "SYY",
    "reportedCurrency": "USD",
    "cik": "0000096021",
    "fillingDate": "2020-08-26",
    "acceptedDate": "2020-08-25 17:50:56",
    "calendarYear": "2020",
    "period": "FY",
    "revenue": 52893310000,
    "costOfRevenue": 42991646000,
    "grossProfit": 9901664000,
    "grossProfitRatio": 0.1872006876,
    "researchAndDevelopmentExpenses": 0,
    "generalAndAdministrativeExpenses": 5958930000,
    "sellingAndMarketingExpenses": 3000000000,
    "sellingGeneralAndAdministrativeExpenses": 8958930000,
    "otherExpenses": 193229000,
    "operatingExpenses": 9152159000,
    "costAndExpenses": 52143805000,
    "interestIncome": 0,
    "interestExpense": 408220000,
    "depreciationAndAmortization": 908876000,
    "ebitda": 1542218000,
    "ebitdaratio": 0.0291571467,
    "operatingIncome": 749505000,
    "operatingIncomeRatio": 0.0141701285,
    "totalOtherIncomeExpensesNet": -456121000,
    "incomeBeforeTax": 293384000,
    "incomeBeforeTaxRatio": 0.0055467128,
    "incomeTaxExpense": 77909000,
    "netIncome": 215475000,
    "netIncomeRatio": 0.0040737666,
    "eps": 0.42,
    "epsdiluted": 0.42,
    "weightedAverageShsOut": 510121071,
    "weightedAverageShsOutDil": 514025974,
    "link": "https://www.sec.gov/Archives/edgar/data/96021/000009602120000100/0000096021-20-000100-index.htm",
    "finalLink": "https://www.sec.gov/Archives/edgar/data/96021/000009602120000100/syy-20200627.htm"
  },
  {
    "date": "2019-06-29",
    "symbol": "SYY",
    "reportedCurrency": "USD",
    "cik": "0000096021",
    "fillingDate": "2019-08-26",
    "acceptedDate": "2019-08-23 18:05:47",
    "calendarYear": "2019",
    "period": "FY",
    "revenue": 60113922000,
    "costOfRevenue": 48704935000,
    "grossProfit": 11408987000,
    "grossProfitRatio": 0.1897894301,
    "researchAndDevelopmentExpenses": 0,
    "generalAndAdministrativeExpenses": 4759317000,
    "sellingAndMarketingExpenses": 3500000000,
    "sellingGeneralAndAdministrativeExpenses": 8259317000,
    "otherExpenses": 819520000,
    "operatingExpenses": 9078837000,
    "costAndExpenses": 57783772000,
    "interestIncome": 0,
    "interestExpense": 360423000,
    "depreciationAndAmortization": 748900000,
    "ebitda": 3028645000,
    "ebitdaratio": 0.0503817568,
    "operatingIncome": 2330150000,
    "operatingIncomeRatio": 0.0387622355,
    "totalOtherIncomeExpensesNet": -324314000,
    "incomeBeforeTax": 2005836000,
    "incomeBeforeTaxRatio": 0.0333672456,
    "incomeTaxExpense": 331565000,
    "netIncome": 1674271000,
    "netIncomeRatio": 0.0278516348,
    "eps": 3.24,
    "epsdiluted": 3.2,
    "weightedAverageShsOut": 516890581,
    "weightedAverageShsOutDil": 523381124,
    "link": "https://www.sec.gov/Archives/edgar/data/96021/000009602119000093/0000096021-19-000093-index.htm",
    "finalLink": "https://www.sec.gov/Archives/edgar/data/96021/000009602119000093/syy2019q410-k.htm"
  },
  {
    "date": "2018-06-30",
    "symbol": "SYY",
    "reportedCurrency": "USD",
    "cik": "0000096021",
    "fillingDate": "2018-08-27",
    "acceptedDate": "2018-08-24 17:41:35",
    "calendarYear": "2018",
    "period": "FY",
    "revenue": 58727324000,
    "costOfRevenue": 47641933000,
    "grossProfit": 11085391000,
    "grossProfitRatio": 0.1887603631,
    "researchAndDevelopmentExpenses": 0,
    "generalAndAdministrativeExpenses": 5135275000,
    "sellingAndMarketingExpenses": 3600000000,
    "sellingGeneralAndAdministrativeExpenses": 8735275000,
    "otherExpenses": 0,
    "operatingExpenses": 8756417000,
    "costAndExpenses": 56413268000,
    "interestIncome": 0,
    "interestExpense": 395483000,
    "depreciationAndAmortization": 729500000,
    "ebitda": 3117205000,
    "ebitdaratio": 0.0530792958,
    "operatingIncome": 2314056000,
    "operatingIncomeRatio": 0.0394033959,
    "totalOtherIncomeExpensesNet": -357832000,
    "incomeBeforeTax": 1956224000,
    "incomeBeforeTaxRatio": 0.0333102867,
    "incomeTaxExpense": 525458000,
    "netIncome": 1430766000,
    "netIncomeRatio": 0.0243628673,
    "eps": 2.74,
    "epsdiluted": 2.7,
    "weightedAverageShsOut": 522926914,
    "weightedAverageShsOutDil": 529089854,
    "link": "https://www.sec.gov/Archives/edgar/data/96021/000009602118000126/0000096021-18-000126-index.htm",
    "finalLink": "https://www.sec.gov/Archives/edgar/data/96021/000009602118000126/syy2018q410-k.htm"
  },
  {
    "date": "2017-07-01",
    "symbol": "SYY",
    "reportedCurrency": "USD",
    "cik": "0000096021",
    "fillingDate": "2017-08-30",
    "acceptedDate": "2017-08-29 20:45:41",
    "calendarYear": "2017",
    "period": "FY",
    "revenue": 55371139000,
    "costOfRevenue": 44813632000,
    "grossProfit": 10557507000,
    "grossProfitRatio": 0.1906680482,
    "researchAndDevelopmentExpenses": 0,
    "generalAndAdministrativeExpenses": 5104290999,
    "sellingAndMarketingExpenses": 3400000000,
    "sellingGeneralAndAdministrativeExpenses": 8504290999,
    "otherExpenses": 0,
    "operatingExpenses": 8504336000,
    "costAndExpenses": 53316523000,
    "interestIncome": 0,
    "interestExpense": 302878000,
    "depreciationAndAmortization": 901992000,
    "ebitda": 2935913000,
    "ebitdaratio": 0.0530224419,
    "operatingIncome": 2054616000,
    "operatingIncomeRatio": 0.0371062622,
    "totalOtherIncomeExpensesNet": -288386000,
    "incomeBeforeTax": 1766230000,
    "incomeBeforeTaxRatio": 0.0318980254,
    "incomeTaxExpense": 623727000,
    "netIncome": 1142503000,
    "netIncomeRatio": 0.020633547,
    "eps": 2.1,
    "epsdiluted": 2.08,
    "weightedAverageShsOut": 543496816,
    "weightedAverageShsOutDil": 548545027,
    "link": "https://www.sec.gov/Archives/edgar/data/96021/000009602117000120/0000096021-17-000120-index.htm",
    "finalLink": "https://www.sec.gov/Archives/edgar/data/96021/000009602117000120/syy201710-k.htm"
  },
  {
    "date": "2016-07-02",
    "symbol": "SYY",
    "reportedCurrency": "USD",
    "cik": "0000096021",
    "fillingDate": "2016-08-30",
    "acceptedDate": "2016-08-29 19:02:33",
    "calendarYear": "2016",
    "period": "FY",
    "revenue": 50366919000,
    "costOfRevenue": 41326447000,
    "grossProfit": 9040472000,
    "grossProfitRatio": 0.1794922576,
    "researchAndDevelopmentExpenses": 0,
    "generalAndAdministrativeExpenses": 4431224000,
    "sellingAndMarketingExpenses": 2600000000,
    "sellingGeneralAndAdministrativeExpenses": 7031224000,
    "otherExpenses": 158748000,
    "operatingExpenses": 7189972000,
    "costAndExpenses": 48516419000,
    "interestIncome": 0,
    "interestExpense": 306146000,
    "depreciationAndAmortization": 646000000,
    "ebitda": 2299183000,
    "ebitdaratio": 0.0456486727,
    "operatingIncome": 1850500000,
    "operatingIncomeRatio": 0.0367403851,
    "totalOtherIncomeExpensesNet": -417493000,
    "incomeBeforeTax": 1433007000,
    "incomeBeforeTaxRatio": 0.0284513532,
    "incomeTaxExpense": 483385000,
    "netIncome": 949622000,
    "netIncomeRatio": 0.0188540816,
    "eps": 1.66,
    "epsdiluted": 1.64,
    "weightedAverageShsOut": 573057406,
    "weightedAverageShsOutDil": 577391406,
    "link": "https://www.sec.gov/Archives/edgar/data/96021/000009602116000275/0000096021-16-000275-index.htm",
    "finalLink": "https://www.sec.gov/Archives/edgar/data/96021/000009602116000275/syy201610-k.htm"
  },
  {
    "date": "2015-06-27",
    "symbol": "SYY",
    "reportedCurrency": "USD",
    "cik": "0000096021",
    "fillingDate": "2016-03-03",
    "acceptedDate": "2016-03-02 19:10:00",
    "calendarYear": "2015",
    "period": "FY",
    "revenue": 48680752000,
    "costOfRevenue": 40129236000,
    "grossProfit": 8551516000,
    "grossProfitRatio": 0.1756652403,
    "researchAndDevelopmentExpenses": 0,
    "generalAndAdministrativeExpenses": 4159686000,
    "sellingAndMarketingExpenses": 2600000000,
    "sellingGeneralAndAdministrativeExpenses": 6759686000,
    "otherExpenses": 562468000,
    "operatingExpenses": 7322154000,
    "costAndExpenses": 47451390000,
    "interestIncome": 0,
    "interestExpense": 254807000,
    "depreciationAndAmortization": 553021000,
    "ebitda": 1815975000,
    "ebitdaratio": 0.0373037582,
    "operatingIncome": 1229362000,
    "operatingIncomeRatio": 0.025253554,
    "totalOtherIncomeExpensesNet": -221215000,
    "incomeBeforeTax": 1008147000,
    "incomeBeforeTaxRatio": 0.0207093555,
    "incomeTaxExpense": 321374000,
    "netIncome": 686773000,
    "netIncomeRatio": 0.0141076909,
    "eps": 1.16,
    "epsdiluted": 1.15,
    "weightedAverageShsOut": 592072308,
    "weightedAverageShsOutDil": 596849034,
    "link": "https://www.sec.gov/Archives/edgar/data/96021/000119312516490366/0001193125-16-490366-index.htm",
    "finalLink": "https://www.sec.gov/Archives/edgar/data/96021/000119312516490366/d138229d10ka.htm"
  },
  {
    "date": "2014-06-28",
    "symbol": "SYY",
    "reportedCurrency": "USD",
    "cik": "0000096021",
    "fillingDate": "2014-08-26",
    "acceptedDate": "2014-08-25 17:58:41",
    "calendarYear": "2014",
    "period": "FY",
    "revenue": 46516712000,
    "costOfRevenue": 38335677000,
    "grossProfit": 8181035000,
    "grossProfitRatio": 0.1758730282,
    "researchAndDevelopmentExpenses": 0,
    "generalAndAdministrativeExpenses": 3847405000,
    "sellingAndMarketingExpenses": 2600000000,
    "sellingGeneralAndAdministrativeExpenses": 6447405000,
    "otherExpenses": 146508000,
    "operatingExpenses": 6593913000,
    "costAndExpenses": 44929590000,
    "interestIncome": 0,
    "interestExpense": 123741000,
    "depreciationAndAmortization": 556062000,
    "ebitda": 2147141000,
    "ebitdaratio": 0.046158486,
    "operatingIncome": 1587122000,
    "operatingIncomeRatio": 0.0341193935,
    "totalOtherIncomeExpensesNet": -111498000,
    "incomeBeforeTax": 1475624000,
    "incomeBeforeTaxRatio": 0.0317224485,
    "incomeTaxExpense": 544091000,
    "netIncome": 931533000,
    "netIncomeRatio": 0.0200257705,
    "eps": 1.59,
    "epsdiluted": 1.58,
    "weightedAverageShsOut": 585988084,
    "weightedAverageShsOutDil": 590216220,
    "link": "https://www.sec.gov/Archives/edgar/data/96021/000009602114000040/0000096021-14-000040-index.htm",
    "finalLink": "https://www.sec.gov/Archives/edgar/data/96021/000009602114000040/syy-20140628x10k.htm"
  },
  {
    "date": "2013-06-29",
    "symbol": "SYY",
    "reportedCurrency": "USD",
    "cik": "0000096021",
    "fillingDate": "2013-08-27",
    "acceptedDate": "2013-08-26 17:57:33",
    "calendarYear": "2013",
    "period": "FY",
    "revenue": 44411233000,
    "costOfRevenue": 36543642000,
    "grossProfit": 7867591000,
    "grossProfitRatio": 0.1771531765,
    "researchAndDevelopmentExpenses": 0,
    "generalAndAdministrativeExpenses": 0,
    "sellingAndMarketingExpenses": 2500000000,
    "sellingGeneralAndAdministrativeExpenses": 2500000000,
    "otherExpenses": 6209113000,
    "operatingExpenses": 6209113000,
    "costAndExpenses": 42735283000,
    "interestIncome": 0,
    "interestExpense": 128495000,
    "depreciationAndAmortization": 505600000,
    "ebitda": 2186011000,
    "ebitdaratio": 0.049222029,
    "operatingIncome": 1658478000,
    "operatingIncomeRatio": 0.0373436603,
    "totalOtherIncomeExpensesNet": -111023000,
    "incomeBeforeTax": 1547455000,
    "incomeBeforeTaxRatio": 0.0348437748,
    "incomeTaxExpense": 555028000,
    "netIncome": 992427000,
    "netIncomeRatio": 0.0223463059,
    "eps": 1.68,
    "epsdiluted": 1.67,
    "weightedAverageShsOut": 589397807,
    "weightedAverageShsOutDil": 592675110,
    "link": "https://www.sec.gov/Archives/edgar/data/96021/000009602113000073/0000096021-13-000073-index.htm",
    "finalLink": "https://www.sec.gov/Archives/edgar/data/96021/000009602113000073/syy-20130629x10k.htm"
  },
  {
    "date": "2012-06-30",
    "symbol": "SYY",
    "reportedCurrency": "USD",
    "cik": "0000096021",
    "fillingDate": "2012-08-28",
    "acceptedDate": "2012-08-27 18:21:50",
    "calendarYear": "2012",
    "period": "FY",
    "revenue": 42380939000,
    "costOfRevenue": 34704362000,
    "grossProfit": 7676577000,
    "grossProfitRatio": 0.1811327729,
    "researchAndDevelopmentExpenses": 0,
    "generalAndAdministrativeExpenses": 0,
    "sellingAndMarketingExpenses": 0,
    "sellingGeneralAndAdministrativeExpenses": 0,
    "otherExpenses": 5785945000,
    "operatingExpenses": 5785945000,
    "costAndExpenses": 40294487000,
    "interestIncome": 0,
    "interestExpense": 113396000,
    "depreciationAndAmortization": 416943000,
    "ebitda": 2314341000,
    "ebitdaratio": 0.0546080633,
    "operatingIncome": 1890632000,
    "operatingIncomeRatio": 0.0446104321,
    "totalOtherIncomeExpensesNet": -106630000,
    "incomeBeforeTax": 1784002000,
    "incomeBeforeTaxRatio": 0.0420944425,
    "incomeTaxExpense": 662417000,
    "netIncome": 1121585000,
    "netIncomeRatio": 0.0264643735,
    "eps": 1.91,
    "epsdiluted": 1.9,
    "weightedAverageShsOut": 587726343,
    "weightedAverageShsOutDil": 588991441,
    "link": "https://www.sec.gov/Archives/edgar/data/96021/000009602112000062/0000096021-12-000062-index.htm",
    "finalLink": "https://www.sec.gov/Archives/edgar/data/96021/000009602112000062/syy-20120630x10k.htm"
  },
  {
    "date": "2011-07-02",
    "symbol": "SYY",
    "reportedCurrency": "USD",
    "cik": "0000096021",
    "fillingDate": "2011-08-30",
    "acceptedDate": "2011-08-30 08:01:45",
    "calendarYear": "2011",
    "period": "FY",
    "revenue": 39323489000,
    "costOfRevenue": 32002341000,
    "grossProfit": 7321148000,
    "grossProfitRatio": 0.1861774778,
    "researchAndDevelopmentExpenses": 0,
    "generalAndAdministrativeExpenses": 0,
    "sellingAndMarketingExpenses": 0,
    "sellingGeneralAndAdministrativeExpenses": 5389646000,
    "otherExpenses": 0,
    "operatingExpenses": 5389646000,
    "costAndExpenses": 37391987000,
    "interestIncome": 0,
    "interestExpense": 118267000,
    "depreciationAndAmortization": 395900000,
    "ebitda": 2348309000,
    "ebitdaratio": 0.0597177173,
    "operatingIncome": 1931502000,
    "operatingIncomeRatio": 0.0491182764,
    "totalOtherIncomeExpensesNet": -104048000,
    "incomeBeforeTax": 1827454000,
    "incomeBeforeTaxRatio": 0.046472326,
    "incomeTaxExpense": 675424000,
    "netIncome": 1152030000,
    "netIncomeRatio": 0.0292962306,
    "eps": 1.96,
    "epsdiluted": 1.96,
    "weightedAverageShsOut": 586526142,
    "weightedAverageShsOutDil": 588691546,
    "link": "https://www.sec.gov/Archives/edgar/data/96021/000095012311081150/0000950123-11-081150-index.htm",
    "finalLink": "https://www.sec.gov/Archives/edgar/data/96021/000095012311081150/h84293e10vk.htm"
  },
  {
    "date": "2010-07-03",
    "symbol": "SYY",
    "reportedCurrency": "USD",
    "cik": "0000096021",
    "fillingDate": "2010-08-31",
    "acceptedDate": "2010-08-31 08:01:43",
    "calendarYear": "2010",
    "period": "FY",
    "revenue": 37243495000,
    "costOfRevenue": 30136009000,
    "grossProfit": 7107486000,
    "grossProfitRatio": 0.1908383196,
    "researchAndDevelopmentExpenses": 0,
    "generalAndAdministrativeExpenses": 0,
    "sellingAndMarketingExpenses": 0,
    "sellingGeneralAndAdministrativeExpenses": 0,
    "otherExpenses": 5131618000,
    "operatingExpenses": 5131618000,
    "costAndExpenses": 35267627000,
    "interestIncome": 0,
    "interestExpense": 125477000,
    "depreciationAndAmortization": 382600000,
    "ebitda": 2365042000,
    "ebitdaratio": 0.0635021498,
    "operatingIncome": 1975868000,
    "operatingIncomeRatio": 0.0530527009,
    "totalOtherIncomeExpensesNet": -126279000,
    "incomeBeforeTax": 1849589000,
    "incomeBeforeTaxRatio": 0.0496620685,
    "incomeTaxExpense": 669606000,
    "netIncome": 1179983000,
    "netIncomeRatio": 0.0316829288,
    "eps": 1.99,
    "epsdiluted": 1.99,
    "weightedAverageShsOut": 592157221,
    "weightedAverageShsOutDil": 593590042,
    "link": "https://www.sec.gov/Archives/edgar/data/96021/000095012310082514/0000950123-10-082514-index.htm",
    "finalLink": "https://www.sec.gov/Archives/edgar/data/96021/000095012310082514/h75463e10vk.htm"
  },
  {
    "date": "2009-06-27",
    "symbol": "SYY",
    "reportedCurrency": "USD",
    "cik": "0000096021",
    "fillingDate": "2009-08-25",
    "acceptedDate": "2009-08-25 08:00:48",
    "calendarYear": "2009",
    "period": "FY",
    "revenue": 36853330000,
    "costOfRevenue": 29816999000,
    "grossProfit": 7036331000,
    "grossProfitRatio": 0.1909279568,
    "researchAndDevelopmentExpenses": 0,
    "generalAndAdministrativeExpenses": 0,
    "sellingAndMarketingExpenses": 0,
    "sellingGeneralAndAdministrativeExpenses": 0,
    "otherExpenses": 5164120000,
    "operatingExpenses": 5164120000,
    "costAndExpenses": 34981119000,
    "interestIncome": 0,
    "interestExpense": 116322000,
    "depreciationAndAmortization": 376808000,
    "ebitda": 2263964000,
    "ebitdaratio": 0.0614317349,
    "operatingIncome": 1872211000,
    "operatingIncomeRatio": 0.0508016779,
    "totalOtherIncomeExpensesNet": -101377000,
    "incomeBeforeTax": 1770834000,
    "incomeBeforeTaxRatio": 0.0480508546,
    "incomeTaxExpense": 714886000,
    "netIncome": 1055948000,
    "netIncomeRatio": 0.0286527161,
    "eps": 1.77,
    "epsdiluted": 1.77,
    "weightedAverageShsOut": 595127577,
    "weightedAverageShsOutDil": 596069204,
    "link": "https://www.sec.gov/Archives/edgar/data/96021/000095012309037707/0000950123-09-037707-index.htm",
    "finalLink": "https://www.sec.gov/Archives/edgar/data/96021/000095012309037707/h67823e10vk.htm"
  },
  {
    "date": "2008-06-28",
    "symbol": "SYY",
    "reportedCurrency": "USD",
    "cik": "0000096021",
    "fillingDate": "2008-08-26",
    "acceptedDate": "2008-08-26 16:07:45",
    "calendarYear": "2008",
    "period": "FY",
    "revenue": 37522111000,
    "costOfRevenue": 30327254000,
    "grossProfit": 7194857000,
    "grossProfitRatio": 0.1917497925,
    "researchAndDevelopmentExpenses": 0,
    "generalAndAdministrativeExpenses": 0,
    "sellingAndMarketingExpenses": 0,
    "sellingGeneralAndAdministrativeExpenses": 5314908000,
    "otherExpenses": 0,
    "operatingExpenses": 5314908000,
    "costAndExpenses": 35642162000,
    "interestIncome": 0,
    "interestExpense": 111541000,
    "depreciationAndAmortization": 366434000,
    "ebitda": 2269313000,
    "ebitdaratio": 0.0604793531,
    "operatingIncome": 1879949000,
    "operatingIncomeRatio": 0.0501024316,
    "totalOtherIncomeExpensesNet": -88611000,
    "incomeBeforeTax": 1791338000,
    "incomeBeforeTaxRatio": 0.047740864,
    "incomeTaxExpense": 685187000,
    "netIncome": 1106151000,
    "netIncomeRatio": 0.0294799778,
    "eps": 1.83,
    "epsdiluted": 1.81,
    "weightedAverageShsOut": 605905545,
    "weightedAverageShsOutDil": 610970783,
    "link": "https://www.sec.gov/Archives/edgar/data/96021/000095012908004642/0000950129-08-004642-index.htm",
    "finalLink": "https://www.sec.gov/Archives/edgar/data/96021/000095012908004642/h59840e10vk.htm"
  },
  {
    "date": "2007-06-30",
    "symbol": "SYY",
    "reportedCurrency": "USD",
    "cik": "0000096021",
    "fillingDate": "2007-08-28",
    "acceptedDate": "2007-08-28 14:58:25",
    "calendarYear": "2007",
    "period": "FY",
    "revenue": 35042075000,
    "costOfRevenue": 28284603000,
    "grossProfit": 6757472000,
    "grossProfitRatio": 0.1928388088,
    "researchAndDevelopmentExpenses": 0,
    "generalAndAdministrativeExpenses": 0,
    "sellingAndMarketingExpenses": 0,
    "sellingGeneralAndAdministrativeExpenses": 5048990000,
    "otherExpenses": 0,
    "operatingExpenses": 5048990000,
    "costAndExpenses": 33333593000,
    "interestIncome": 0,
    "interestExpense": 105002000,
    "depreciationAndAmortization": 354425000,
    "ebitda": 2071041000,
    "ebitdaratio": 0.0591015515,
    "operatingIncome": 1708482000,
    "operatingIncomeRatio": 0.0487551608,
    "totalOtherIncomeExpensesNet": -87267000,
    "incomeBeforeTax": 1621215000,
    "incomeBeforeTaxRatio": 0.0462648117,
    "incomeTaxExpense": 620139000,
    "netIncome": 1001076000,
    "netIncomeRatio": 0.0285678288,
    "eps": 1.62,
    "epsdiluted": 1.6,
    "weightedAverageShsOut": 618332752,
    "weightedAverageShsOutDil": 626366798,
    "link": "https://www.sec.gov/Archives/edgar/data/96021/000095012907004350/0000950129-07-004350-index.htm",
    "finalLink": "https://www.sec.gov/Archives/edgar/data/96021/000095012907004350/h49077e10vk.htm"
  },
  {
    "date": "2006-07-01",
    "symbol": "SYY",
    "reportedCurrency": "USD",
    "cik": "0000096021",
    "fillingDate": "2006-09-14",
    "acceptedDate": "2006-09-14 14:17:00",
    "calendarYear": "2006",
    "period": "FY",
    "revenue": 32628438000,
    "costOfRevenue": 26337107000,
    "grossProfit": 6291331000,
    "grossProfitRatio": 0.1928174128,
    "researchAndDevelopmentExpenses": 0,
    "generalAndAdministrativeExpenses": 0,
    "sellingAndMarketingExpenses": 0,
    "sellingGeneralAndAdministrativeExpenses": 4796301000,
    "otherExpenses": 0,
    "operatingExpenses": 4796301000,
    "costAndExpenses": 31133408000,
    "interestIncome": 0,
    "interestExpense": 0,
    "depreciationAndAmortization": 336046000,
    "ebitda": 1840092000,
    "ebitdaratio": 0.0563953445,
    "operatingIncome": 1495030000,
    "operatingIncomeRatio": 0.0458198459,
    "totalOtherIncomeExpensesNet": -100084000,
    "incomeBeforeTax": 1394946000,
    "incomeBeforeTaxRatio": 0.0427524603,
    "incomeTaxExpense": 548906000,
    "netIncome": 855325000,
    "netIncomeRatio": 0.0262140958,
    "eps": 1.38,
    "epsdiluted": 1.36,
    "weightedAverageShsOut": 621382766,
    "weightedAverageShsOutDil": 628800647,
    "link": "https://www.sec.gov/Archives/edgar/data/96021/000095012906008456/0000950129-06-008456-index.htm",
    "finalLink": "https://www.sec.gov/Archives/edgar/data/96021/000095012906008456/h39408e10vk.htm"
  },
  {
    "date": "2005-07-02",
    "symbol": "SYY",
    "reportedCurrency": "USD",
    "cik": "0000096021",
    "fillingDate": "2005-09-15",
    "acceptedDate": "2005-09-15 15:55:26",
    "calendarYear": "2005",
    "period": "FY",
    "revenue": 30281914000,
    "costOfRevenue": 24498200000,
    "grossProfit": 5783714000,
    "grossProfitRatio": 0.190995655,
    "researchAndDevelopmentExpenses": 0,
    "generalAndAdministrativeExpenses": 0,
    "sellingAndMarketingExpenses": 0,
    "sellingGeneralAndAdministrativeExpenses": 4194184000,
    "otherExpenses": 0,
    "operatingExpenses": 4194184000,
    "costAndExpenses": 28692384000,
    "interestIncome": 0,
    "interestExpense": 0,
    "depreciationAndAmortization": 305837000,
    "ebitda": 1906273000,
    "ebitdaratio": 0.0629508756,
    "operatingIncome": 1589530000,
    "operatingIncomeRatio": 0.0524910678,
    "totalOtherIncomeExpensesNet": -64094000,
    "incomeBeforeTax": 1525436000,
    "incomeBeforeTaxRatio": 0.0503744909,
    "incomeTaxExpense": 563979000,
    "netIncome": 961457000,
    "netIncomeRatio": 0.0317502057,
    "eps": 1.51,
    "epsdiluted": 1.47,
    "weightedAverageShsOut": 636068266,
    "weightedAverageShsOutDil": 653157117,
    "link": "https://www.sec.gov/Archives/edgar/data/96021/000095012905009240/0000950129-05-009240-index.htm",
    "finalLink": "https://www.sec.gov/Archives/edgar/data/96021/000095012905009240/h28764e10vk.htm"
  },
  {
    "date": "2004-07-03",
    "symbol": "SYY",
    "reportedCurrency": "USD",
    "cik": "0000096021",
    "fillingDate": "2004-09-16",
    "acceptedDate": "2004-09-16 10:09:30",
    "calendarYear": "2004",
    "period": "FY",
    "revenue": 29335403000,
    "costOfRevenue": 23661514000,
    "grossProfit": 5673889000,
    "grossProfitRatio": 0.1934143874,
    "researchAndDevelopmentExpenses": 0,
    "generalAndAdministrativeExpenses": 0,
    "sellingAndMarketingExpenses": 0,
    "sellingGeneralAndAdministrativeExpenses": 4141230000,
    "otherExpenses": 0,
    "operatingExpenses": 4141230000,
    "costAndExpenses": 27802744000,
    "interestIncome": 0,
    "interestExpense": 0,
    "depreciationAndAmortization": 283595000,
    "ebitda": 1816254000,
    "ebitdaratio": 0.0619133816,
    "operatingIncome": 1532659000,
    "operatingIncomeRatio": 0.0522460523,
    "totalOtherIncomeExpensesNet": -57515000,
    "incomeBeforeTax": 1475144000,
    "incomeBeforeTaxRatio": 0.050285452,
    "incomeTaxExpense": 567930000,
    "netIncome": 907214000,
    "netIncomeRatio": 0.030925568,
    "eps": 1.41,
    "epsdiluted": 1.37,
    "weightedAverageShsOut": 643414184,
    "weightedAverageShsOutDil": 662200000,
    "link": "https://www.sec.gov/Archives/edgar/data/96021/000095012904007097/0000950129-04-007097-index.htm",
    "finalLink": "https://www.sec.gov/Archives/edgar/data/96021/000095012904007097/h18314e10vk.txt"
  },
  {
    "date": "2003-06-28",
    "symbol": "SYY",
    "reportedCurrency": "USD",
    "cik": "0000096021",
    "fillingDate": "2003-09-26",
    "acceptedDate": "2003-09-26 12:48:46",
    "calendarYear": "2003",
    "period": "FY",
    "revenue": 26140337000,
    "costOfRevenue": 20979556000,
    "grossProfit": 5160781000,
    "grossProfitRatio": 0.1974259551,
    "researchAndDevelopmentExpenses": 0,
    "generalAndAdministrativeExpenses": 0,
    "sellingAndMarketingExpenses": 0,
    "sellingGeneralAndAdministrativeExpenses": 3836507000,
    "otherExpenses": 0,
    "operatingExpenses": 3836507000,
    "costAndExpenses": 24816063000,
    "interestIncome": 0,
    "interestExpense": 0,
    "depreciationAndAmortization": 273142000,
    "ebitda": 1597416000,
    "ebitdaratio": 0.0611092351,
    "operatingIncome": 1324274000,
    "operatingIncomeRatio": 0.0506601732,
    "totalOtherIncomeExpensesNet": -63887000,
    "incomeBeforeTax": 1260387000,
    "incomeBeforeTaxRatio": 0.0482161726,
    "incomeTaxExpense": 482099000,
    "netIncome": 778288000,
    "netIncomeRatio": 0.0297734494,
    "eps": 1.2,
    "epsdiluted": 1.18,
    "weightedAverageShsOut": 648573333,
    "weightedAverageShsOutDil": 659566102,
    "link": "https://www.sec.gov/Archives/edgar/data/96021/000095012903004791/0000950129-03-004791-index.htm",
    "finalLink": "https://www.sec.gov/Archives/edgar/data/96021/000095012903004791/h09159e10vk.txt"
  },
  {
    "date": "2002-06-29",
    "symbol": "SYY",
    "reportedCurrency": "USD",
    "cik": "0000096021",
    "fillingDate": "2002-09-25",
    "acceptedDate": "2002-09-25 13:32:39",
    "calendarYear": "2002",
    "period": "FY",
    "revenue": 23350504000,
    "costOfRevenue": 18722163000,
    "grossProfit": 4628341000,
    "grossProfitRatio": 0.1982116103,
    "researchAndDevelopmentExpenses": 0,
    "generalAndAdministrativeExpenses": 0,
    "sellingAndMarketingExpenses": 0,
    "sellingGeneralAndAdministrativeExpenses": 3467379000,
    "otherExpenses": 0,
    "operatingExpenses": 3467379000,
    "costAndExpenses": 22189542000,
    "interestIncome": 0,
    "interestExpense": 0,
    "depreciationAndAmortization": 278251000,
    "ebitda": 1439213000,
    "ebitdaratio": 0.0616352007,
    "operatingIncome": 1160962000,
    "operatingIncomeRatio": 0.0497189268,
    "totalOtherIncomeExpensesNet": -60092000,
    "incomeBeforeTax": 1100870000,
    "incomeBeforeTaxRatio": 0.0471454492,
    "incomeTaxExpense": 421083000,
    "netIncome": 679787000,
    "netIncomeRatio": 0.0291123052,
    "eps": 1.03,
    "epsdiluted": 1.01,
    "weightedAverageShsOut": 659987379,
    "weightedAverageShsOutDil": 673056436,
    "link": "https://www.sec.gov/Archives/edgar/data/96021/000095012902004714/0000950129-02-004714-index.htm",
    "finalLink": "https://www.sec.gov/Archives/edgar/data/96021/000095012902004714/h99830e10vk.txt"
  },
  {
    "date": "2001-06-30",
    "symbol": "SYY",
    "reportedCurrency": "USD",
    "cik": "0000096021",
    "fillingDate": "2001-09-27",
    "acceptedDate": "2001-09-27 00:00:00",
    "calendarYear": "2001",
    "period": "FY",
    "revenue": 21784497000,
    "costOfRevenue": 17513138000,
    "grossProfit": 4271359000,
    "grossProfitRatio": 0.196073336,
    "researchAndDevelopmentExpenses": 0,
    "generalAndAdministrativeExpenses": 0,
    "sellingAndMarketingExpenses": 0,
    "sellingGeneralAndAdministrativeExpenses": 3232827000,
    "otherExpenses": 0,
    "operatingExpenses": 3232827000,
    "costAndExpenses": 20745965000,
    "interestIncome": 0,
    "interestExpense": 71776000,
    "depreciationAndAmortization": 248240000,
    "ebitda": 1286671000,
    "ebitdaratio": 0.0590636084,
    "operatingIncome": 1038532000,
    "operatingIncomeRatio": 0.0476729851,
    "totalOtherIncomeExpensesNet": -71877000,
    "incomeBeforeTax": 966655000,
    "incomeBeforeTaxRatio": 0.0443735286,
    "incomeTaxExpense": 369746000,
    "netIncome": 596909000,
    "netIncomeRatio": 0.0274006327,
    "eps": 0.9,
    "epsdiluted": 0.88,
    "weightedAverageShsOut": 665551228,
    "weightedAverageShsOutDil": 677949351,
    "link": "https://www.sec.gov/Archives/edgar/data/96021/000095012901503195/0000950129-01-503195-index.htm",
    "finalLink": "https://www.sec.gov/Archives/edgar/data/96021/000095012901503195/h90836e10-k.txt"
  },
  {
    "date": "2000-07-01",
    "symbol": "SYY",
    "reportedCurrency": "USD",
    "cik": "0000096021",
    "fillingDate": "2000-09-27",
    "acceptedDate": "2000-09-27 00:00:00",
    "calendarYear": "2000",
    "period": "FY",
    "revenue": 19303268000,
    "costOfRevenue": 15428890000,
    "grossProfit": 3874378000,
    "grossProfitRatio": 0.2007109884,
    "researchAndDevelopmentExpenses": 0,
    "generalAndAdministrativeExpenses": 0,
    "sellingAndMarketingExpenses": 0,
    "sellingGeneralAndAdministrativeExpenses": 2843755000,
    "otherExpenses": 220661000,
    "operatingExpenses": 3064416000,
    "costAndExpenses": 18493306000,
    "interestIncome": 0,
    "interestExpense": 70832000,
    "depreciationAndAmortization": 220661000,
    "ebitda": 1032145000,
    "ebitdaratio": 0.0534699617,
    "operatingIncome": 809962000,
    "operatingIncomeRatio": 0.0419598381,
    "totalOtherIncomeExpensesNet": -72354000,
    "incomeBeforeTax": 737608000,
    "incomeBeforeTaxRatio": 0.0382115609,
    "incomeTaxExpense": 283979000,
    "netIncome": 453629000,
    "netIncomeRatio": 0.0235001141,
    "eps": 0.68,
    "epsdiluted": 0.67,
    "weightedAverageShsOut": 659164948,
    "weightedAverageShsOutDil": 669555856,
    "link": "https://www.sec.gov/Archives/edgar/data/96021/000095012900004742/0000950129-00-004742-index.htm",
    "finalLink": "https://www.sec.gov/Archives/edgar/data/96021/000095012900004742/h80468e10-k.txt"
  },
  {
    "date": "1999-07-03",
    "symbol": "SYY",
    "reportedCurrency": "USD",
    "cik": "0000096021",
    "fillingDate": "1999-09-24",
    "acceptedDate": "1999-09-24 00:00:00",
    "calendarYear": "1999",
    "period": "FY",
    "revenue": 17422800000,
    "costOfRevenue": 14002900000,
    "grossProfit": 3419900000,
    "grossProfitRatio": 0.196288771,
    "researchAndDevelopmentExpenses": 0,
    "generalAndAdministrativeExpenses": 0,
    "sellingAndMarketingExpenses": 0,
    "sellingGeneralAndAdministrativeExpenses": 2547300000,
    "otherExpenses": 205000000,
    "operatingExpenses": 2752300000,
    "costAndExpenses": 16755200000,
    "interestIncome": 0,
    "interestExpense": 72839000,
    "depreciationAndAmortization": 205000000,
    "ebitda": 871731000,
    "ebitdaratio": 0.0500339211,
    "operatingIncome": 667600000,
    "operatingIncomeRatio": 0.0383176068,
    "totalOtherIncomeExpensesNet": -73713000,
    "incomeBeforeTax": 593887000,
    "incomeBeforeTaxRatio": 0.0340867714,
    "incomeTaxExpense": 231616000,
    "netIncome": 362271000,
    "netIncomeRatio": 0.0207929265,
    "eps": 0.54,
    "epsdiluted": 0.54,
    "weightedAverageShsOut": 665827092,
    "weightedAverageShsOutDil": 673593338,
    "link": "https://www.sec.gov/Archives/edgar/data/96021/000095012999004159/0000950129-99-004159-index.html",
    "finalLink": "https://www.sec.gov/Archives/edgar/data/96021/000095012999004159/"
  },
  {
    "date": "1998-06-27",
    "symbol": "SYY",
    "reportedCurrency": "USD",
    "cik": "0000096021",
    "fillingDate": "1998-09-24",
    "acceptedDate": "1998-09-24 00:00:00",
    "calendarYear": "1998",
    "period": "FY",
    "revenue": 15327500000,
    "costOfRevenue": 12318400000,
    "grossProfit": 3009100000,
    "grossProfitRatio": 0.1963203393,
    "researchAndDevelopmentExpenses": 0,
    "generalAndAdministrativeExpenses": 0,
    "sellingAndMarketingExpenses": 0,
    "sellingGeneralAndAdministrativeExpenses": 2236900000,
    "otherExpenses": 181200000,
    "operatingExpenses": 2418100000,
    "costAndExpenses": 14736500000,
    "interestIncome": 0,
    "interestExpense": 0,
    "depreciationAndAmortization": 181200000,
    "ebitda": 772200000,
    "ebitdaratio": 0.0503800359,
    "operatingIncome": 591000000,
    "operatingIncomeRatio": 0.0385581471,
    "totalOtherIncomeExpensesNet": -58500000,
    "incomeBeforeTax": 532500000,
    "incomeBeforeTaxRatio": 0.0347414777,
    "incomeTaxExpense": 207700000,
    "netIncome": 296700000,
    "netIncomeRatio": 0.0193573642,
    "eps": 0.44,
    "epsdiluted": 0.43,
    "weightedAverageShsOut": 682068966,
    "weightedAverageShsOutDil": 690000000,
    "link": "https://www.sec.gov/Archives/edgar/data/96021/000095012998004031/0000950129-98-004031-index.html",
    "finalLink": "https://www.sec.gov/Archives/edgar/data/96021/"
  },
  {
    "date": "1997-06-28",
    "symbol": "SYY",
    "reportedCurrency": "USD",
    "cik": "0000096021",
    "fillingDate": "1997-09-25",
    "acceptedDate": "1997-09-25 00:00:00",
    "calendarYear": "1997",
    "period": "FY",
    "revenue": 14454600000,
    "costOfRevenue": 11675700000,
    "grossProfit": 2778900000,
    "grossProfitRatio": 0.1922502179,
    "researchAndDevelopmentExpenses": 0,
    "generalAndAdministrativeExpenses": 0,
    "sellingAndMarketingExpenses": 0,
    "sellingGeneralAndAdministrativeExpenses": 2076300000,
    "otherExpenses": 160300000,
    "operatingExpenses": 2236600000,
    "costAndExpenses": 13912300000,
    "interestIncome": 0,
    "interestExpense": 0,
    "depreciationAndAmortization": 160300000,
    "ebitda": 702600000,
    "ebitdaratio": 0.0486073637,
    "operatingIncome": 542300000,
    "operatingIncomeRatio": 0.0375174685,
    "totalOtherIncomeExpensesNet": -46400000,
    "incomeBeforeTax": 495900000,
    "incomeBeforeTaxRatio": 0.0343074177,
    "incomeTaxExpense": 193400000,
    "netIncome": 302500000,
    "netIncomeRatio": 0.020927594,
    "eps": 0.43,
    "epsdiluted": 0.43,
    "weightedAverageShsOut": 703488372,
    "weightedAverageShsOutDil": 703488372,
    "link": "https://www.sec.gov/Archives/edgar/data/96021/000095012997003937/0000950129-97-003937-index.html",
    "finalLink": "https://www.sec.gov/Archives/edgar/data/96021/"
  },
  {
    "date": "1996-06-29",
    "symbol": "SYY",
    "reportedCurrency": "USD",
    "cik": "0000096021",
    "fillingDate": "1996-09-26",
    "acceptedDate": "1996-09-26 00:00:00",
    "calendarYear": "1996",
    "period": "FY",
    "revenue": 13395100000,
    "costOfRevenue": 10839100000,
    "grossProfit": 2556000000,
    "grossProfitRatio": 0.1908160447,
    "researchAndDevelopmentExpenses": 0,
    "generalAndAdministrativeExpenses": 0,
    "sellingAndMarketingExpenses": 0,
    "sellingGeneralAndAdministrativeExpenses": 1917400000,
    "otherExpenses": 144700000,
    "operatingExpenses": 2062100000,
    "costAndExpenses": 12901200000,
    "interestIncome": 0,
    "interestExpense": 0,
    "depreciationAndAmortization": 144700000,
    "ebitda": 638600000,
    "ebitdaratio": 0.0476741495,
    "operatingIncome": 493900000,
    "operatingIncomeRatio": 0.0368716919,
    "totalOtherIncomeExpensesNet": -40000000,
    "incomeBeforeTax": 453900000,
    "incomeBeforeTaxRatio": 0.0338855253,
    "incomeTaxExpense": 177000000,
    "netIncome": 276900000,
    "netIncomeRatio": 0.0206717382,
    "eps": 0.38,
    "epsdiluted": 0.38,
    "weightedAverageShsOut": 728684211,
    "weightedAverageShsOutDil": 728684211,
    "link": "https://www.sec.gov/Archives/edgar/data/96021/000095012996002272/0000950129-96-002272-index.html",
    "finalLink": "https://www.sec.gov/Archives/edgar/data/96021/"
  },
  {
    "date": "1995-07-01",
    "symbol": "SYY",
    "reportedCurrency": "USD",
    "cik": "0000096021",
    "fillingDate": "1995-09-27",
    "acceptedDate": "1995-09-27 00:00:00",
    "calendarYear": "1995",
    "period": "FY",
    "revenue": 12118000000,
    "costOfRevenue": 9796600000,
    "grossProfit": 2321400000,
    "grossProfitRatio": 0.1915662651,
    "researchAndDevelopmentExpenses": 0,
    "generalAndAdministrativeExpenses": 0,
    "sellingAndMarketingExpenses": 0,
    "sellingGeneralAndAdministrativeExpenses": 1736600000,
    "otherExpenses": 130800000,
    "operatingExpenses": 1867400000,
    "costAndExpenses": 11664000000,
    "interestIncome": 0,
    "interestExpense": 0,
    "depreciationAndAmortization": 130800000,
    "ebitda": 584800000,
    "ebitdaratio": 0.0482587886,
    "operatingIncome": 454000000,
    "operatingIncomeRatio": 0.0374649282,
    "totalOtherIncomeExpensesNet": -36400000,
    "incomeBeforeTax": 417600000,
    "incomeBeforeTaxRatio": 0.0344611322,
    "incomeTaxExpense": 165800000,
    "netIncome": 251800000,
    "netIncomeRatio": 0.0207790064,
    "eps": 0.35,
    "epsdiluted": 0.35,
    "weightedAverageShsOut": 729855072,
    "weightedAverageShsOutDil": 729855072,
    "link": "https://www.sec.gov/Archives/edgar/data/96021/000095012995001268/0000950129-95-001268-index.html",
    "finalLink": "https://www.sec.gov/Archives/edgar/data/96021/"
  },
  {
    "date": "1994-07-02",
    "symbol": "SYY",
    "reportedCurrency": "USD",
    "cik": "0000096021",
    "fillingDate": "1994-09-29",
    "acceptedDate": "1994-09-29 00:00:00",
    "calendarYear": "1994",
    "period": "FY",
    "revenue": 10942500000,
    "costOfRevenue": 8851600000,
    "grossProfit": 2090900000,
    "grossProfitRatio": 0.1910806488,
    "researchAndDevelopmentExpenses": 0,
    "generalAndAdministrativeExpenses": 0,
    "sellingAndMarketingExpenses": 0,
    "sellingGeneralAndAdministrativeExpenses": 1568800000,
    "otherExpenses": 120000000,
    "operatingExpenses": 1688800000,
    "costAndExpenses": 10540400000,
    "interestIncome": 0,
    "interestExpense": 0,
    "depreciationAndAmortization": 120000000,
    "ebitda": 522100000,
    "ebitdaratio": 0.0477130455,
    "operatingIncome": 402100000,
    "operatingIncomeRatio": 0.0367466301,
    "totalOtherIncomeExpensesNet": -34500000,
    "incomeBeforeTax": 367600000,
    "incomeBeforeTaxRatio": 0.0335937857,
    "incomeTaxExpense": 150800000,
    "netIncome": 216800000,
    "netIncomeRatio": 0.0198126571,
    "eps": 0.3,
    "epsdiluted": 0.3,
    "weightedAverageShsOut": 734915254,
    "weightedAverageShsOutDil": 734915254,
    "link": "https://www.sec.gov/Archives/edgar/data/96021/000095012994000711/0000950129-94-000711-index.html",
    "finalLink": "https://www.sec.gov/Archives/edgar/data/96021/"
  },
  {
    "date": "1993-06-30",
    "symbol": "SYY",
    "reportedCurrency": "USD",
    "cik": "0000096021",
    "fillingDate": "1993-06-30",
    "acceptedDate": "1993-06-30 00:00:00",
    "calendarYear": "1993",
    "period": "FY",
    "revenue": 10021500000,
    "costOfRevenue": 8117600000,
    "grossProfit": 1903900000,
    "grossProfitRatio": 0.1899815397,
    "researchAndDevelopmentExpenses": 0,
    "generalAndAdministrativeExpenses": 0,
    "sellingAndMarketingExpenses": 0,
    "sellingGeneralAndAdministrativeExpenses": 1427400000,
    "otherExpenses": 107700000,
    "operatingExpenses": 1535100000,
    "costAndExpenses": 9652700000,
    "interestIncome": 0,
    "interestExpense": 0,
    "depreciationAndAmortization": 107700000,
    "ebitda": 476500000,
    "ebitdaratio": 0.0475477723,
    "operatingIncome": 368800000,
    "operatingIncomeRatio": 0.0368008781,
    "totalOtherIncomeExpensesNet": -36800000,
    "incomeBeforeTax": 332000000,
    "incomeBeforeTaxRatio": 0.0331287731,
    "incomeTaxExpense": 130200000,
    "netIncome": 201800000,
    "netIncomeRatio": 0.0201367061,
    "eps": 0.27,
    "epsdiluted": 0.27,
    "weightedAverageShsOut": 747407407,
    "weightedAverageShsOutDil": 747407407,
    "link": null,
    "finalLink": null
  },
  {
    "date": "1992-06-30",
    "symbol": "SYY",
    "reportedCurrency": "USD",
    "cik": "0000096021",
    "fillingDate": "1992-06-30",
    "acceptedDate": "1992-06-30 00:00:00",
    "calendarYear": "1992",
    "period": "FY",
    "revenue": 8892800000,
    "costOfRevenue": 7204400000,
    "grossProfit": 1688400000,
    "grossProfitRatio": 0.189861461,
    "researchAndDevelopmentExpenses": 0,
    "generalAndAdministrativeExpenses": 0,
    "sellingAndMarketingExpenses": 0,
    "sellingGeneralAndAdministrativeExpenses": 1270400000,
    "otherExpenses": 99500000,
    "operatingExpenses": 1369900000,
    "costAndExpenses": 8574300000,
    "interestIncome": 0,
    "interestExpense": 0,
    "depreciationAndAmortization": 99500000,
    "ebitda": 418000000,
    "ebitdaratio": 0.0470043181,
    "operatingIncome": 318500000,
    "operatingIncomeRatio": 0.0358154912,
    "totalOtherIncomeExpensesNet": -36900000,
    "incomeBeforeTax": 281600000,
    "incomeBeforeTaxRatio": 0.0316660669,
    "incomeTaxExpense": 109400000,
    "netIncome": 172200000,
    "netIncomeRatio": 0.0193639798,
    "eps": 0.24,
    "epsdiluted": 0.24,
    "weightedAverageShsOut": 717500000,
    "weightedAverageShsOutDil": 717500000,
    "link": null,
    "finalLink": null
  },
  {
    "date": "1991-06-30",
    "symbol": "SYY",
    "reportedCurrency": "USD",
    "cik": "0000096021",
    "fillingDate": "1991-06-30",
    "acceptedDate": "1991-06-30 00:00:00",
    "calendarYear": "1991",
    "period": "FY",
    "revenue": 8149700000,
    "costOfRevenue": 6601600000,
    "grossProfit": 1548100000,
    "grossProfitRatio": 0.1899579126,
    "researchAndDevelopmentExpenses": 0,
    "generalAndAdministrativeExpenses": 0,
    "sellingAndMarketingExpenses": 0,
    "sellingGeneralAndAdministrativeExpenses": 1163500000,
    "otherExpenses": 92200000,
    "operatingExpenses": 1255700000,
    "costAndExpenses": 7857300000,
    "interestIncome": 0,
    "interestExpense": 0,
    "depreciationAndAmortization": 92200000,
    "ebitda": 384600000,
    "ebitdaratio": 0.0471919212,
    "operatingIncome": 292400000,
    "operatingIncomeRatio": 0.0358786213,
    "totalOtherIncomeExpensesNet": -41600000,
    "incomeBeforeTax": 250800000,
    "incomeBeforeTaxRatio": 0.0307741389,
    "incomeTaxExpense": 97000000,
    "netIncome": 153800000,
    "netIncomeRatio": 0.0188718603,
    "eps": 0.21,
    "epsdiluted": 0.21,
    "weightedAverageShsOut": 732380952,
    "weightedAverageShsOutDil": 732380952,
    "link": null,
    "finalLink": null
  },
  {
    "date": "1990-06-30",
    "symbol": "SYY",
    "reportedCurrency": "USD",
    "cik": "0000096021",
    "fillingDate": "1990-06-30",
    "acceptedDate": "1990-06-30 00:00:00",
    "calendarYear": "1990",
    "period": "FY",
    "revenue": 7590600000,
    "costOfRevenue": 6162000000,
    "grossProfit": 1428600000,
    "grossProfitRatio": 0.1882064659,
    "researchAndDevelopmentExpenses": 0,
    "generalAndAdministrativeExpenses": 0,
    "sellingAndMarketingExpenses": 0,
    "sellingGeneralAndAdministrativeExpenses": 1078800000,
    "otherExpenses": 84400000,
    "operatingExpenses": 1163200000,
    "costAndExpenses": 7325200000,
    "interestIncome": 0,
    "interestExpense": 0,
    "depreciationAndAmortization": 84400000,
    "ebitda": 349800000,
    "ebitdaratio": 0.0460833136,
    "operatingIncome": 265400000,
    "operatingIncomeRatio": 0.0349642979,
    "totalOtherIncomeExpensesNet": -49300000,
    "incomeBeforeTax": 216100000,
    "incomeBeforeTaxRatio": 0.0284694227,
    "incomeTaxExpense": 83600000,
    "netIncome": 132500000,
    "netIncomeRatio": 0.0174558006,
    "eps": 0.19,
    "epsdiluted": 0.19,
    "weightedAverageShsOut": 697368421,
    "weightedAverageShsOutDil": 697368421,
    "link": null,
    "finalLink": null
  },
  {
    "date": "1989-06-30",
    "symbol": "SYY",
    "reportedCurrency": "USD",
    "cik": "0000096021",
    "fillingDate": "1989-06-30",
    "acceptedDate": "1989-06-30 00:00:00",
    "calendarYear": "1989",
    "period": "FY",
    "revenue": 6851300000,
    "costOfRevenue": 5564000000,
    "grossProfit": 1287300000,
    "grossProfitRatio": 0.1878913491,
    "researchAndDevelopmentExpenses": 0,
    "generalAndAdministrativeExpenses": 0,
    "sellingAndMarketingExpenses": 0,
    "sellingGeneralAndAdministrativeExpenses": 981100000,
    "otherExpenses": 76800000,
    "operatingExpenses": 1057900000,
    "costAndExpenses": 6621900000,
    "interestIncome": 0,
    "interestExpense": 0,
    "depreciationAndAmortization": 76800000,
    "ebitda": 306200000,
    "ebitdaratio": 0.0446922482,
    "operatingIncome": 229400000,
    "operatingIncomeRatio": 0.0334826967,
    "totalOtherIncomeExpensesNet": -52500000,
    "incomeBeforeTax": 176900000,
    "incomeBeforeTaxRatio": 0.0258199174,
    "incomeTaxExpense": 69000000,
    "netIncome": 107900000,
    "netIncomeRatio": 0.015748836,
    "eps": 0.15,
    "epsdiluted": 0.15,
    "weightedAverageShsOut": 719333333,
    "weightedAverageShsOutDil": 719333333,
    "link": null,
    "finalLink": null
  },
  {
    "date": "1988-06-30",
    "symbol": "SYY",
    "reportedCurrency": "USD",
    "cik": "0000096021",
    "fillingDate": "1988-06-30",
    "acceptedDate": "1988-06-29 20:00:00",
    "calendarYear": "1988",
    "period": "FY",
    "revenue": 4384700000,
    "costOfRevenue": 3549100000,
    "grossProfit": 835600000,
    "grossProfitRatio": 0.1905717609,
    "researchAndDevelopmentExpenses": 0,
    "generalAndAdministrativeExpenses": 0,
    "sellingAndMarketingExpenses": 0,
    "sellingGeneralAndAdministrativeExpenses": 646700000,
    "otherExpenses": 45000000,
    "operatingExpenses": 691700000,
    "costAndExpenses": 4240800000,
    "interestIncome": 0,
    "interestExpense": 0,
    "depreciationAndAmortization": 45000000,
    "ebitda": 188900000,
    "ebitdaratio": 0.0430816247,
    "operatingIncome": 143900000,
    "operatingIncomeRatio": 0.0328186649,
    "totalOtherIncomeExpensesNet": -14500000,
    "incomeBeforeTax": 129400000,
    "incomeBeforeTaxRatio": 0.0295117112,
    "incomeTaxExpense": 49200000,
    "netIncome": 80200000,
    "netIncomeRatio": 0.0182908751,
    "eps": 0.12,
    "epsdiluted": 0.12,
    "weightedAverageShsOut": 668333333,
    "weightedAverageShsOutDil": 668333333,
    "link": "",
    "finalLink": ""
  },
  {
    "date": "1987-06-30",
    "symbol": "SYY",
    "reportedCurrency": "USD",
    "cik": "0000096021",
    "fillingDate": "1987-06-30",
    "acceptedDate": "1987-06-29 20:00:00",
    "calendarYear": "1987",
    "period": "FY",
    "revenue": 3655900000,
    "costOfRevenue": 2947200000,
    "grossProfit": 708700000,
    "grossProfitRatio": 0.1938510353,
    "researchAndDevelopmentExpenses": 0,
    "generalAndAdministrativeExpenses": 0,
    "sellingAndMarketingExpenses": 0,
    "sellingGeneralAndAdministrativeExpenses": 548600000,
    "otherExpenses": 38400000,
    "operatingExpenses": 587000000,
    "costAndExpenses": 3534200000,
    "interestIncome": 0,
    "interestExpense": 0,
    "depreciationAndAmortization": 38400000,
    "ebitda": 160100000,
    "ebitdaratio": 0.0437922263,
    "operatingIncome": 121700000,
    "operatingIncomeRatio": 0.0332886567,
    "totalOtherIncomeExpensesNet": 600000,
    "incomeBeforeTax": 122300000,
    "incomeBeforeTaxRatio": 0.033452775,
    "incomeTaxExpense": 60500000,
    "netIncome": 61800000,
    "netIncomeRatio": 0.0169041823,
    "eps": 0.09,
    "epsdiluted": 0.09,
    "weightedAverageShsOut": 686666667,
    "weightedAverageShsOutDil": 686666667,
    "link": "",
    "finalLink": ""
  },
  {
    "date": "1986-06-30",
    "symbol": "SYY",
    "reportedCurrency": "USD",
    "cik": "0000096021",
    "fillingDate": "1986-06-30",
    "acceptedDate": "1986-06-29 20:00:00",
    "calendarYear": "1986",
    "period": "FY",
    "revenue": 3172300000,
    "costOfRevenue": 2547100000,
    "grossProfit": 625200000,
    "grossProfitRatio": 0.1970809823,
    "researchAndDevelopmentExpenses": 0,
    "generalAndAdministrativeExpenses": 0,
    "sellingAndMarketingExpenses": 0,
    "sellingGeneralAndAdministrativeExpenses": 487800000,
    "otherExpenses": 31500000,
    "operatingExpenses": 519300000,
    "costAndExpenses": 3066400000,
    "interestIncome": 0,
    "interestExpense": 0,
    "depreciationAndAmortization": 31500000,
    "ebitda": 137400000,
    "ebitdaratio": 0.0433124232,
    "operatingIncome": 105900000,
    "operatingIncomeRatio": 0.0333827192,
    "totalOtherIncomeExpensesNet": 1700000,
    "incomeBeforeTax": 107600000,
    "incomeBeforeTaxRatio": 0.033918608,
    "incomeTaxExpense": 49300000,
    "netIncome": 58300000,
    "netIncomeRatio": 0.0183778331,
    "eps": 0.09,
    "epsdiluted": 0.09,
    "weightedAverageShsOut": 647777778,
    "weightedAverageShsOutDil": 647777778,
    "link": "",
    "finalLink": ""
  }
]