[
  {
    "date": "2025-06-30",
    "symbol": "T",
    "reportedCurrency": "USD",
    "cik": "0000732717",
    "fillingDate": "2025-07-24",
    "acceptedDate": "2025-07-24 16:41:26",
    "calendarYear": "2025",
    "period": "Q2",
    "revenue": 30847000000,
    "costOfRevenue": 17401000000,
    "grossProfit": 13446000000,
    "grossProfitRatio": 0.4358932797,
    "researchAndDevelopmentExpenses": 0,
    "generalAndAdministrativeExpenses": 0,
    "sellingAndMarketingExpenses": 0,
    "sellingGeneralAndAdministrativeExpenses": 6896000000,
    "otherExpenses": 0,
    "operatingExpenses": 6896000000,
    "costAndExpenses": 24297000000,
    "interestIncome": 0,
    "interestExpense": 1666000000,
    "depreciationAndAmortization": 5251000000,
    "ebitda": 13015000000,
    "ebitdaratio": 0.4219210944,
    "operatingIncome": 6550000000,
    "operatingIncomeRatio": 0.2123383149,
    "totalOtherIncomeExpensesNet": -452000000,
    "incomeBeforeTax": 6098000000,
    "incomeBeforeTaxRatio": 0.1976853503,
    "incomeTaxExpense": 1237000000,
    "netIncome": 4500000000,
    "netIncomeRatio": 0.1458812851,
    "eps": 0.62,
    "epsdiluted": 0.62,
    "weightedAverageShsOut": 7209000000,
    "weightedAverageShsOutDil": 7219000000,
    "link": "https://www.sec.gov/Archives/edgar/data/732717/000073271725000080/0000732717-25-000080-index.htm",
    "finalLink": "https://www.sec.gov/Archives/edgar/data/732717/000073271725000080/t-20250630.htm"
  },
  {
    "date": "2025-03-31",
    "symbol": "T",
    "reportedCurrency": "USD",
    "cik": "0000732717",
    "fillingDate": "2025-04-29",
    "acceptedDate": "2025-04-29 17:04:50",
    "calendarYear": "2025",
    "period": "Q1",
    "revenue": 30626000000,
    "costOfRevenue": 17223000000,
    "grossProfit": 13403000000,
    "grossProfitRatio": 0.4376346895,
    "researchAndDevelopmentExpenses": 0,
    "generalAndAdministrativeExpenses": 0,
    "sellingAndMarketingExpenses": 0,
    "sellingGeneralAndAdministrativeExpenses": 7070000000,
    "otherExpenses": 0,
    "operatingExpenses": 7070000000,
    "costAndExpenses": 24293000000,
    "interestIncome": 0,
    "interestExpense": 1610000000,
    "depreciationAndAmortization": 5190000000,
    "ebitda": 12791000000,
    "ebitdaratio": 0.4176516685,
    "operatingIncome": 6333000000,
    "operatingIncomeRatio": 0.2067850846,
    "totalOtherIncomeExpensesNet": -342000000,
    "incomeBeforeTax": 5991000000,
    "incomeBeforeTaxRatio": 0.1956181023,
    "incomeTaxExpense": 1299000000,
    "netIncome": 4351000000,
    "netIncomeRatio": 0.1420688304,
    "eps": 0.61,
    "epsdiluted": 0.61,
    "weightedAverageShsOut": 7213000000,
    "weightedAverageShsOutDil": 7223000000,
    "link": "https://www.sec.gov/Archives/edgar/data/732717/000073271725000023/0000732717-25-000023-index.htm",
    "finalLink": "https://www.sec.gov/Archives/edgar/data/732717/000073271725000023/t-20250331.htm"
  },
  {
    "date": "2024-12-31",
    "symbol": "T",
    "reportedCurrency": "USD",
    "cik": "0000732717",
    "fillingDate": "2025-02-12",
    "acceptedDate": "2025-02-12 17:23:52",
    "calendarYear": "2024",
    "period": "Q4",
    "revenue": 32298000000,
    "costOfRevenue": 19569000000,
    "grossProfit": 12729000000,
    "grossProfitRatio": 0.3941110905,
    "researchAndDevelopmentExpenses": 955000000,
    "generalAndAdministrativeExpenses": 0,
    "sellingAndMarketingExpenses": 0,
    "sellingGeneralAndAdministrativeExpenses": 7380000000,
    "otherExpenses": -955000000,
    "operatingExpenses": 7380000000,
    "costAndExpenses": 26949000000,
    "interestIncome": 0,
    "interestExpense": 1658000000,
    "depreciationAndAmortization": 5374000000,
    "ebitda": 12340000000,
    "ebitdaratio": 0.3820670011,
    "operatingIncome": 5349000000,
    "operatingIncomeRatio": 0.1656139699,
    "totalOtherIncomeExpensesNet": -41000000,
    "incomeBeforeTax": 5308000000,
    "incomeBeforeTaxRatio": 0.1643445415,
    "incomeTaxExpense": 900000000,
    "netIncome": 4080000000,
    "netIncomeRatio": 0.1263236114,
    "eps": 0.56,
    "epsdiluted": 0.56,
    "weightedAverageShsOut": 7200500000,
    "weightedAverageShsOutDil": 7206000000,
    "link": "https://www.sec.gov/Archives/edgar/data/732717/000073271725000013/0000732717-25-000013-index.htm",
    "finalLink": "https://www.sec.gov/Archives/edgar/data/732717/000073271725000013/t-20241231.htm"
  },
  {
    "date": "2024-09-30",
    "symbol": "T",
    "reportedCurrency": "USD",
    "cik": "0000732717",
    "fillingDate": "2024-10-29",
    "acceptedDate": "2024-10-29 16:16:05",
    "calendarYear": "2024",
    "period": "Q3",
    "revenue": 30213000000,
    "costOfRevenue": 16717000000,
    "grossProfit": 13496000000,
    "grossProfitRatio": 0.4466951312,
    "researchAndDevelopmentExpenses": 0,
    "generalAndAdministrativeExpenses": 0,
    "sellingAndMarketingExpenses": 0,
    "sellingGeneralAndAdministrativeExpenses": 6919000000,
    "otherExpenses": 0,
    "operatingExpenses": 6919000000,
    "costAndExpenses": 23636000000,
    "interestIncome": 0,
    "interestExpense": 1660000000,
    "depreciationAndAmortization": 5087000000,
    "ebitda": 8177000000,
    "ebitdaratio": 0.2706450866,
    "operatingIncome": 6577000000,
    "operatingIncomeRatio": 0.2176877503,
    "totalOtherIncomeExpensesNet": -5147000000,
    "incomeBeforeTax": 1430000000,
    "incomeBeforeTaxRatio": 0.0473306193,
    "incomeTaxExpense": 1285000000,
    "netIncome": -174000000,
    "netIncomeRatio": -0.0057591103,
    "eps": -0.0314,
    "epsdiluted": -0.0314,
    "weightedAverageShsOut": 7202000000,
    "weightedAverageShsOutDil": 7208000000,
    "link": "https://www.sec.gov/Archives/edgar/data/732717/000073271724000059/0000732717-24-000059-index.htm",
    "finalLink": "https://www.sec.gov/Archives/edgar/data/732717/000073271724000059/t-20240930.htm"
  },
  {
    "date": "2024-06-30",
    "symbol": "T",
    "reportedCurrency": "USD",
    "cik": "0000732717",
    "fillingDate": "2024-07-25",
    "acceptedDate": "2024-07-25 16:07:10",
    "calendarYear": "2024",
    "period": "Q2",
    "revenue": 29797000000,
    "costOfRevenue": 16514000000,
    "grossProfit": 13283000000,
    "grossProfitRatio": 0.4457831325,
    "researchAndDevelopmentExpenses": 0,
    "generalAndAdministrativeExpenses": 0,
    "sellingAndMarketingExpenses": 0,
    "sellingGeneralAndAdministrativeExpenses": 6989000000,
    "otherExpenses": 0,
    "operatingExpenses": 6989000000,
    "costAndExpenses": 23503000000,
    "interestIncome": 0,
    "interestExpense": 1685000000,
    "depreciationAndAmortization": 5072000000,
    "ebitda": 11848000000,
    "ebitdaratio": 0.3976239219,
    "operatingIncome": 6294000000,
    "operatingIncomeRatio": 0.2112293184,
    "totalOtherIncomeExpensesNet": -1203000000,
    "incomeBeforeTax": 5091000000,
    "incomeBeforeTaxRatio": 0.1708561265,
    "incomeTaxExpense": 1142000000,
    "netIncome": 3597000000,
    "netIncomeRatio": 0.1207168507,
    "eps": 0.49,
    "epsdiluted": 0.49,
    "weightedAverageShsOut": 7196000000,
    "weightedAverageShsOutDil": 7198000000,
    "link": "https://www.sec.gov/Archives/edgar/data/732717/000073271724000053/0000732717-24-000053-index.htm",
    "finalLink": "https://www.sec.gov/Archives/edgar/data/732717/000073271724000053/t-20240630.htm"
  },
  {
    "date": "2024-03-31",
    "symbol": "T",
    "reportedCurrency": "USD",
    "cik": "0000732717",
    "fillingDate": "2024-05-02",
    "acceptedDate": "2024-05-01 19:20:53",
    "calendarYear": "2024",
    "period": "Q1",
    "revenue": 30028000000,
    "costOfRevenue": 17001000000,
    "grossProfit": 13027000000,
    "grossProfitRatio": 0.4338284268,
    "researchAndDevelopmentExpenses": 0,
    "generalAndAdministrativeExpenses": 0,
    "sellingAndMarketingExpenses": 0,
    "sellingGeneralAndAdministrativeExpenses": 6986000000,
    "otherExpenses": 0,
    "operatingExpenses": 6986000000,
    "costAndExpenses": 23987000000,
    "interestIncome": 0,
    "interestExpense": 1677000000,
    "depreciationAndAmortization": 5047000000,
    "ebitda": 11593000000,
    "ebitdaratio": 0.3860729985,
    "operatingIncome": 6041000000,
    "operatingIncomeRatio": 0.2011788997,
    "totalOtherIncomeExpensesNet": -1172000000,
    "incomeBeforeTax": 4869000000,
    "incomeBeforeTaxRatio": 0.1621486612,
    "incomeTaxExpense": 1118000000,
    "netIncome": 3445000000,
    "netIncomeRatio": 0.1147262555,
    "eps": 0.47,
    "epsdiluted": 0.47,
    "weightedAverageShsOut": 7192000000,
    "weightedAverageShsOutDil": 7193000000,
    "link": "https://www.sec.gov/Archives/edgar/data/732717/000073271724000022/0000732717-24-000022-index.htm",
    "finalLink": "https://www.sec.gov/Archives/edgar/data/732717/000073271724000022/t-20240331.htm"
  },
  {
    "date": "2023-12-31",
    "symbol": "T",
    "reportedCurrency": "USD",
    "cik": "0000732717",
    "fillingDate": "2024-02-23",
    "acceptedDate": "2024-02-23 16:45:20",
    "calendarYear": "2023",
    "period": "Q4",
    "revenue": 32022000000,
    "costOfRevenue": 18677000000,
    "grossProfit": 13345000000,
    "grossProfitRatio": 0.416744738,
    "researchAndDevelopmentExpenses": 954000000,
    "generalAndAdministrativeExpenses": 0,
    "sellingAndMarketingExpenses": 0,
    "sellingGeneralAndAdministrativeExpenses": 7456000000,
    "otherExpenses": -954000000,
    "operatingExpenses": 7456000000,
    "costAndExpenses": 26133000000,
    "interestIncome": 0,
    "interestExpense": 1726000000,
    "depreciationAndAmortization": 4766000000,
    "ebitda": 9428000000,
    "ebitdaratio": 0.2944225845,
    "operatingIncome": 5889000000,
    "operatingIncomeRatio": 0.1839048154,
    "totalOtherIncomeExpensesNet": -2953000000,
    "incomeBeforeTax": 2936000000,
    "incomeBeforeTaxRatio": 0.0916869652,
    "incomeTaxExpense": 354000000,
    "netIncome": 2188000000,
    "netIncomeRatio": 0.0683280245,
    "eps": 0.3,
    "epsdiluted": 0.3,
    "weightedAverageShsOut": 7190000000,
    "weightedAverageShsOutDil": 7191000000,
    "link": "https://www.sec.gov/Archives/edgar/data/732717/000073271724000009/0000732717-24-000009-index.htm",
    "finalLink": "https://www.sec.gov/Archives/edgar/data/732717/000073271724000009/t-20231231.htm"
  },
  {
    "date": "2023-09-30",
    "symbol": "T",
    "reportedCurrency": "USD",
    "cik": "0000732717",
    "fillingDate": "2023-10-31",
    "acceptedDate": "2023-10-31 14:00:14",
    "calendarYear": "2023",
    "period": "Q3",
    "revenue": 30350000000,
    "costOfRevenue": 16759000000,
    "grossProfit": 13591000000,
    "grossProfitRatio": 0.4478088962,
    "researchAndDevelopmentExpenses": 0,
    "generalAndAdministrativeExpenses": 0,
    "sellingAndMarketingExpenses": 0,
    "sellingGeneralAndAdministrativeExpenses": 7125000000,
    "otherExpenses": 0,
    "operatingExpenses": 7125000000,
    "costAndExpenses": 23884000000,
    "interestIncome": 0,
    "interestExpense": 1659000000,
    "depreciationAndAmortization": 4705000000,
    "ebitda": 11344000000,
    "ebitdaratio": 0.3737726524,
    "operatingIncome": 6466000000,
    "operatingIncomeRatio": 0.2130477759,
    "totalOtherIncomeExpensesNet": -1486000000,
    "incomeBeforeTax": 4980000000,
    "incomeBeforeTaxRatio": 0.1640856672,
    "incomeTaxExpense": 1154000000,
    "netIncome": 3495000000,
    "netIncomeRatio": 0.1151565074,
    "eps": 0.48,
    "epsdiluted": 0.48,
    "weightedAverageShsOut": 7185000000,
    "weightedAverageShsOutDil": 7185000000,
    "link": "https://www.sec.gov/Archives/edgar/data/732717/000073271723000057/0000732717-23-000057-index.htm",
    "finalLink": "https://www.sec.gov/Archives/edgar/data/732717/000073271723000057/t-20230930.htm"
  },
  {
    "date": "2023-06-30",
    "symbol": "T",
    "reportedCurrency": "USD",
    "cik": "0000732717",
    "fillingDate": "2023-07-27",
    "acceptedDate": "2023-07-27 16:31:38",
    "calendarYear": "2023",
    "period": "Q2",
    "revenue": 29917000000,
    "costOfRevenue": 16502000000,
    "grossProfit": 13415000000,
    "grossProfitRatio": 0.4484072601,
    "researchAndDevelopmentExpenses": 0,
    "generalAndAdministrativeExpenses": 0,
    "sellingAndMarketingExpenses": 0,
    "sellingGeneralAndAdministrativeExpenses": 7005000000,
    "otherExpenses": 0,
    "operatingExpenses": 7005000000,
    "costAndExpenses": 23507000000,
    "interestIncome": 0,
    "interestExpense": 1594000000,
    "depreciationAndAmortization": 4675000000,
    "ebitda": 12434000000,
    "ebitdaratio": 0.4156165391,
    "operatingIncome": 6410000000,
    "operatingIncomeRatio": 0.2142594511,
    "totalOtherIncomeExpensesNet": -245000000,
    "incomeBeforeTax": 6165000000,
    "incomeBeforeTaxRatio": 0.2060701274,
    "incomeTaxExpense": 1403000000,
    "netIncome": 4489000000,
    "netIncomeRatio": 0.1500484674,
    "eps": 0.61,
    "epsdiluted": 0.61,
    "weightedAverageShsOut": 7180000000,
    "weightedAverageShsOutDil": 7180000000,
    "link": "https://www.sec.gov/Archives/edgar/data/732717/000073271723000047/0000732717-23-000047-index.htm",
    "finalLink": "https://www.sec.gov/Archives/edgar/data/732717/000073271723000047/t-20230630.htm"
  },
  {
    "date": "2023-03-31",
    "symbol": "T",
    "reportedCurrency": "USD",
    "cik": "0000732717",
    "fillingDate": "2023-05-01",
    "acceptedDate": "2023-05-01 16:16:41",
    "calendarYear": "2023",
    "period": "Q1",
    "revenue": 30139000000,
    "costOfRevenue": 16962000000,
    "grossProfit": 13177000000,
    "grossProfitRatio": 0.4372076048,
    "researchAndDevelopmentExpenses": 0,
    "generalAndAdministrativeExpenses": 0,
    "sellingAndMarketingExpenses": 0,
    "sellingGeneralAndAdministrativeExpenses": 7174000000,
    "otherExpenses": 0,
    "operatingExpenses": 7174000000,
    "costAndExpenses": 24136000000,
    "interestIncome": 0,
    "interestExpense": 1705000000,
    "depreciationAndAmortization": 4631000000,
    "ebitda": 12103000000,
    "ebitdaratio": 0.4015727131,
    "operatingIncome": 6003000000,
    "operatingIncomeRatio": 0.1991771459,
    "totalOtherIncomeExpensesNet": -236000000,
    "incomeBeforeTax": 5767000000,
    "incomeBeforeTaxRatio": 0.19134676,
    "incomeTaxExpense": 1314000000,
    "netIncome": 4228000000,
    "netIncomeRatio": 0.1402833538,
    "eps": 0.58,
    "epsdiluted": 0.57,
    "weightedAverageShsOut": 7168000000,
    "weightedAverageShsOutDil": 7474000000,
    "link": "https://www.sec.gov/Archives/edgar/data/732717/000073271723000022/0000732717-23-000022-index.htm",
    "finalLink": "https://www.sec.gov/Archives/edgar/data/732717/000073271723000022/t-20230331.htm"
  },
  {
    "date": "2022-12-31",
    "symbol": "T",
    "reportedCurrency": "USD",
    "cik": "0000732717",
    "fillingDate": "2023-02-13",
    "acceptedDate": "2023-02-13 16:11:56",
    "calendarYear": "2022",
    "period": "Q4",
    "revenue": 31343000000,
    "costOfRevenue": 18166000000,
    "grossProfit": 13177000000,
    "grossProfitRatio": 0.4204128514,
    "researchAndDevelopmentExpenses": 0,
    "generalAndAdministrativeExpenses": 0,
    "sellingAndMarketingExpenses": 0,
    "sellingGeneralAndAdministrativeExpenses": 7432000000,
    "otherExpenses": 0,
    "operatingExpenses": 7432000000,
    "costAndExpenses": 25598000000,
    "interestIncome": 0,
    "interestExpense": 1642000000,
    "depreciationAndAmortization": 4595000000,
    "ebitda": -16960000000,
    "ebitdaratio": -0.5411096577,
    "operatingIncome": 5745000000,
    "operatingIncomeRatio": 0.1832945155,
    "totalOtherIncomeExpensesNet": -28942000000,
    "incomeBeforeTax": -23197000000,
    "incomeBeforeTaxRatio": -0.7401014581,
    "incomeTaxExpense": -77000000,
    "netIncome": -23517000000,
    "netIncomeRatio": -0.7503110742,
    "eps": -3.29,
    "epsdiluted": -3.12,
    "weightedAverageShsOut": 7157000000,
    "weightedAverageShsOutDil": 7533000000,
    "link": "https://www.sec.gov/Archives/edgar/data/732717/000073271723000011/0000732717-23-000011-index.htm",
    "finalLink": "https://www.sec.gov/Archives/edgar/data/732717/000073271723000011/t-20221231.htm"
  },
  {
    "date": "2022-09-30",
    "symbol": "T",
    "reportedCurrency": "USD",
    "cik": "0000732717",
    "fillingDate": "2022-11-03",
    "acceptedDate": "2022-11-03 16:04:50",
    "calendarYear": "2022",
    "period": "Q3",
    "revenue": 30043000000,
    "costOfRevenue": 16715000000,
    "grossProfit": 13328000000,
    "grossProfitRatio": 0.4436307959,
    "researchAndDevelopmentExpenses": 0,
    "generalAndAdministrativeExpenses": 0,
    "sellingAndMarketingExpenses": 0,
    "sellingGeneralAndAdministrativeExpenses": 7153000000,
    "otherExpenses": 0,
    "operatingExpenses": 7153000000,
    "costAndExpenses": 23868000000,
    "interestIncome": 0,
    "interestExpense": 1405000000,
    "depreciationAndAmortization": 4514000000,
    "ebitda": 13173000000,
    "ebitdaratio": 0.4384715241,
    "operatingIncome": 6175000000,
    "operatingIncomeRatio": 0.2055387278,
    "totalOtherIncomeExpensesNet": 1079000000,
    "incomeBeforeTax": 7254000000,
    "incomeBeforeTaxRatio": 0.2414539161,
    "incomeTaxExpense": 908000000,
    "netIncome": 6026000000,
    "netIncomeRatio": 0.2005791699,
    "eps": 0.83,
    "epsdiluted": 0.8,
    "weightedAverageShsOut": 7153000000,
    "weightedAverageShsOutDil": 7647000000,
    "link": "https://www.sec.gov/Archives/edgar/data/732717/000073271722000102/0000732717-22-000102-index.htm",
    "finalLink": "https://www.sec.gov/Archives/edgar/data/732717/000073271722000102/t-20220930.htm"
  },
  {
    "date": "2022-06-30",
    "symbol": "T",
    "reportedCurrency": "USD",
    "cik": "0000732717",
    "fillingDate": "2022-08-04",
    "acceptedDate": "2022-08-04 17:13:40",
    "calendarYear": "2022",
    "period": "Q2",
    "revenue": 29643000000,
    "costOfRevenue": 16791000000,
    "grossProfit": 12852000000,
    "grossProfitRatio": 0.4335593563,
    "researchAndDevelopmentExpenses": 0,
    "generalAndAdministrativeExpenses": 0,
    "sellingAndMarketingExpenses": 0,
    "sellingGeneralAndAdministrativeExpenses": 7095000000,
    "otherExpenses": 0,
    "operatingExpenses": 7095000000,
    "costAndExpenses": 23886000000,
    "interestIncome": 0,
    "interestExpense": 1486000000,
    "depreciationAndAmortization": 4450000000,
    "ebitda": 12196000000,
    "ebitdaratio": 0.4114293425,
    "operatingIncome": 5757000000,
    "operatingIncomeRatio": 0.1942111122,
    "totalOtherIncomeExpensesNet": 503000000,
    "incomeBeforeTax": 6260000000,
    "incomeBeforeTaxRatio": 0.2111797052,
    "incomeTaxExpense": 1509000000,
    "netIncome": 4157000000,
    "netIncomeRatio": 0.1402354687,
    "eps": 0.57,
    "epsdiluted": 0.56,
    "weightedAverageShsOut": 7169000000,
    "weightedAverageShsOutDil": 7611000000,
    "link": "https://www.sec.gov/Archives/edgar/data/732717/000073271722000093/0000732717-22-000093-index.htm",
    "finalLink": "https://www.sec.gov/Archives/edgar/data/732717/000073271722000093/t-20220630.htm"
  },
  {
    "date": "2022-03-31",
    "symbol": "T",
    "reportedCurrency": "USD",
    "cik": "0000732717",
    "fillingDate": "2022-05-03",
    "acceptedDate": "2022-05-03 16:05:18",
    "calendarYear": "2022",
    "period": "Q1",
    "revenue": 29712000000,
    "costOfRevenue": 17197000000,
    "grossProfit": 12515000000,
    "grossProfitRatio": 0.4212102854,
    "researchAndDevelopmentExpenses": 0,
    "generalAndAdministrativeExpenses": 0,
    "sellingAndMarketingExpenses": 0,
    "sellingGeneralAndAdministrativeExpenses": 6883000000,
    "otherExpenses": 0,
    "operatingExpenses": 6883000000,
    "costAndExpenses": 24080000000,
    "interestIncome": 0,
    "interestExpense": 1621000000,
    "depreciationAndAmortization": 4462000000,
    "ebitda": 12672000000,
    "ebitdaratio": 0.4264943457,
    "operatingIncome": 5632000000,
    "operatingIncomeRatio": 0.1895530425,
    "totalOtherIncomeExpensesNet": 957000000,
    "incomeBeforeTax": 6589000000,
    "incomeBeforeTaxRatio": 0.2217622509,
    "incomeTaxExpense": 1440000000,
    "netIncome": 4810000000,
    "netIncomeRatio": 0.1618874529,
    "eps": 0.66,
    "epsdiluted": 0.65,
    "weightedAverageShsOut": 7184000000,
    "weightedAverageShsOutDil": 7556000000,
    "link": "https://www.sec.gov/Archives/edgar/data/732717/000073271722000042/0000732717-22-000042-index.htm",
    "finalLink": "https://www.sec.gov/Archives/edgar/data/732717/000073271722000042/t-20220331.htm"
  },
  {
    "date": "2021-12-31",
    "symbol": "T",
    "reportedCurrency": "USD",
    "cik": "0000732717",
    "fillingDate": "2022-02-16",
    "acceptedDate": "2022-02-16 06:29:38",
    "calendarYear": "2021",
    "period": "Q4",
    "revenue": 31095000000,
    "costOfRevenue": 18725000000,
    "grossProfit": 12370000000,
    "grossProfitRatio": 0.3978131532,
    "researchAndDevelopmentExpenses": 0,
    "generalAndAdministrativeExpenses": 0,
    "sellingAndMarketingExpenses": 0,
    "sellingGeneralAndAdministrativeExpenses": 7385000000,
    "otherExpenses": 0,
    "operatingExpenses": 7385000000,
    "costAndExpenses": 26110000000,
    "interestIncome": 0,
    "interestExpense": 1536000000,
    "depreciationAndAmortization": 4500000000,
    "ebitda": 12192000000,
    "ebitdaratio": 0.3920887603,
    "operatingIncome": 4985000000,
    "operatingIncomeRatio": 0.1603151632,
    "totalOtherIncomeExpensesNet": 1156000000,
    "incomeBeforeTax": 6141000000,
    "incomeBeforeTaxRatio": 0.1974915581,
    "incomeTaxExpense": 939000000,
    "netIncome": 5043000000,
    "netIncomeRatio": 0.1621804149,
    "eps": 0.69,
    "epsdiluted": 0.69,
    "weightedAverageShsOut": 7172000000,
    "weightedAverageShsOutDil": 7204000000,
    "link": "https://www.sec.gov/Archives/edgar/data/732717/000073271722000015/0000732717-22-000015-index.htm",
    "finalLink": "https://www.sec.gov/Archives/edgar/data/732717/000073271722000015/t-20211231.htm"
  },
  {
    "date": "2021-09-30",
    "symbol": "T",
    "reportedCurrency": "USD",
    "cik": "0000732717",
    "fillingDate": "2021-11-04",
    "acceptedDate": "2021-11-04 16:07:09",
    "calendarYear": "2021",
    "period": "Q3",
    "revenue": 31326000000,
    "costOfRevenue": 17890000000,
    "grossProfit": 13436000000,
    "grossProfitRatio": 0.4289088936,
    "researchAndDevelopmentExpenses": 0,
    "generalAndAdministrativeExpenses": 0,
    "sellingAndMarketingExpenses": 0,
    "sellingGeneralAndAdministrativeExpenses": 7117000000,
    "otherExpenses": 0,
    "operatingExpenses": 7117000000,
    "costAndExpenses": 25007000000,
    "interestIncome": 0,
    "interestExpense": 1605000000,
    "depreciationAndAmortization": 4457000000,
    "ebitda": 12377000000,
    "ebitdaratio": 0.3951031092,
    "operatingIncome": 6319000000,
    "operatingIncomeRatio": 0.2017174232,
    "totalOtherIncomeExpensesNet": -4000000,
    "incomeBeforeTax": 6315000000,
    "incomeBeforeTaxRatio": 0.2015897338,
    "incomeTaxExpense": 1296000000,
    "netIncome": 5918000000,
    "netIncomeRatio": 0.1889165549,
    "eps": 0.82,
    "epsdiluted": 0.8,
    "weightedAverageShsOut": 7171000000,
    "weightedAverageShsOutDil": 7506000000,
    "link": "https://www.sec.gov/Archives/edgar/data/732717/000073271721000080/0000732717-21-000080-index.htm",
    "finalLink": "https://www.sec.gov/Archives/edgar/data/732717/000073271721000080/t-20210930.htm"
  },
  {
    "date": "2021-06-30",
    "symbol": "T",
    "reportedCurrency": "USD",
    "cik": "0000732717",
    "fillingDate": "2021-08-05",
    "acceptedDate": "2021-08-05 16:09:44",
    "calendarYear": "2021",
    "period": "Q2",
    "revenue": 35740000000,
    "costOfRevenue": 20587000000,
    "grossProfit": 15153000000,
    "grossProfitRatio": 0.4239787353,
    "researchAndDevelopmentExpenses": 0,
    "generalAndAdministrativeExpenses": 0,
    "sellingAndMarketingExpenses": 0,
    "sellingGeneralAndAdministrativeExpenses": 7605000000,
    "otherExpenses": 0,
    "operatingExpenses": 7605000000,
    "costAndExpenses": 28192000000,
    "interestIncome": 0,
    "interestExpense": 1640000000,
    "depreciationAndAmortization": 4429000000,
    "ebitda": 13202000000,
    "ebitdaratio": 0.3693900392,
    "operatingIncome": 7548000000,
    "operatingIncomeRatio": 0.2111919418,
    "totalOtherIncomeExpensesNet": -428000000,
    "incomeBeforeTax": 7120000000,
    "incomeBeforeTaxRatio": 0.1992165641,
    "incomeTaxExpense": 1151000000,
    "netIncome": 1570000000,
    "netIncomeRatio": 0.0439283716,
    "eps": 0.23,
    "epsdiluted": 0.22,
    "weightedAverageShsOut": 7168000000,
    "weightedAverageShsOutDil": 7484000000,
    "link": "https://www.sec.gov/Archives/edgar/data/732717/000073271721000067/0000732717-21-000067-index.htm",
    "finalLink": "https://www.sec.gov/Archives/edgar/data/732717/000073271721000067/t-20210630.htm"
  },
  {
    "date": "2021-03-31",
    "symbol": "T",
    "reportedCurrency": "USD",
    "cik": "0000732717",
    "fillingDate": "2021-05-06",
    "acceptedDate": "2021-05-06 16:28:02",
    "calendarYear": "2021",
    "period": "Q1",
    "revenue": 43939000000,
    "costOfRevenue": 26896000000,
    "grossProfit": 17043000000,
    "grossProfitRatio": 0.3878786499,
    "researchAndDevelopmentExpenses": 0,
    "generalAndAdministrativeExpenses": 0,
    "sellingAndMarketingExpenses": 0,
    "sellingGeneralAndAdministrativeExpenses": 9365000000,
    "otherExpenses": 0,
    "operatingExpenses": 9365000000,
    "costAndExpenses": 36261000000,
    "interestIncome": 0,
    "interestExpense": 1845000000,
    "depreciationAndAmortization": 5809000000,
    "ebitda": 17718000000,
    "ebitdaratio": 0.4032408566,
    "operatingIncome": 7678000000,
    "operatingIncomeRatio": 0.1747422563,
    "totalOtherIncomeExpensesNet": 2386000000,
    "incomeBeforeTax": 10064000000,
    "incomeBeforeTaxRatio": 0.2290448121,
    "incomeTaxExpense": 2122000000,
    "netIncome": 7550000000,
    "netIncomeRatio": 0.1718291267,
    "eps": 1.04,
    "epsdiluted": 1.02,
    "weightedAverageShsOut": 7161000000,
    "weightedAverageShsOutDil": 7482000000,
    "link": "https://www.sec.gov/Archives/edgar/data/732717/000073271721000030/0000732717-21-000030-index.htm",
    "finalLink": "https://www.sec.gov/Archives/edgar/data/732717/000073271721000030/t-20210331.htm"
  },
  {
    "date": "2020-12-31",
    "symbol": "T",
    "reportedCurrency": "USD",
    "cik": "0000732717",
    "fillingDate": "2021-02-25",
    "acceptedDate": "2021-02-25 16:19:43",
    "calendarYear": "2020",
    "period": "Q4",
    "revenue": 45691000000,
    "costOfRevenue": 29889000000,
    "grossProfit": 15802000000,
    "grossProfitRatio": 0.3458449148,
    "researchAndDevelopmentExpenses": 0,
    "generalAndAdministrativeExpenses": 0,
    "sellingAndMarketingExpenses": 0,
    "sellingGeneralAndAdministrativeExpenses": 10166000000,
    "otherExpenses": 0,
    "operatingExpenses": 10166000000,
    "costAndExpenses": 40055000000,
    "interestIncome": 0,
    "interestExpense": 1894000000,
    "depreciationAndAmortization": 6979000000,
    "ebitda": -6680000000,
    "ebitdaratio": -0.1461994704,
    "operatingIncome": 5636000000,
    "operatingIncomeRatio": 0.1233503316,
    "totalOtherIncomeExpensesNet": -21189000000,
    "incomeBeforeTax": -15553000000,
    "incomeBeforeTaxRatio": -0.3403952638,
    "incomeTaxExpense": -2038000000,
    "netIncome": -13883000000,
    "netIncomeRatio": -0.3038453962,
    "eps": -1.94,
    "epsdiluted": -1.93,
    "weightedAverageShsOut": 7150000000,
    "weightedAverageShsOutDil": 7176000000,
    "link": "https://www.sec.gov/Archives/edgar/data/732717/000073271721000012/0000732717-21-000012-index.htm",
    "finalLink": "https://www.sec.gov/Archives/edgar/data/732717/000073271721000012/t-20201231.htm"
  },
  {
    "date": "2020-09-30",
    "symbol": "T",
    "reportedCurrency": "USD",
    "cik": "0000732717",
    "fillingDate": "2020-11-05",
    "acceptedDate": "2020-11-05 16:29:49",
    "calendarYear": "2020",
    "period": "Q3",
    "revenue": 42340000000,
    "costOfRevenue": 26869000000,
    "grossProfit": 15471000000,
    "grossProfitRatio": 0.3653991497,
    "researchAndDevelopmentExpenses": 0,
    "generalAndAdministrativeExpenses": 0,
    "sellingAndMarketingExpenses": 0,
    "sellingGeneralAndAdministrativeExpenses": 9228000000,
    "otherExpenses": 0,
    "operatingExpenses": 9228000000,
    "costAndExpenses": 36097000000,
    "interestIncome": 0,
    "interestExpense": 1972000000,
    "depreciationAndAmortization": 7030000000,
    "ebitda": 12936000000,
    "ebitdaratio": 0.3055266887,
    "operatingIncome": 6243000000,
    "operatingIncomeRatio": 0.1474492206,
    "totalOtherIncomeExpensesNet": -2309000000,
    "incomeBeforeTax": 3934000000,
    "incomeBeforeTaxRatio": 0.0929145017,
    "incomeTaxExpense": 766000000,
    "netIncome": 2816000000,
    "netIncomeRatio": 0.0665092111,
    "eps": 0.39,
    "epsdiluted": 0.39,
    "weightedAverageShsOut": 7147000000,
    "weightedAverageShsOutDil": 7173000000,
    "link": "https://www.sec.gov/Archives/edgar/data/732717/000073271720000056/0000732717-20-000056-index.htm",
    "finalLink": "https://www.sec.gov/Archives/edgar/data/732717/000073271720000056/t-20200930.htm"
  },
  {
    "date": "2020-06-30",
    "symbol": "T",
    "reportedCurrency": "USD",
    "cik": "0000732717",
    "fillingDate": "2020-08-05",
    "acceptedDate": "2020-08-05 16:36:43",
    "calendarYear": "2020",
    "period": "Q2",
    "revenue": 40950000000,
    "costOfRevenue": 25268000000,
    "grossProfit": 15682000000,
    "grossProfitRatio": 0.382954823,
    "researchAndDevelopmentExpenses": 0,
    "generalAndAdministrativeExpenses": 0,
    "sellingAndMarketingExpenses": 0,
    "sellingGeneralAndAdministrativeExpenses": 9624000000,
    "otherExpenses": 0,
    "operatingExpenses": 9624000000,
    "costAndExpenses": 34892000000,
    "interestIncome": 0,
    "interestExpense": 2023000000,
    "depreciationAndAmortization": 7285000000,
    "ebitda": 11806000000,
    "ebitdaratio": 0.2883028083,
    "operatingIncome": 6058000000,
    "operatingIncomeRatio": 0.1479365079,
    "totalOtherIncomeExpensesNet": -3560000000,
    "incomeBeforeTax": 2498000000,
    "incomeBeforeTaxRatio": 0.061001221,
    "incomeTaxExpense": 935000000,
    "netIncome": 1281000000,
    "netIncomeRatio": 0.0312820513,
    "eps": 0.17,
    "epsdiluted": 0.17,
    "weightedAverageShsOut": 7145000000,
    "weightedAverageShsOutDil": 7170000000,
    "link": "https://www.sec.gov/Archives/edgar/data/732717/000156276220000279/0001562762-20-000279-index.htm",
    "finalLink": "https://www.sec.gov/Archives/edgar/data/732717/000156276220000279/T2q2010q.htm"
  },
  {
    "date": "2020-03-31",
    "symbol": "T",
    "reportedCurrency": "USD",
    "cik": "0000732717",
    "fillingDate": "2020-05-06",
    "acceptedDate": "2020-05-06 16:08:09",
    "calendarYear": "2020",
    "period": "Q1",
    "revenue": 42779000000,
    "costOfRevenue": 26503000000,
    "grossProfit": 16276000000,
    "grossProfitRatio": 0.3804670516,
    "researchAndDevelopmentExpenses": 0,
    "generalAndAdministrativeExpenses": 0,
    "sellingAndMarketingExpenses": 0,
    "sellingGeneralAndAdministrativeExpenses": 8619000000,
    "otherExpenses": 0,
    "operatingExpenses": 8619000000,
    "costAndExpenses": 35122000000,
    "interestIncome": 0,
    "interestExpense": 2034000000,
    "depreciationAndAmortization": 7222000000,
    "ebitda": 15521000000,
    "ebitdaratio": 0.3628182052,
    "operatingIncome": 7657000000,
    "operatingIncomeRatio": 0.1789896912,
    "totalOtherIncomeExpensesNet": -1392000000,
    "incomeBeforeTax": 6265000000,
    "incomeBeforeTaxRatio": 0.1464503612,
    "incomeTaxExpense": 1302000000,
    "netIncome": 4610000000,
    "netIncomeRatio": 0.1077631548,
    "eps": 0.63,
    "epsdiluted": 0.63,
    "weightedAverageShsOut": 7187000000,
    "weightedAverageShsOutDil": 7214000000,
    "link": "https://www.sec.gov/Archives/edgar/data/732717/000156276220000171/0001562762-20-000171-index.htm",
    "finalLink": "https://www.sec.gov/Archives/edgar/data/732717/000156276220000171/t-20200331.htm"
  },
  {
    "date": "2019-12-31",
    "symbol": "T",
    "reportedCurrency": "USD",
    "cik": "0000732717",
    "fillingDate": "2020-02-20",
    "acceptedDate": "2020-02-19 21:42:50",
    "calendarYear": "2019",
    "period": "Q4",
    "revenue": 46821000000,
    "costOfRevenue": 29697000000,
    "grossProfit": 17196000000,
    "grossProfitRatio": 0.3672710963,
    "researchAndDevelopmentExpenses": 0,
    "generalAndAdministrativeExpenses": 0,
    "sellingAndMarketingExpenses": 0,
    "sellingGeneralAndAdministrativeExpenses": 10069000000,
    "otherExpenses": 0,
    "operatingExpenses": 10069000000,
    "costAndExpenses": 39766000000,
    "interestIncome": 0,
    "interestExpense": 2078000000,
    "depreciationAndAmortization": 6961000000,
    "ebitda": 12177000000,
    "ebitdaratio": 0.2600756071,
    "operatingIncome": 7127000000,
    "operatingIncomeRatio": 0.1522180218,
    "totalOtherIncomeExpensesNet": -3989000000,
    "incomeBeforeTax": 3138000000,
    "incomeBeforeTaxRatio": 0.0670212084,
    "incomeTaxExpense": 434000000,
    "netIncome": 2394000000,
    "netIncomeRatio": 0.0511309028,
    "eps": 0.33,
    "epsdiluted": 0.33,
    "weightedAverageShsOut": 7312000000,
    "weightedAverageShsOutDil": 7341000000,
    "link": "https://www.sec.gov/Archives/edgar/data/732717/000156276220000064/0001562762-20-000064-index.htm",
    "finalLink": "https://www.sec.gov/Archives/edgar/data/732717/000156276220000064/t-20191231.htm"
  },
  {
    "date": "2019-09-30",
    "symbol": "T",
    "reportedCurrency": "USD",
    "cik": "0000732717",
    "fillingDate": "2019-11-05",
    "acceptedDate": "2019-11-04 17:58:10",
    "calendarYear": "2019",
    "period": "Q3",
    "revenue": 44588000000,
    "costOfRevenue": 27103000000,
    "grossProfit": 17485000000,
    "grossProfitRatio": 0.3921458688,
    "researchAndDevelopmentExpenses": 0,
    "generalAndAdministrativeExpenses": 0,
    "sellingAndMarketingExpenses": 0,
    "sellingGeneralAndAdministrativeExpenses": 9403000000,
    "otherExpenses": 0,
    "operatingExpenses": 9403000000,
    "costAndExpenses": 36506000000,
    "interestIncome": 0,
    "interestExpense": 2068000000,
    "depreciationAndAmortization": 6949000000,
    "ebitda": 13903000000,
    "ebitdaratio": 0.3118103526,
    "operatingIncome": 8082000000,
    "operatingIncomeRatio": 0.1812595317,
    "totalOtherIncomeExpensesNet": -3196000000,
    "incomeBeforeTax": 4886000000,
    "incomeBeforeTaxRatio": 0.1095810532,
    "incomeTaxExpense": 937000000,
    "netIncome": 3700000000,
    "netIncomeRatio": 0.0829819682,
    "eps": 0.5,
    "epsdiluted": 0.5,
    "weightedAverageShsOut": 7327000000,
    "weightedAverageShsOutDil": 7356000000,
    "link": "https://www.sec.gov/Archives/edgar/data/732717/000073271719000056/0000732717-19-000056-index.htm",
    "finalLink": "https://www.sec.gov/Archives/edgar/data/732717/000073271719000056/t-20190930.htm"
  },
  {
    "date": "2019-06-30",
    "symbol": "T",
    "reportedCurrency": "USD",
    "cik": "0000732717",
    "fillingDate": "2019-08-05",
    "acceptedDate": "2019-08-05 17:25:31",
    "calendarYear": "2019",
    "period": "Q2",
    "revenue": 44957000000,
    "costOfRevenue": 27613000000,
    "grossProfit": 17344000000,
    "grossProfitRatio": 0.3857908668,
    "researchAndDevelopmentExpenses": 0,
    "generalAndAdministrativeExpenses": 0,
    "sellingAndMarketingExpenses": 0,
    "sellingGeneralAndAdministrativeExpenses": 9508000000,
    "otherExpenses": 0,
    "operatingExpenses": 9508000000,
    "costAndExpenses": 37121000000,
    "interestIncome": 0,
    "interestExpense": 2133000000,
    "depreciationAndAmortization": 7101000000,
    "ebitda": 14307000000,
    "ebitdaratio": 0.3182374269,
    "operatingIncome": 7836000000,
    "operatingIncomeRatio": 0.1742998866,
    "totalOtherIncomeExpensesNet": -2763000000,
    "incomeBeforeTax": 5073000000,
    "incomeBeforeTaxRatio": 0.1128411593,
    "incomeTaxExpense": 1099000000,
    "netIncome": 3713000000,
    "netIncomeRatio": 0.0825900305,
    "eps": 0.51,
    "epsdiluted": 0.51,
    "weightedAverageShsOut": 7323000000,
    "weightedAverageShsOutDil": 7353000000,
    "link": "https://www.sec.gov/Archives/edgar/data/732717/000156276219000164/0001562762-19-000164-index.htm",
    "finalLink": "https://www.sec.gov/Archives/edgar/data/732717/000156276219000164/t-20190630.htm"
  },
  {
    "date": "2019-03-31",
    "symbol": "T",
    "reportedCurrency": "USD",
    "cik": "0000732717",
    "fillingDate": "2019-05-06",
    "acceptedDate": "2019-05-06 16:31:44",
    "calendarYear": "2019",
    "period": "Q1",
    "revenue": 44827000000,
    "costOfRevenue": 27945000000,
    "grossProfit": 16882000000,
    "grossProfitRatio": 0.3766033864,
    "researchAndDevelopmentExpenses": 0,
    "generalAndAdministrativeExpenses": 0,
    "sellingAndMarketingExpenses": 0,
    "sellingGeneralAndAdministrativeExpenses": 9550000000,
    "otherExpenses": 0,
    "operatingExpenses": 9550000000,
    "costAndExpenses": 37495000000,
    "interestIncome": 0,
    "interestExpense": 2125000000,
    "depreciationAndAmortization": 7206000000,
    "ebitda": 14702000000,
    "ebitdaratio": 0.3279719812,
    "operatingIncome": 7332000000,
    "operatingIncomeRatio": 0.1635621389,
    "totalOtherIncomeExpensesNet": -1961000000,
    "incomeBeforeTax": 5371000000,
    "incomeBeforeTaxRatio": 0.1198161822,
    "incomeTaxExpense": 1023000000,
    "netIncome": 4096000000,
    "netIncomeRatio": 0.0913735026,
    "eps": 0.56,
    "epsdiluted": 0.56,
    "weightedAverageShsOut": 7313000000,
    "weightedAverageShsOutDil": 7342000000,
    "link": "https://www.sec.gov/Archives/edgar/data/732717/000073271719000018/0000732717-19-000018-index.htm",
    "finalLink": "https://www.sec.gov/Archives/edgar/data/732717/000073271719000018/1q_10q.htm"
  },
  {
    "date": "2018-12-31",
    "symbol": "T",
    "reportedCurrency": "USD",
    "cik": "0000732717",
    "fillingDate": "2019-02-20",
    "acceptedDate": "2019-02-20 17:21:51",
    "calendarYear": "2018",
    "period": "Q4",
    "revenue": 47993000000,
    "costOfRevenue": 31201000000,
    "grossProfit": 16841000000,
    "grossProfitRatio": 0.3509053404,
    "researchAndDevelopmentExpenses": 0,
    "generalAndAdministrativeExpenses": 0,
    "sellingAndMarketingExpenses": 0,
    "sellingGeneralAndAdministrativeExpenses": 10150000000,
    "otherExpenses": 0,
    "operatingExpenses": 10150000000,
    "costAndExpenses": 41351000000,
    "interestIncome": 0,
    "interestExpense": 2076000000,
    "depreciationAndAmortization": 7892000000,
    "ebitda": 15713000000,
    "ebitdaratio": 0.3274019128,
    "operatingIncome": 6691000000,
    "operatingIncomeRatio": 0.1394161649,
    "totalOtherIncomeExpensesNet": -946000000,
    "incomeBeforeTax": 5745000000,
    "incomeBeforeTaxRatio": 0.119704957,
    "incomeTaxExpense": 615000000,
    "netIncome": 4858000000,
    "netIncomeRatio": 0.101223095,
    "eps": 0.66,
    "epsdiluted": 0.66,
    "weightedAverageShsOut": 7296000000,
    "weightedAverageShsOutDil": 7328000000,
    "link": "https://www.sec.gov/Archives/edgar/data/732717/000119312519045608/0001193125-19-045608-index.htm",
    "finalLink": "https://www.sec.gov/Archives/edgar/data/732717/000119312519045608/d705958d10k.htm"
  },
  {
    "date": "2018-09-30",
    "symbol": "T",
    "reportedCurrency": "USD",
    "cik": "0000732717",
    "fillingDate": "2018-11-02",
    "acceptedDate": "2018-11-02 16:03:05",
    "calendarYear": "2018",
    "period": "Q3",
    "revenue": 45739000000,
    "costOfRevenue": 28872000000,
    "grossProfit": 16867000000,
    "grossProfitRatio": 0.3687662607,
    "researchAndDevelopmentExpenses": 0,
    "generalAndAdministrativeExpenses": 0,
    "sellingAndMarketingExpenses": 0,
    "sellingGeneralAndAdministrativeExpenses": 9236000000,
    "otherExpenses": 0,
    "operatingExpenses": 9236000000,
    "costAndExpenses": 38108000000,
    "interestIncome": 0,
    "interestExpense": 2063000000,
    "depreciationAndAmortization": 8166000000,
    "ebitda": 16436000000,
    "ebitdaratio": 0.3593432301,
    "operatingIncome": 7631000000,
    "operatingIncomeRatio": 0.1668379282,
    "totalOtherIncomeExpensesNet": -1424000000,
    "incomeBeforeTax": 6207000000,
    "incomeBeforeTaxRatio": 0.1357047596,
    "incomeTaxExpense": 1391000000,
    "netIncome": 4718000000,
    "netIncomeRatio": 0.1031504843,
    "eps": 0.65,
    "epsdiluted": 0.65,
    "weightedAverageShsOut": 7284000000,
    "weightedAverageShsOutDil": 7320000000,
    "link": "https://www.sec.gov/Archives/edgar/data/732717/000073271718000090/0000732717-18-000090-index.htm",
    "finalLink": "https://www.sec.gov/Archives/edgar/data/732717/000073271718000090/q3_10q.htm"
  },
  {
    "date": "2018-06-30",
    "symbol": "T",
    "reportedCurrency": "USD",
    "cik": "0000732717",
    "fillingDate": "2018-08-02",
    "acceptedDate": "2018-08-02 17:15:30",
    "calendarYear": "2018",
    "period": "Q2",
    "revenue": 38986000000,
    "costOfRevenue": 23836000000,
    "grossProfit": 15150000000,
    "grossProfitRatio": 0.3886010363,
    "researchAndDevelopmentExpenses": 0,
    "generalAndAdministrativeExpenses": 0,
    "sellingAndMarketingExpenses": 0,
    "sellingGeneralAndAdministrativeExpenses": 8451000000,
    "otherExpenses": 0,
    "operatingExpenses": 8451000000,
    "costAndExpenses": 32287000000,
    "interestIncome": 0,
    "interestExpense": 2034000000,
    "depreciationAndAmortization": 6378000000,
    "ebitda": 15192000000,
    "ebitdaratio": 0.3896783461,
    "operatingIncome": 6699000000,
    "operatingIncomeRatio": 0.1718309137,
    "totalOtherIncomeExpensesNet": 81000000,
    "incomeBeforeTax": 6780000000,
    "incomeBeforeTaxRatio": 0.1739085826,
    "incomeTaxExpense": 1532000000,
    "netIncome": 5132000000,
    "netIncomeRatio": 0.1316369979,
    "eps": 0.81,
    "epsdiluted": 0.81,
    "weightedAverageShsOut": 6351000000,
    "weightedAverageShsOutDil": 6374000000,
    "link": "https://www.sec.gov/Archives/edgar/data/732717/000119312518236782/0001193125-18-236782-index.htm",
    "finalLink": "https://www.sec.gov/Archives/edgar/data/732717/000119312518236782/d592180d10q.htm"
  },
  {
    "date": "2018-03-31",
    "symbol": "T",
    "reportedCurrency": "USD",
    "cik": "0000732717",
    "fillingDate": "2018-05-03",
    "acceptedDate": "2018-05-03 17:28:29",
    "calendarYear": "2018",
    "period": "Q1",
    "revenue": 38038000000,
    "costOfRevenue": 23940000000,
    "grossProfit": 14098000000,
    "grossProfitRatio": 0.3706293706,
    "researchAndDevelopmentExpenses": 0,
    "generalAndAdministrativeExpenses": 0,
    "sellingAndMarketingExpenses": 0,
    "sellingGeneralAndAdministrativeExpenses": 7830000000,
    "otherExpenses": 0,
    "operatingExpenses": 7830000000,
    "costAndExpenses": 31770000000,
    "interestIncome": 0,
    "interestExpense": 1783000000,
    "depreciationAndAmortization": 5994000000,
    "ebitda": 13918000000,
    "ebitdaratio": 0.3658972606,
    "operatingIncome": 6268000000,
    "operatingIncomeRatio": 0.1647825858,
    "totalOtherIncomeExpensesNet": -127000000,
    "incomeBeforeTax": 6141000000,
    "incomeBeforeTaxRatio": 0.1614438193,
    "incomeTaxExpense": 1382000000,
    "netIncome": 4662000000,
    "netIncomeRatio": 0.1225616489,
    "eps": 0.75,
    "epsdiluted": 0.75,
    "weightedAverageShsOut": 6161000000,
    "weightedAverageShsOutDil": 6180000000,
    "link": "https://www.sec.gov/Archives/edgar/data/732717/000073271718000024/0000732717-18-000024-index.htm",
    "finalLink": "https://www.sec.gov/Archives/edgar/data/732717/000073271718000024/q1_10q.htm"
  },
  {
    "date": "2017-12-31",
    "symbol": "T",
    "reportedCurrency": "USD",
    "cik": "0000732717",
    "fillingDate": "2018-02-20",
    "acceptedDate": "2018-02-20 16:15:55",
    "calendarYear": "2017",
    "period": "Q4",
    "revenue": 41676000000,
    "costOfRevenue": 27997000000,
    "grossProfit": 13679000000,
    "grossProfitRatio": 0.3282224782,
    "researchAndDevelopmentExpenses": 0,
    "generalAndAdministrativeExpenses": 0,
    "sellingAndMarketingExpenses": 0,
    "sellingGeneralAndAdministrativeExpenses": 9349000000,
    "otherExpenses": 0,
    "operatingExpenses": 9349000000,
    "costAndExpenses": 37346000000,
    "interestIncome": 0,
    "interestExpense": 1920000000,
    "depreciationAndAmortization": 6071000000,
    "ebitda": 6708000000,
    "ebitdaratio": 0.1609559459,
    "operatingIncome": 4330000000,
    "operatingIncomeRatio": 0.1038967271,
    "totalOtherIncomeExpensesNet": -5613000000,
    "incomeBeforeTax": -1283000000,
    "incomeBeforeTaxRatio": -0.0307851041,
    "incomeTaxExpense": -20419000000,
    "netIncome": 19037000000,
    "netIncomeRatio": 0.45678568,
    "eps": 3.08,
    "epsdiluted": 3.08,
    "weightedAverageShsOut": 6163000000,
    "weightedAverageShsOutDil": 6182000000,
    "link": "https://www.sec.gov/Archives/edgar/data/732717/000073271718000009/0000732717-18-000009-index.htm",
    "finalLink": "https://www.sec.gov/Archives/edgar/data/732717/000073271718000009/ye17_10k.htm"
  },
  {
    "date": "2017-09-30",
    "symbol": "T",
    "reportedCurrency": "USD",
    "cik": "0000732717",
    "fillingDate": "2017-11-03",
    "acceptedDate": "2017-11-03 16:59:55",
    "calendarYear": "2017",
    "period": "Q3",
    "revenue": 39668000000,
    "costOfRevenue": 25211000000,
    "grossProfit": 14457000000,
    "grossProfitRatio": 0.3644499345,
    "researchAndDevelopmentExpenses": 0,
    "generalAndAdministrativeExpenses": 0,
    "sellingAndMarketingExpenses": 0,
    "sellingGeneralAndAdministrativeExpenses": 8576000000,
    "otherExpenses": 0,
    "operatingExpenses": 8576000000,
    "costAndExpenses": 33787000000,
    "interestIncome": 0,
    "interestExpense": 1696000000,
    "depreciationAndAmortization": 6042000000,
    "ebitda": 12712000000,
    "ebitdaratio": 0.3204598165,
    "operatingIncome": 5881000000,
    "operatingIncomeRatio": 0.1482555208,
    "totalOtherIncomeExpensesNet": -907000000,
    "incomeBeforeTax": 4974000000,
    "incomeBeforeTaxRatio": 0.1253907432,
    "incomeTaxExpense": 1851000000,
    "netIncome": 3029000000,
    "netIncomeRatio": 0.0763587779,
    "eps": 0.49,
    "epsdiluted": 0.49,
    "weightedAverageShsOut": 6162000000,
    "weightedAverageShsOutDil": 6182000000,
    "link": "https://www.sec.gov/Archives/edgar/data/732717/000073271717000101/0000732717-17-000101-index.htm",
    "finalLink": "https://www.sec.gov/Archives/edgar/data/732717/000073271717000101/q3_10q.htm"
  },
  {
    "date": "2017-06-30",
    "symbol": "T",
    "reportedCurrency": "USD",
    "cik": "0000732717",
    "fillingDate": "2017-08-03",
    "acceptedDate": "2017-08-03 17:02:42",
    "calendarYear": "2017",
    "period": "Q2",
    "revenue": 39837000000,
    "costOfRevenue": 24752000000,
    "grossProfit": 15085000000,
    "grossProfitRatio": 0.3786680724,
    "researchAndDevelopmentExpenses": 0,
    "generalAndAdministrativeExpenses": 0,
    "sellingAndMarketingExpenses": 0,
    "sellingGeneralAndAdministrativeExpenses": 8314000000,
    "otherExpenses": 0,
    "operatingExpenses": 8314000000,
    "costAndExpenses": 33066000000,
    "interestIncome": 0,
    "interestExpense": 1390000000,
    "depreciationAndAmortization": 6147000000,
    "ebitda": 13607000000,
    "ebitdaratio": 0.3415668851,
    "operatingIncome": 6771000000,
    "operatingIncomeRatio": 0.169967618,
    "totalOtherIncomeExpensesNet": -701000000,
    "incomeBeforeTax": 6070000000,
    "incomeBeforeTaxRatio": 0.1523709115,
    "incomeTaxExpense": 2056000000,
    "netIncome": 3915000000,
    "netIncomeRatio": 0.0982754726,
    "eps": 0.63,
    "epsdiluted": 0.63,
    "weightedAverageShsOut": 6165000000,
    "weightedAverageShsOutDil": 6184000000,
    "link": "https://www.sec.gov/Archives/edgar/data/732717/000073271717000080/0000732717-17-000080-index.htm",
    "finalLink": "https://www.sec.gov/Archives/edgar/data/732717/000073271717000080/q2_10q.htm"
  },
  {
    "date": "2017-03-31",
    "symbol": "T",
    "reportedCurrency": "USD",
    "cik": "0000732717",
    "fillingDate": "2017-05-04",
    "acceptedDate": "2017-05-04 16:09:02",
    "calendarYear": "2017",
    "period": "Q1",
    "revenue": 39365000000,
    "costOfRevenue": 24014000000,
    "grossProfit": 15351000000,
    "grossProfitRatio": 0.3899657056,
    "researchAndDevelopmentExpenses": 0,
    "generalAndAdministrativeExpenses": 0,
    "sellingAndMarketingExpenses": 0,
    "sellingGeneralAndAdministrativeExpenses": 8318000000,
    "otherExpenses": 0,
    "operatingExpenses": 8318000000,
    "costAndExpenses": 32332000000,
    "interestIncome": 0,
    "interestExpense": 1288000000,
    "depreciationAndAmortization": 6127000000,
    "ebitda": 12793000000,
    "ebitdaratio": 0.324984123,
    "operatingIncome": 7033000000,
    "operatingIncomeRatio": 0.1786612473,
    "totalOtherIncomeExpensesNet": -1655000000,
    "incomeBeforeTax": 5378000000,
    "incomeBeforeTaxRatio": 0.1366188238,
    "incomeTaxExpense": 1804000000,
    "netIncome": 3469000000,
    "netIncomeRatio": 0.088123968,
    "eps": 0.56,
    "epsdiluted": 0.56,
    "weightedAverageShsOut": 6166000000,
    "weightedAverageShsOutDil": 6186000000,
    "link": "https://www.sec.gov/Archives/edgar/data/732717/000073271717000055/0000732717-17-000055-index.htm",
    "finalLink": "https://www.sec.gov/Archives/edgar/data/732717/000073271717000055/q1_10q.htm"
  },
  {
    "date": "2016-12-31",
    "symbol": "T",
    "reportedCurrency": "USD",
    "cik": "0000732717",
    "fillingDate": "2017-02-17",
    "acceptedDate": "2017-02-17 17:30:12",
    "calendarYear": "2016",
    "period": "Q4",
    "revenue": 41841000000,
    "costOfRevenue": 27248000000,
    "grossProfit": 14593000000,
    "grossProfitRatio": 0.3487727349,
    "researchAndDevelopmentExpenses": 0,
    "generalAndAdministrativeExpenses": 0,
    "sellingAndMarketingExpenses": 0,
    "sellingGeneralAndAdministrativeExpenses": 9616000000,
    "otherExpenses": 0,
    "operatingExpenses": 9616000000,
    "costAndExpenses": 36864000000,
    "interestIncome": 0,
    "interestExpense": 1215000000,
    "depreciationAndAmortization": 6129000000,
    "ebitda": 10535000000,
    "ebitdaratio": 0.2517865252,
    "operatingIncome": 4977000000,
    "operatingIncomeRatio": 0.1189503119,
    "totalOtherIncomeExpensesNet": -1786000000,
    "incomeBeforeTax": 3191000000,
    "incomeBeforeTaxRatio": 0.0762649076,
    "incomeTaxExpense": 676000000,
    "netIncome": 2437000000,
    "netIncomeRatio": 0.0582443058,
    "eps": 0.39,
    "epsdiluted": 0.39,
    "weightedAverageShsOut": 6161000000,
    "weightedAverageShsOutDil": 6181000000,
    "link": "https://www.sec.gov/Archives/edgar/data/732717/000073271717000021/0000732717-17-000021-index.htm",
    "finalLink": "https://www.sec.gov/Archives/edgar/data/732717/000073271717000021/ye16_10k.htm"
  },
  {
    "date": "2016-09-30",
    "symbol": "T",
    "reportedCurrency": "USD",
    "cik": "0000732717",
    "fillingDate": "2016-11-03",
    "acceptedDate": "2016-11-03 16:46:39",
    "calendarYear": "2016",
    "period": "Q3",
    "revenue": 40890000000,
    "costOfRevenue": 18890000000,
    "grossProfit": 22000000000,
    "grossProfitRatio": 0.5380288579,
    "researchAndDevelopmentExpenses": 0,
    "generalAndAdministrativeExpenses": 0,
    "sellingAndMarketingExpenses": 0,
    "sellingGeneralAndAdministrativeExpenses": 9013000000,
    "otherExpenses": -7000000,
    "operatingExpenses": 15592000000,
    "costAndExpenses": 34482000000,
    "interestIncome": 0,
    "interestExpense": 1224000000,
    "depreciationAndAmortization": 6579000000,
    "ebitda": 12987000000,
    "ebitdaratio": 0.3176082172,
    "operatingIncome": 6408000000,
    "operatingIncomeRatio": 0.1567131328,
    "totalOtherIncomeExpensesNet": -1215000000,
    "incomeBeforeTax": 5193000000,
    "incomeBeforeTaxRatio": 0.1269992663,
    "incomeTaxExpense": 1775000000,
    "netIncome": 3328000000,
    "netIncomeRatio": 0.0813890927,
    "eps": 0.54,
    "epsdiluted": 0.54,
    "weightedAverageShsOut": 6168000000,
    "weightedAverageShsOutDil": 6189000000,
    "link": "https://www.sec.gov/Archives/edgar/data/732717/000073271716000233/0000732717-16-000233-index.htm",
    "finalLink": "https://www.sec.gov/Archives/edgar/data/732717/000073271716000233/q3_10q.htm"
  },
  {
    "date": "2016-06-30",
    "symbol": "T",
    "reportedCurrency": "USD",
    "cik": "0000732717",
    "fillingDate": "2016-08-04",
    "acceptedDate": "2016-08-04 17:00:57",
    "calendarYear": "2016",
    "period": "Q2",
    "revenue": 40520000000,
    "costOfRevenue": 18475000000,
    "grossProfit": 22045000000,
    "grossProfitRatio": 0.5440523198,
    "researchAndDevelopmentExpenses": 0,
    "generalAndAdministrativeExpenses": 0,
    "sellingAndMarketingExpenses": 0,
    "sellingGeneralAndAdministrativeExpenses": 8909000000,
    "otherExpenses": 91000000,
    "operatingExpenses": 15485000000,
    "costAndExpenses": 33960000000,
    "interestIncome": 0,
    "interestExpense": 1258000000,
    "depreciationAndAmortization": 6576000000,
    "ebitda": 13136000000,
    "ebitdaratio": 0.3241855874,
    "operatingIncome": 6560000000,
    "operatingIncomeRatio": 0.1618953603,
    "totalOtherIncomeExpensesNet": -1139000000,
    "incomeBeforeTax": 5421000000,
    "incomeBeforeTaxRatio": 0.1337857848,
    "incomeTaxExpense": 1906000000,
    "netIncome": 3408000000,
    "netIncomeRatio": 0.084106614,
    "eps": 0.55,
    "epsdiluted": 0.55,
    "weightedAverageShsOut": 6174000000,
    "weightedAverageShsOutDil": 6195000000,
    "link": "https://www.sec.gov/Archives/edgar/data/732717/000073271716000195/0000732717-16-000195-index.htm",
    "finalLink": "https://www.sec.gov/Archives/edgar/data/732717/000073271716000195/q2_10q.htm"
  },
  {
    "date": "2016-03-31",
    "symbol": "T",
    "reportedCurrency": "USD",
    "cik": "0000732717",
    "fillingDate": "2016-05-05",
    "acceptedDate": "2016-05-05 16:12:13",
    "calendarYear": "2016",
    "period": "Q1",
    "revenue": 40535000000,
    "costOfRevenue": 18400000000,
    "grossProfit": 22135000000,
    "grossProfitRatio": 0.5460712964,
    "researchAndDevelopmentExpenses": 0,
    "generalAndAdministrativeExpenses": 0,
    "sellingAndMarketingExpenses": 0,
    "sellingGeneralAndAdministrativeExpenses": 8441000000,
    "otherExpenses": 70000000,
    "operatingExpenses": 15004000000,
    "costAndExpenses": 33404000000,
    "interestIncome": 0,
    "interestExpense": 1207000000,
    "depreciationAndAmortization": 6563000000,
    "ebitda": 13989000000,
    "ebitdaratio": 0.3451091649,
    "operatingIncome": 7131000000,
    "operatingIncomeRatio": 0.1759220427,
    "totalOtherIncomeExpensesNet": -1124000000,
    "incomeBeforeTax": 6007000000,
    "incomeBeforeTaxRatio": 0.1481929197,
    "incomeTaxExpense": 2122000000,
    "netIncome": 3803000000,
    "netIncomeRatio": 0.0938201554,
    "eps": 0.62,
    "epsdiluted": 0.61,
    "weightedAverageShsOut": 6172000000,
    "weightedAverageShsOutDil": 6190000000,
    "link": "https://www.sec.gov/Archives/edgar/data/732717/000073271716000160/0000732717-16-000160-index.htm",
    "finalLink": "https://www.sec.gov/Archives/edgar/data/732717/000073271716000160/q1_10q.htm"
  },
  {
    "date": "2015-12-31",
    "symbol": "T",
    "reportedCurrency": "USD",
    "cik": "0000732717",
    "fillingDate": "2016-02-18",
    "acceptedDate": "2016-02-18 16:33:12",
    "calendarYear": "2015",
    "period": "Q4",
    "revenue": 42119000000,
    "costOfRevenue": 19691000000,
    "grossProfit": 22428000000,
    "grossProfitRatio": 0.5324912747,
    "researchAndDevelopmentExpenses": 1693000000,
    "generalAndAdministrativeExpenses": 0,
    "sellingAndMarketingExpenses": 0,
    "sellingGeneralAndAdministrativeExpenses": 8419000000,
    "otherExpenses": -113000000,
    "operatingExpenses": 14896000000,
    "costAndExpenses": 34587000000,
    "interestIncome": 0,
    "interestExpense": 1143000000,
    "depreciationAndAmortization": 6477000000,
    "ebitda": 13927000000,
    "ebitdaratio": 0.3306583727,
    "operatingIncome": 7532000000,
    "operatingIncomeRatio": 0.1788266578,
    "totalOtherIncomeExpensesNet": -1225000000,
    "incomeBeforeTax": 6307000000,
    "incomeBeforeTaxRatio": 0.1497423965,
    "incomeTaxExpense": 2221000000,
    "netIncome": 4006000000,
    "netIncomeRatio": 0.0951114699,
    "eps": 0.65,
    "epsdiluted": 0.65,
    "weightedAverageShsOut": 6165000000,
    "weightedAverageShsOutDil": 6187000000,
    "link": "https://www.sec.gov/Archives/edgar/data/732717/000073271716000147/0000732717-16-000147-index.htm",
    "finalLink": "https://www.sec.gov/Archives/edgar/data/732717/000073271716000147/ye15_10k.htm"
  },
  {
    "date": "2015-10-28",
    "symbol": "T",
    "reportedCurrency": "USD",
    "cik": "0000732717",
    "fillingDate": "2015-11-06",
    "acceptedDate": "2015-11-05 18:43:54",
    "calendarYear": "2015",
    "period": "Q3",
    "revenue": 39091000000,
    "costOfRevenue": 17796000000,
    "grossProfit": 21295000000,
    "grossProfitRatio": 0.5447545471,
    "researchAndDevelopmentExpenses": 0,
    "generalAndAdministrativeExpenses": 0,
    "sellingAndMarketingExpenses": 0,
    "sellingGeneralAndAdministrativeExpenses": 9107000000,
    "otherExpenses": -57000000,
    "operatingExpenses": 15372000000,
    "costAndExpenses": 33168000000,
    "interestIncome": 0,
    "interestExpense": 1146000000,
    "depreciationAndAmortization": 6265000000,
    "ebitda": 12310000000,
    "ebitdaratio": 0.3149062444,
    "operatingIncome": 5923000000,
    "operatingIncomeRatio": 0.1515182523,
    "totalOtherIncomeExpensesNet": -1188000000,
    "incomeBeforeTax": 4735000000,
    "incomeBeforeTaxRatio": 0.1211276253,
    "incomeTaxExpense": 1657000000,
    "netIncome": 2994000000,
    "netIncomeRatio": 0.0765905196,
    "eps": 0.5,
    "epsdiluted": 0.5,
    "weightedAverageShsOut": 5924000000,
    "weightedAverageShsOutDil": 5943000000,
    "link": "https://www.sec.gov/Archives/edgar/data/732717/000073271715000121/0000732717-15-000121-index.htm",
    "finalLink": "https://www.sec.gov/Archives/edgar/data/732717/000073271715000121/q3_10q.htm"
  },
  {
    "date": "2015-06-30",
    "symbol": "T",
    "reportedCurrency": "USD",
    "cik": "0000732717",
    "fillingDate": "2015-08-07",
    "acceptedDate": "2015-08-07 17:11:15",
    "calendarYear": "2015",
    "period": "Q2",
    "revenue": 33015000000,
    "costOfRevenue": 15079000000,
    "grossProfit": 17936000000,
    "grossProfitRatio": 0.5432682114,
    "researchAndDevelopmentExpenses": 0,
    "generalAndAdministrativeExpenses": 0,
    "sellingAndMarketingExpenses": 0,
    "sellingGeneralAndAdministrativeExpenses": 7467000000,
    "otherExpenses": 48000000,
    "operatingExpenses": 12163000000,
    "costAndExpenses": 27242000000,
    "interestIncome": 0,
    "interestExpense": 932000000,
    "depreciationAndAmortization": 4696000000,
    "ebitda": 10469000000,
    "ebitdaratio": 0.3170982887,
    "operatingIncome": 5773000000,
    "operatingIncomeRatio": 0.1748599122,
    "totalOtherIncomeExpensesNet": -851000000,
    "incomeBeforeTax": 4922000000,
    "incomeBeforeTaxRatio": 0.1490837498,
    "incomeTaxExpense": 1738000000,
    "netIncome": 3082000000,
    "netIncomeRatio": 0.0933515069,
    "eps": 0.59,
    "epsdiluted": 0.59,
    "weightedAverageShsOut": 5204000000,
    "weightedAverageShsOutDil": 5220000000,
    "link": "https://www.sec.gov/Archives/edgar/data/732717/000073271715000079/0000732717-15-000079-index.htm",
    "finalLink": "https://www.sec.gov/Archives/edgar/data/732717/000073271715000079/q2_10q.htm"
  },
  {
    "date": "2015-03-31",
    "symbol": "T",
    "reportedCurrency": "USD",
    "cik": "0000732717",
    "fillingDate": "2015-05-05",
    "acceptedDate": "2015-05-05 16:49:15",
    "calendarYear": "2015",
    "period": "Q1",
    "revenue": 32576000000,
    "costOfRevenue": 14480000000,
    "grossProfit": 18096000000,
    "grossProfitRatio": 0.5555009823,
    "researchAndDevelopmentExpenses": 0,
    "generalAndAdministrativeExpenses": 0,
    "sellingAndMarketingExpenses": 0,
    "sellingGeneralAndAdministrativeExpenses": 7961000000,
    "otherExpenses": 70000000,
    "operatingExpenses": 12539000000,
    "costAndExpenses": 27019000000,
    "interestIncome": 0,
    "interestExpense": 899000000,
    "depreciationAndAmortization": 4578000000,
    "ebitda": 10352000000,
    "ebitdaratio": 0.3177799607,
    "operatingIncome": 5557000000,
    "operatingIncomeRatio": 0.1705857073,
    "totalOtherIncomeExpensesNet": -829000000,
    "incomeBeforeTax": 4728000000,
    "incomeBeforeTaxRatio": 0.1451375246,
    "incomeTaxExpense": 1389000000,
    "netIncome": 3263000000,
    "netIncomeRatio": 0.1001657662,
    "eps": 0.63,
    "epsdiluted": 0.63,
    "weightedAverageShsOut": 5203000000,
    "weightedAverageShsOutDil": 5219000000,
    "link": "https://www.sec.gov/Archives/edgar/data/732717/000073271715000040/0000732717-15-000040-index.htm",
    "finalLink": "https://www.sec.gov/Archives/edgar/data/732717/000073271715000040/q1_10q.htm"
  },
  {
    "date": "2014-12-31",
    "symbol": "T",
    "reportedCurrency": "USD",
    "cik": "0000732717",
    "fillingDate": "2015-02-20",
    "acceptedDate": "2015-02-20 16:23:15",
    "calendarYear": "2014",
    "period": "Q4",
    "revenue": 34439000000,
    "costOfRevenue": 18537000000,
    "grossProfit": 15902000000,
    "grossProfitRatio": 0.4617439531,
    "researchAndDevelopmentExpenses": 1730000000,
    "generalAndAdministrativeExpenses": 0,
    "sellingAndMarketingExpenses": 0,
    "sellingGeneralAndAdministrativeExpenses": 14765000000,
    "otherExpenses": 196000000,
    "operatingExpenses": 19332000000,
    "costAndExpenses": 37869000000,
    "interestIncome": 0,
    "interestExpense": 856000000,
    "depreciationAndAmortization": 4567000000,
    "ebitda": -800000000,
    "ebitdaratio": -0.0232294782,
    "operatingIncome": -5550000000,
    "operatingIncomeRatio": -0.1611545051,
    "totalOtherIncomeExpensesNet": -744000000,
    "incomeBeforeTax": -6223000000,
    "incomeBeforeTaxRatio": -0.1806963036,
    "incomeTaxExpense": -2327000000,
    "netIncome": -3977000000,
    "netIncomeRatio": -0.1154795435,
    "eps": -0.77,
    "epsdiluted": -0.76,
    "weightedAverageShsOut": 5198000000,
    "weightedAverageShsOutDil": 5214000000,
    "link": "https://www.sec.gov/Archives/edgar/data/732717/000073271715000016/0000732717-15-000016-index.htm",
    "finalLink": "https://www.sec.gov/Archives/edgar/data/732717/000073271715000016/ye14_10k.htm"
  },
  {
    "date": "2014-09-30",
    "symbol": "T",
    "reportedCurrency": "USD",
    "cik": "0000732717",
    "fillingDate": "2014-11-10",
    "acceptedDate": "2014-11-10 07:51:48",
    "calendarYear": "2014",
    "period": "Q3",
    "revenue": 32957000000,
    "costOfRevenue": 14336000000,
    "grossProfit": 18621000000,
    "grossProfitRatio": 0.5650089511,
    "researchAndDevelopmentExpenses": 0,
    "generalAndAdministrativeExpenses": 0,
    "sellingAndMarketingExpenses": 0,
    "sellingGeneralAndAdministrativeExpenses": 8475000000,
    "otherExpenses": 42000000,
    "operatingExpenses": 13014000000,
    "costAndExpenses": 27350000000,
    "interestIncome": 0,
    "interestExpense": 1016000000,
    "depreciationAndAmortization": 4539000000,
    "ebitda": 10359000000,
    "ebitdaratio": 0.3143186576,
    "operatingIncome": 5607000000,
    "operatingIncomeRatio": 0.1701307765,
    "totalOtherIncomeExpensesNet": -976000000,
    "incomeBeforeTax": 4631000000,
    "incomeBeforeTaxRatio": 0.1405164305,
    "incomeTaxExpense": 1444000000,
    "netIncome": 3130000000,
    "netIncomeRatio": 0.0949722366,
    "eps": 0.6,
    "epsdiluted": 0.6,
    "weightedAverageShsOut": 5198000000,
    "weightedAverageShsOutDil": 5214000000,
    "link": "https://www.sec.gov/Archives/edgar/data/732717/000073271714000129/0000732717-14-000129-index.htm",
    "finalLink": "https://www.sec.gov/Archives/edgar/data/732717/000073271714000129/q3_10q.htm"
  },
  {
    "date": "2014-06-30",
    "symbol": "T",
    "reportedCurrency": "USD",
    "cik": "0000732717",
    "fillingDate": "2014-08-01",
    "acceptedDate": "2014-08-01 16:22:18",
    "calendarYear": "2014",
    "period": "Q2",
    "revenue": 32575000000,
    "costOfRevenue": 14212000000,
    "grossProfit": 18363000000,
    "grossProfitRatio": 0.563714505,
    "researchAndDevelopmentExpenses": 0,
    "generalAndAdministrativeExpenses": 0,
    "sellingAndMarketingExpenses": 0,
    "sellingGeneralAndAdministrativeExpenses": 8197000000,
    "otherExpenses": 1269000000,
    "operatingExpenses": 12747000000,
    "costAndExpenses": 26959000000,
    "interestIncome": 0,
    "interestExpense": 881000000,
    "depreciationAndAmortization": 4550000000,
    "ebitda": 10536000000,
    "ebitdaratio": 0.3234382195,
    "operatingIncome": 5616000000,
    "operatingIncomeRatio": 0.1724021489,
    "totalOtherIncomeExpensesNet": 490000000,
    "incomeBeforeTax": 6106000000,
    "incomeBeforeTaxRatio": 0.1874443592,
    "incomeTaxExpense": 2485000000,
    "netIncome": 3547000000,
    "netIncomeRatio": 0.1088871834,
    "eps": 0.68,
    "epsdiluted": 0.68,
    "weightedAverageShsOut": 5204000000,
    "weightedAverageShsOutDil": 5220000000,
    "link": "https://www.sec.gov/Archives/edgar/data/732717/000073271714000110/0000732717-14-000110-index.htm",
    "finalLink": "https://www.sec.gov/Archives/edgar/data/732717/000073271714000110/q2_10q.htm"
  },
  {
    "date": "2014-03-31",
    "symbol": "T",
    "reportedCurrency": "USD",
    "cik": "0000732717",
    "fillingDate": "2014-05-02",
    "acceptedDate": "2014-05-02 11:52:41",
    "calendarYear": "2014",
    "period": "Q1",
    "revenue": 32476000000,
    "costOfRevenue": 13321000000,
    "grossProfit": 19155000000,
    "grossProfitRatio": 0.5898201749,
    "researchAndDevelopmentExpenses": 0,
    "generalAndAdministrativeExpenses": 0,
    "sellingAndMarketingExpenses": 0,
    "sellingGeneralAndAdministrativeExpenses": 8260000000,
    "otherExpenses": 145000000,
    "operatingExpenses": 12877000000,
    "costAndExpenses": 26198000000,
    "interestIncome": 0,
    "interestExpense": 860000000,
    "depreciationAndAmortization": 4617000000,
    "ebitda": 10895000000,
    "ebitdaratio": 0.3354785072,
    "operatingIncome": 6278000000,
    "operatingIncomeRatio": 0.1933119842,
    "totalOtherIncomeExpensesNet": -627000000,
    "incomeBeforeTax": 5651000000,
    "incomeBeforeTaxRatio": 0.1740054194,
    "incomeTaxExpense": 1917000000,
    "netIncome": 3652000000,
    "netIncomeRatio": 0.1124522724,
    "eps": 0.7,
    "epsdiluted": 0.7,
    "weightedAverageShsOut": 5222000000,
    "weightedAverageShsOutDil": 5238000000,
    "link": "https://www.sec.gov/Archives/edgar/data/732717/000073271714000022/0000732717-14-000022-index.htm",
    "finalLink": "https://www.sec.gov/Archives/edgar/data/732717/000073271714000022/q1_10q.htm"
  },
  {
    "date": "2013-12-31",
    "symbol": "T",
    "reportedCurrency": "USD",
    "cik": "0000732717",
    "fillingDate": "2014-02-21",
    "acceptedDate": "2014-02-21 16:25:54",
    "calendarYear": "2013",
    "period": "Q4",
    "revenue": 33163000000,
    "costOfRevenue": 12237000000,
    "grossProfit": 20926000000,
    "grossProfitRatio": 0.6310044327,
    "researchAndDevelopmentExpenses": 1488000000,
    "generalAndAdministrativeExpenses": 740000000,
    "sellingAndMarketingExpenses": 3268000000,
    "sellingGeneralAndAdministrativeExpenses": 4008000000,
    "otherExpenses": 226000000,
    "operatingExpenses": 8688000000,
    "costAndExpenses": 20925000000,
    "interestIncome": 0,
    "interestExpense": 1459000000,
    "depreciationAndAmortization": 4680000000,
    "ebitda": 14776000000,
    "ebitdaratio": 0.4455567952,
    "operatingIncome": 12238000000,
    "operatingIncomeRatio": 0.3690257214,
    "totalOtherIncomeExpensesNet": -1085000000,
    "incomeBeforeTax": 11153000000,
    "incomeBeforeTaxRatio": 0.3363085366,
    "incomeTaxExpense": 4158000000,
    "netIncome": 6913000000,
    "netIncomeRatio": 0.2084552061,
    "eps": 1.31,
    "epsdiluted": 1.31,
    "weightedAverageShsOut": 5267000000,
    "weightedAverageShsOutDil": 5283000000,
    "link": "https://www.sec.gov/Archives/edgar/data/732717/000073271714000010/0000732717-14-000010-index.htm",
    "finalLink": "https://www.sec.gov/Archives/edgar/data/732717/000073271714000010/ye13_10k.htm"
  },
  {
    "date": "2013-09-30",
    "symbol": "T",
    "reportedCurrency": "USD",
    "cik": "0000732717",
    "fillingDate": "2013-11-01",
    "acceptedDate": "2013-11-01 16:41:19",
    "calendarYear": "2013",
    "period": "Q3",
    "revenue": 32158000000,
    "costOfRevenue": 13403000000,
    "grossProfit": 18755000000,
    "grossProfitRatio": 0.5832141302,
    "researchAndDevelopmentExpenses": 0,
    "generalAndAdministrativeExpenses": 0,
    "sellingAndMarketingExpenses": 0,
    "sellingGeneralAndAdministrativeExpenses": 7952000000,
    "otherExpenses": 50000000,
    "operatingExpenses": 12567000000,
    "costAndExpenses": 25970000000,
    "interestIncome": 0,
    "interestExpense": 829000000,
    "depreciationAndAmortization": 4615000000,
    "ebitda": 10944000000,
    "ebitdaratio": 0.3403196716,
    "operatingIncome": 6188000000,
    "operatingIncomeRatio": 0.192424902,
    "totalOtherIncomeExpensesNet": -688000000,
    "incomeBeforeTax": 5500000000,
    "incomeBeforeTaxRatio": 0.1710305367,
    "incomeTaxExpense": 1595000000,
    "netIncome": 3814000000,
    "netIncomeRatio": 0.1186019031,
    "eps": 0.72,
    "epsdiluted": 0.72,
    "weightedAverageShsOut": 5315000000,
    "weightedAverageShsOutDil": 5331000000,
    "link": "https://www.sec.gov/Archives/edgar/data/732717/000073271713000099/0000732717-13-000099-index.htm",
    "finalLink": "https://www.sec.gov/Archives/edgar/data/732717/000073271713000099/q3_10q.htm"
  },
  {
    "date": "2013-06-30",
    "symbol": "T",
    "reportedCurrency": "USD",
    "cik": "0000732717",
    "fillingDate": "2013-08-02",
    "acceptedDate": "2013-08-02 16:07:57",
    "calendarYear": "2013",
    "period": "Q2",
    "revenue": 32075000000,
    "costOfRevenue": 13270000000,
    "grossProfit": 18805000000,
    "grossProfitRatio": 0.5862821512,
    "researchAndDevelopmentExpenses": 0,
    "generalAndAdministrativeExpenses": 0,
    "sellingAndMarketingExpenses": 0,
    "sellingGeneralAndAdministrativeExpenses": 8121000000,
    "otherExpenses": 288000000,
    "operatingExpenses": 12692000000,
    "costAndExpenses": 25962000000,
    "interestIncome": 0,
    "interestExpense": 825000000,
    "depreciationAndAmortization": 4571000000,
    "ebitda": 11190000000,
    "ebitdaratio": 0.3488698363,
    "operatingIncome": 6113000000,
    "operatingIncomeRatio": 0.1905845674,
    "totalOtherIncomeExpensesNet": -319000000,
    "incomeBeforeTax": 5794000000,
    "incomeBeforeTaxRatio": 0.180639127,
    "incomeTaxExpense": 1914000000,
    "netIncome": 3822000000,
    "netIncomeRatio": 0.1191582229,
    "eps": 0.71,
    "epsdiluted": 0.71,
    "weightedAverageShsOut": 5381000000,
    "weightedAverageShsOutDil": 5397000000,
    "link": "https://www.sec.gov/Archives/edgar/data/732717/000073271713000080/0000732717-13-000080-index.htm",
    "finalLink": "https://www.sec.gov/Archives/edgar/data/732717/000073271713000080/q2_10q.htm"
  },
  {
    "date": "2013-03-31",
    "symbol": "T",
    "reportedCurrency": "USD",
    "cik": "0000732717",
    "fillingDate": "2013-05-03",
    "acceptedDate": "2013-05-03 16:00:21",
    "calendarYear": "2013",
    "period": "Q1",
    "revenue": 31356000000,
    "costOfRevenue": 12554000000,
    "grossProfit": 18802000000,
    "grossProfitRatio": 0.5996300549,
    "researchAndDevelopmentExpenses": 0,
    "generalAndAdministrativeExpenses": 0,
    "sellingAndMarketingExpenses": 0,
    "sellingGeneralAndAdministrativeExpenses": 8333000000,
    "otherExpenses": 32000000,
    "operatingExpenses": 12862000000,
    "costAndExpenses": 25416000000,
    "interestIncome": 0,
    "interestExpense": 827000000,
    "depreciationAndAmortization": 4529000000,
    "ebitda": 10686000000,
    "ebitdaratio": 0.3407960199,
    "operatingIncome": 5940000000,
    "operatingIncomeRatio": 0.1894374282,
    "totalOtherIncomeExpensesNet": -610000000,
    "incomeBeforeTax": 5330000000,
    "incomeBeforeTaxRatio": 0.1699834163,
    "incomeTaxExpense": 1557000000,
    "netIncome": 3700000000,
    "netIncomeRatio": 0.1179997449,
    "eps": 0.67,
    "epsdiluted": 0.67,
    "weightedAverageShsOut": 5513000000,
    "weightedAverageShsOutDil": 5530000000,
    "link": "https://www.sec.gov/Archives/edgar/data/732717/000073271713000036/0000732717-13-000036-index.htm",
    "finalLink": "https://www.sec.gov/Archives/edgar/data/732717/000073271713000036/q1_10q.htm"
  },
  {
    "date": "2012-12-31",
    "symbol": "T",
    "reportedCurrency": "USD",
    "cik": "0000732717",
    "fillingDate": "2013-02-22",
    "acceptedDate": "2013-02-22 16:27:46",
    "calendarYear": "2012",
    "period": "Q4",
    "revenue": 32578000000,
    "costOfRevenue": 17215000000,
    "grossProfit": 15363000000,
    "grossProfitRatio": 0.4715759101,
    "researchAndDevelopmentExpenses": 1278000000,
    "generalAndAdministrativeExpenses": 13839000000,
    "sellingAndMarketingExpenses": 2910000000,
    "sellingGeneralAndAdministrativeExpenses": 16749000000,
    "otherExpenses": 12000000,
    "operatingExpenses": 21321000000,
    "costAndExpenses": 38536000000,
    "interestIncome": 0,
    "interestExpense": 820000000,
    "depreciationAndAmortization": 4572000000,
    "ebitda": -1159000000,
    "ebitdaratio": -0.0355761557,
    "operatingIncome": -5958000000,
    "operatingIncomeRatio": -0.182884155,
    "totalOtherIncomeExpensesNet": -593000000,
    "incomeBeforeTax": -6551000000,
    "incomeBeforeTaxRatio": -0.2010866229,
    "incomeTaxExpense": -2772000000,
    "netIncome": -3857000000,
    "netIncomeRatio": -0.1183927804,
    "eps": -0.68,
    "epsdiluted": -0.68,
    "weightedAverageShsOut": 5661000000,
    "weightedAverageShsOutDil": 5680000000,
    "link": "https://www.sec.gov/Archives/edgar/data/732717/000073271713000017/0000732717-13-000017-index.htm",
    "finalLink": "https://www.sec.gov/Archives/edgar/data/732717/000073271713000017/ye12_10k.htm"
  },
  {
    "date": "2012-09-30",
    "symbol": "T",
    "reportedCurrency": "USD",
    "cik": "0000732717",
    "fillingDate": "2012-11-02",
    "acceptedDate": "2012-11-02 10:36:10",
    "calendarYear": "2012",
    "period": "Q3",
    "revenue": 31459000000,
    "costOfRevenue": 12602000000,
    "grossProfit": 18857000000,
    "grossProfitRatio": 0.5994151117,
    "researchAndDevelopmentExpenses": 0,
    "generalAndAdministrativeExpenses": 0,
    "sellingAndMarketingExpenses": 0,
    "sellingGeneralAndAdministrativeExpenses": 8308000000,
    "otherExpenses": 47000000,
    "operatingExpenses": 12820000000,
    "costAndExpenses": 25422000000,
    "interestIncome": 0,
    "interestExpense": 824000000,
    "depreciationAndAmortization": 4512000000,
    "ebitda": 10778000000,
    "ebitdaratio": 0.34260466,
    "operatingIncome": 6037000000,
    "operatingIncomeRatio": 0.191900569,
    "totalOtherIncomeExpensesNet": -595000000,
    "incomeBeforeTax": 5442000000,
    "incomeBeforeTaxRatio": 0.1729870625,
    "incomeTaxExpense": 1741000000,
    "netIncome": 3635000000,
    "netIncomeRatio": 0.1155472202,
    "eps": 0.63,
    "epsdiluted": 0.63,
    "weightedAverageShsOut": 5771000000,
    "weightedAverageShsOutDil": 5792000000,
    "link": "https://www.sec.gov/Archives/edgar/data/732717/000073271712000088/0000732717-12-000088-index.htm",
    "finalLink": "https://www.sec.gov/Archives/edgar/data/732717/000073271712000088/q3_10q.htm"
  },
  {
    "date": "2012-06-30",
    "symbol": "T",
    "reportedCurrency": "USD",
    "cik": "0000732717",
    "fillingDate": "2012-08-03",
    "acceptedDate": "2012-08-03 12:05:35",
    "calendarYear": "2012",
    "period": "Q2",
    "revenue": 31575000000,
    "costOfRevenue": 12254000000,
    "grossProfit": 19321000000,
    "grossProfitRatio": 0.6119081552,
    "researchAndDevelopmentExpenses": 0,
    "generalAndAdministrativeExpenses": 0,
    "sellingAndMarketingExpenses": 0,
    "sellingGeneralAndAdministrativeExpenses": 8005000000,
    "otherExpenses": 23000000,
    "operatingExpenses": 12504000000,
    "costAndExpenses": 24758000000,
    "interestIncome": 0,
    "interestExpense": 941000000,
    "depreciationAndAmortization": 4499000000,
    "ebitda": 11471000000,
    "ebitdaratio": 0.3632937451,
    "operatingIncome": 6817000000,
    "operatingIncomeRatio": 0.215898654,
    "totalOtherIncomeExpensesNet": -786000000,
    "incomeBeforeTax": 6031000000,
    "incomeBeforeTaxRatio": 0.1910055424,
    "incomeTaxExpense": 2066000000,
    "netIncome": 3902000000,
    "netIncomeRatio": 0.1235787807,
    "eps": 0.67,
    "epsdiluted": 0.66,
    "weightedAverageShsOut": 5855000000,
    "weightedAverageShsOutDil": 5876000000,
    "link": "https://www.sec.gov/Archives/edgar/data/732717/000073271712000073/0000732717-12-000073-index.htm",
    "finalLink": "https://www.sec.gov/Archives/edgar/data/732717/000073271712000073/q2_10q.htm"
  },
  {
    "date": "2012-03-31",
    "symbol": "T",
    "reportedCurrency": "USD",
    "cik": "0000732717",
    "fillingDate": "2012-05-04",
    "acceptedDate": "2012-05-04 11:39:00",
    "calendarYear": "2012",
    "period": "Q1",
    "revenue": 31822000000,
    "costOfRevenue": 12817000000,
    "grossProfit": 19005000000,
    "grossProfitRatio": 0.5972283326,
    "researchAndDevelopmentExpenses": 0,
    "generalAndAdministrativeExpenses": 0,
    "sellingAndMarketingExpenses": 0,
    "sellingGeneralAndAdministrativeExpenses": 8344000000,
    "otherExpenses": 52000000,
    "operatingExpenses": 12904000000,
    "costAndExpenses": 25721000000,
    "interestIncome": 0,
    "interestExpense": 859000000,
    "depreciationAndAmortization": 4560000000,
    "ebitda": 10936000000,
    "ebitdaratio": 0.3436616177,
    "operatingIncome": 6101000000,
    "operatingIncomeRatio": 0.1917227076,
    "totalOtherIncomeExpensesNet": -584000000,
    "incomeBeforeTax": 5517000000,
    "incomeBeforeTaxRatio": 0.1733706241,
    "incomeTaxExpense": 1865000000,
    "netIncome": 3584000000,
    "netIncomeRatio": 0.1126264848,
    "eps": 0.6,
    "epsdiluted": 0.6,
    "weightedAverageShsOut": 5918000000,
    "weightedAverageShsOutDil": 5940000000,
    "link": "https://www.sec.gov/Archives/edgar/data/732717/000073271712000037/0000732717-12-000037-index.htm",
    "finalLink": "https://www.sec.gov/Archives/edgar/data/732717/000073271712000037/q1_10q.htm"
  },
  {
    "date": "2011-12-31",
    "symbol": "T",
    "reportedCurrency": "USD",
    "cik": "0000732717",
    "fillingDate": "2012-02-24",
    "acceptedDate": "2012-02-24 14:34:06",
    "calendarYear": "2011",
    "period": "Q4",
    "revenue": 32503000000,
    "costOfRevenue": 17474000000,
    "grossProfit": 15029000000,
    "grossProfitRatio": 0.4623880873,
    "researchAndDevelopmentExpenses": 0,
    "generalAndAdministrativeExpenses": 0,
    "sellingAndMarketingExpenses": 0,
    "sellingGeneralAndAdministrativeExpenses": 16536000000,
    "otherExpenses": 117000000,
    "operatingExpenses": 21109000000,
    "costAndExpenses": 38583000000,
    "interestIncome": 0,
    "interestExpense": 952000000,
    "depreciationAndAmortization": 4573000000,
    "ebitda": -4165000000,
    "ebitdaratio": -0.1281420177,
    "operatingIncome": -8990000000,
    "operatingIncomeRatio": -0.2765898532,
    "totalOtherIncomeExpensesNet": -700000000,
    "incomeBeforeTax": -9690000000,
    "incomeBeforeTaxRatio": -0.2981263268,
    "incomeTaxExpense": -3062000000,
    "netIncome": -6678000000,
    "netIncomeRatio": -0.2054579577,
    "eps": -1.13,
    "epsdiluted": -1.12,
    "weightedAverageShsOut": 5933000000,
    "weightedAverageShsOutDil": 5955000000,
    "link": "https://www.sec.gov/Archives/edgar/data/732717/000073271712000025/0000732717-12-000025-index.htm",
    "finalLink": "https://www.sec.gov/Archives/edgar/data/732717/000073271712000025/ye11_10k.htm"
  },
  {
    "date": "2011-09-30",
    "symbol": "T",
    "reportedCurrency": "USD",
    "cik": "0000732717",
    "fillingDate": "2011-11-03",
    "acceptedDate": "2011-11-03 17:15:29",
    "calendarYear": "2011",
    "period": "Q3",
    "revenue": 31478000000,
    "costOfRevenue": 12656000000,
    "grossProfit": 18822000000,
    "grossProfitRatio": 0.5979414194,
    "researchAndDevelopmentExpenses": 0,
    "generalAndAdministrativeExpenses": 0,
    "sellingAndMarketingExpenses": 0,
    "sellingGeneralAndAdministrativeExpenses": 7969000000,
    "otherExpenses": 46000000,
    "operatingExpenses": 12587000000,
    "costAndExpenses": 25243000000,
    "interestIncome": 0,
    "interestExpense": 889000000,
    "depreciationAndAmortization": 4618000000,
    "ebitda": 11092000000,
    "ebitdaratio": 0.352373086,
    "operatingIncome": 6235000000,
    "operatingIncomeRatio": 0.1980748459,
    "totalOtherIncomeExpensesNet": -650000000,
    "incomeBeforeTax": 5585000000,
    "incomeBeforeTaxRatio": 0.1774255035,
    "incomeTaxExpense": 1899000000,
    "netIncome": 3623000000,
    "netIncomeRatio": 0.1150962577,
    "eps": 0.61,
    "epsdiluted": 0.61,
    "weightedAverageShsOut": 5936000000,
    "weightedAverageShsOutDil": 5954000000,
    "link": "https://www.sec.gov/Archives/edgar/data/732717/000073271711000094/0000732717-11-000094-index.htm",
    "finalLink": "https://www.sec.gov/Archives/edgar/data/732717/000073271711000094/q3d10q.htm"
  },
  {
    "date": "2011-06-30",
    "symbol": "T",
    "reportedCurrency": "USD",
    "cik": "0000732717",
    "fillingDate": "2011-08-05",
    "acceptedDate": "2011-08-05 12:55:46",
    "calendarYear": "2011",
    "period": "Q2",
    "revenue": 31495000000,
    "costOfRevenue": 12756000000,
    "grossProfit": 18739000000,
    "grossProfitRatio": 0.5949833307,
    "researchAndDevelopmentExpenses": 0,
    "generalAndAdministrativeExpenses": 0,
    "sellingAndMarketingExpenses": 0,
    "sellingGeneralAndAdministrativeExpenses": 7972000000,
    "otherExpenses": 27000000,
    "operatingExpenses": 12574000000,
    "costAndExpenses": 25330000000,
    "interestIncome": 0,
    "interestExpense": 848000000,
    "depreciationAndAmortization": 4602000000,
    "ebitda": 11001000000,
    "ebitdaratio": 0.3492935387,
    "operatingIncome": 6165000000,
    "operatingIncomeRatio": 0.1957453564,
    "totalOtherIncomeExpensesNet": -614000000,
    "incomeBeforeTax": 5551000000,
    "incomeBeforeTaxRatio": 0.1762501984,
    "incomeTaxExpense": 1893000000,
    "netIncome": 3591000000,
    "netIncomeRatio": 0.1140180981,
    "eps": 0.6,
    "epsdiluted": 0.6,
    "weightedAverageShsOut": 5932000000,
    "weightedAverageShsOutDil": 5953000000,
    "link": "https://www.sec.gov/Archives/edgar/data/732717/000119312511211863/0001193125-11-211863-index.htm",
    "finalLink": "https://www.sec.gov/Archives/edgar/data/732717/000119312511211863/d10q.htm"
  },
  {
    "date": "2011-03-31",
    "symbol": "T",
    "reportedCurrency": "USD",
    "cik": "0000732717",
    "fillingDate": "2011-05-06",
    "acceptedDate": "2011-05-06 13:16:50",
    "calendarYear": "2011",
    "period": "Q1",
    "revenue": 31247000000,
    "costOfRevenue": 12813000000,
    "grossProfit": 18434000000,
    "grossProfitRatio": 0.5899446347,
    "researchAndDevelopmentExpenses": 0,
    "generalAndAdministrativeExpenses": 0,
    "sellingAndMarketingExpenses": 0,
    "sellingGeneralAndAdministrativeExpenses": 8042000000,
    "otherExpenses": 59000000,
    "operatingExpenses": 12626000000,
    "costAndExpenses": 25439000000,
    "interestIncome": 0,
    "interestExpense": 846000000,
    "depreciationAndAmortization": 4584000000,
    "ebitda": 10700000000,
    "ebitdaratio": 0.3424328736,
    "operatingIncome": 5808000000,
    "operatingIncomeRatio": 0.1858738439,
    "totalOtherIncomeExpensesNet": -538000000,
    "incomeBeforeTax": 5270000000,
    "incomeBeforeTaxRatio": 0.168656191,
    "incomeTaxExpense": 1802000000,
    "netIncome": 3408000000,
    "netIncomeRatio": 0.1090664704,
    "eps": 0.57,
    "epsdiluted": 0.57,
    "weightedAverageShsOut": 5925000000,
    "weightedAverageShsOutDil": 5945000000,
    "link": "https://www.sec.gov/Archives/edgar/data/732717/000119312511130267/0001193125-11-130267-index.htm",
    "finalLink": "https://www.sec.gov/Archives/edgar/data/732717/000119312511130267/d10q.htm"
  },
  {
    "date": "2010-12-31",
    "symbol": "T",
    "reportedCurrency": "USD",
    "cik": "0000732717",
    "fillingDate": "2011-03-01",
    "acceptedDate": "2011-02-28 17:53:20",
    "calendarYear": "2010",
    "period": "Q4",
    "revenue": 31361000000,
    "costOfRevenue": 14028000000,
    "grossProfit": 17333000000,
    "grossProfitRatio": 0.552692835,
    "researchAndDevelopmentExpenses": 0,
    "generalAndAdministrativeExpenses": 0,
    "sellingAndMarketingExpenses": 0,
    "sellingGeneralAndAdministrativeExpenses": 10495000000,
    "otherExpenses": 72000000,
    "operatingExpenses": 15345000000,
    "costAndExpenses": 29373000000,
    "interestIncome": 0,
    "interestExpense": 746000000,
    "depreciationAndAmortization": 4850000000,
    "ebitda": 7043000000,
    "ebitdaratio": 0.2245782979,
    "operatingIncome": 1988000000,
    "operatingIncomeRatio": 0.0633908358,
    "totalOtherIncomeExpensesNet": -541000000,
    "incomeBeforeTax": 1447000000,
    "incomeBeforeTaxRatio": 0.0461401103,
    "incomeTaxExpense": 350000000,
    "netIncome": 1027000000,
    "netIncomeRatio": 0.0327476802,
    "eps": 0.18,
    "epsdiluted": 0.18,
    "weightedAverageShsOut": 5915000000,
    "weightedAverageShsOutDil": 5941000000,
    "link": "https://www.sec.gov/Archives/edgar/data/732717/000073271711000014/0000732717-11-000014-index.htm",
    "finalLink": "https://www.sec.gov/Archives/edgar/data/732717/000073271711000014/ye10_10k.htm"
  },
  {
    "date": "2010-09-30",
    "symbol": "T",
    "reportedCurrency": "USD",
    "cik": "0000732717",
    "fillingDate": "2010-11-05",
    "acceptedDate": "2010-11-04 20:57:08",
    "calendarYear": "2010",
    "period": "Q3",
    "revenue": 31581000000,
    "costOfRevenue": 13605000000,
    "grossProfit": 17976000000,
    "grossProfitRatio": 0.5692030018,
    "researchAndDevelopmentExpenses": 0,
    "generalAndAdministrativeExpenses": 0,
    "sellingAndMarketingExpenses": 0,
    "sellingGeneralAndAdministrativeExpenses": 7672000000,
    "otherExpenses": 124000000,
    "operatingExpenses": 12545000000,
    "costAndExpenses": 26150000000,
    "interestIncome": 0,
    "interestExpense": 729000000,
    "depreciationAndAmortization": 4873000000,
    "ebitda": 10645000000,
    "ebitdaratio": 0.3370697571,
    "operatingIncome": 5431000000,
    "operatingIncomeRatio": 0.1719704886,
    "totalOtherIncomeExpensesNet": -388000000,
    "incomeBeforeTax": 5043000000,
    "incomeBeforeTaxRatio": 0.1596846205,
    "incomeTaxExpense": -6573000000,
    "netIncome": 12319000000,
    "netIncomeRatio": 0.3900763117,
    "eps": 2.08,
    "epsdiluted": 2.07,
    "weightedAverageShsOut": 5909000000,
    "weightedAverageShsOutDil": 5938000000,
    "link": "https://www.sec.gov/Archives/edgar/data/732717/000073271710000091/0000732717-10-000091-index.htm",
    "finalLink": "https://www.sec.gov/Archives/edgar/data/732717/000073271710000091/att3q10.htm"
  },
  {
    "date": "2010-06-30",
    "symbol": "T",
    "reportedCurrency": "USD",
    "cik": "0000732717",
    "fillingDate": "2010-08-06",
    "acceptedDate": "2010-08-06 14:53:47",
    "calendarYear": "2010",
    "period": "Q2",
    "revenue": 30808000000,
    "costOfRevenue": 12452000000,
    "grossProfit": 18356000000,
    "grossProfitRatio": 0.5958192677,
    "researchAndDevelopmentExpenses": 0,
    "generalAndAdministrativeExpenses": 0,
    "sellingAndMarketingExpenses": 0,
    "sellingGeneralAndAdministrativeExpenses": 7454000000,
    "otherExpenses": 723000000,
    "operatingExpenses": 12273000000,
    "costAndExpenses": 24725000000,
    "interestIncome": 0,
    "interestExpense": 754000000,
    "depreciationAndAmortization": 4819000000,
    "ebitda": 11820000000,
    "ebitdaratio": 0.3836665801,
    "operatingIncome": 6083000000,
    "operatingIncomeRatio": 0.1974487146,
    "totalOtherIncomeExpensesNet": 164000000,
    "incomeBeforeTax": 6247000000,
    "incomeBeforeTaxRatio": 0.2027720073,
    "incomeTaxExpense": 2160000000,
    "netIncome": 4003000000,
    "netIncomeRatio": 0.1299337834,
    "eps": 0.68,
    "epsdiluted": 0.67,
    "weightedAverageShsOut": 5909000000,
    "weightedAverageShsOutDil": 5937000000,
    "link": "https://www.sec.gov/Archives/edgar/data/732717/000073271710000074/0000732717-10-000074-index.htm",
    "finalLink": "https://www.sec.gov/Archives/edgar/data/732717/000073271710000074/att2q10.htm"
  },
  {
    "date": "2010-03-31",
    "symbol": "T",
    "reportedCurrency": "USD",
    "cik": "0000732717",
    "fillingDate": "2010-05-06",
    "acceptedDate": "2010-05-06 17:14:53",
    "calendarYear": "2010",
    "period": "Q1",
    "revenue": 30530000000,
    "costOfRevenue": 12383000000,
    "grossProfit": 18147000000,
    "grossProfitRatio": 0.5943989519,
    "researchAndDevelopmentExpenses": 0,
    "generalAndAdministrativeExpenses": 0,
    "sellingAndMarketingExpenses": 0,
    "sellingGeneralAndAdministrativeExpenses": 7396000000,
    "otherExpenses": -22000000,
    "operatingExpenses": 12176000000,
    "costAndExpenses": 24559000000,
    "interestIncome": 0,
    "interestExpense": 765000000,
    "depreciationAndAmortization": 4780000000,
    "ebitda": 10946000000,
    "ebitdaratio": 0.3585325909,
    "operatingIncome": 5971000000,
    "operatingIncomeRatio": 0.1955781199,
    "totalOtherIncomeExpensesNet": -570000000,
    "incomeBeforeTax": 5401000000,
    "incomeBeforeTaxRatio": 0.1769079594,
    "incomeTaxExpense": 2863000000,
    "netIncome": 2453000000,
    "netIncomeRatio": 0.0803471995,
    "eps": 0.42,
    "epsdiluted": 0.41,
    "weightedAverageShsOut": 5905000000,
    "weightedAverageShsOutDil": 5935000000,
    "link": "https://www.sec.gov/Archives/edgar/data/732717/000073271710000033/0000732717-10-000033-index.htm",
    "finalLink": "https://www.sec.gov/Archives/edgar/data/732717/000073271710000033/att1q10.htm"
  },
  {
    "date": "2009-12-31",
    "symbol": "T",
    "reportedCurrency": "USD",
    "cik": "0000732717",
    "fillingDate": "2009-12-31",
    "acceptedDate": "2009-12-30 19:00:00",
    "calendarYear": "2009",
    "period": "Q4",
    "revenue": 30858000000,
    "costOfRevenue": 12800000000,
    "grossProfit": 18058000000,
    "grossProfitRatio": 0.5851967075,
    "researchAndDevelopmentExpenses": 0,
    "generalAndAdministrativeExpenses": 0,
    "sellingAndMarketingExpenses": 0,
    "sellingGeneralAndAdministrativeExpenses": 8182000000,
    "otherExpenses": 109000000,
    "operatingExpenses": 13197000000,
    "costAndExpenses": 25997000000,
    "interestIncome": 0,
    "interestExpense": 798000000,
    "depreciationAndAmortization": 5015000000,
    "ebitda": 10170000000,
    "ebitdaratio": 0.3295741785,
    "operatingIncome": 4861000000,
    "operatingIncomeRatio": 0.1575280316,
    "totalOtherIncomeExpensesNet": -504000000,
    "incomeBeforeTax": 4357000000,
    "incomeBeforeTaxRatio": 0.141195152,
    "incomeTaxExpense": 1266000000,
    "netIncome": 3019000000,
    "netIncomeRatio": 0.0978352453,
    "eps": 0.51,
    "epsdiluted": 0.51,
    "weightedAverageShsOut": 5901000000,
    "weightedAverageShsOutDil": 5927000000,
    "link": "",
    "finalLink": ""
  },
  {
    "date": "2009-09-30",
    "symbol": "T",
    "reportedCurrency": "USD",
    "cik": "0000732717",
    "fillingDate": "2009-09-30",
    "acceptedDate": "2009-09-29 20:00:00",
    "calendarYear": "2009",
    "period": "Q3",
    "revenue": 30734000000,
    "costOfRevenue": 12907000000,
    "grossProfit": 17827000000,
    "grossProfitRatio": 0.5800416477,
    "researchAndDevelopmentExpenses": 0,
    "generalAndAdministrativeExpenses": 0,
    "sellingAndMarketingExpenses": 0,
    "sellingGeneralAndAdministrativeExpenses": 7574000000,
    "otherExpenses": 29000000,
    "operatingExpenses": 12455000000,
    "costAndExpenses": 25362000000,
    "interestIncome": 0,
    "interestExpense": 851000000,
    "depreciationAndAmortization": 4881000000,
    "ebitda": 10463000000,
    "ebitdaratio": 0.3404373007,
    "operatingIncome": 5372000000,
    "operatingIncomeRatio": 0.1747901347,
    "totalOtherIncomeExpensesNet": -641000000,
    "incomeBeforeTax": 4731000000,
    "incomeBeforeTaxRatio": 0.1539337541,
    "incomeTaxExpense": 1463000000,
    "netIncome": 3192000000,
    "netIncomeRatio": 0.1038589185,
    "eps": 0.54,
    "epsdiluted": 0.54,
    "weightedAverageShsOut": 5901000000,
    "weightedAverageShsOutDil": 5922000000,
    "link": "",
    "finalLink": ""
  },
  {
    "date": "2009-06-30",
    "symbol": "T",
    "reportedCurrency": "USD",
    "cik": "0000732717",
    "fillingDate": "2009-06-30",
    "acceptedDate": "2009-06-29 20:00:00",
    "calendarYear": "2009",
    "period": "Q2",
    "revenue": 30614000000,
    "costOfRevenue": 12557000000,
    "grossProfit": 18057000000,
    "grossProfitRatio": 0.5898281832,
    "researchAndDevelopmentExpenses": 0,
    "generalAndAdministrativeExpenses": 0,
    "sellingAndMarketingExpenses": 0,
    "sellingGeneralAndAdministrativeExpenses": 7682000000,
    "otherExpenses": 30000000,
    "operatingExpenses": 12557000000,
    "costAndExpenses": 25114000000,
    "interestIncome": 0,
    "interestExpense": 876000000,
    "depreciationAndAmortization": 4847000000,
    "ebitda": 10636000000,
    "ebitdaratio": 0.3474227478,
    "operatingIncome": 5500000000,
    "operatingIncomeRatio": 0.1796563664,
    "totalOtherIncomeExpensesNet": -615000000,
    "incomeBeforeTax": 4885000000,
    "incomeBeforeTaxRatio": 0.1595675181,
    "incomeTaxExpense": 1612000000,
    "netIncome": 3198000000,
    "netIncomeRatio": 0.1044620108,
    "eps": 0.54,
    "epsdiluted": 0.54,
    "weightedAverageShsOut": 5900000000,
    "weightedAverageShsOutDil": 5923000000,
    "link": "",
    "finalLink": ""
  },
  {
    "date": "2009-03-31",
    "symbol": "T",
    "reportedCurrency": "USD",
    "cik": "0000732717",
    "fillingDate": "2009-03-31",
    "acceptedDate": "2009-03-30 20:00:00",
    "calendarYear": "2009",
    "period": "Q1",
    "revenue": 30571000000,
    "costOfRevenue": 12195000000,
    "grossProfit": 18376000000,
    "grossProfitRatio": 0.6010925387,
    "researchAndDevelopmentExpenses": 0,
    "generalAndAdministrativeExpenses": 0,
    "sellingAndMarketingExpenses": 0,
    "sellingGeneralAndAdministrativeExpenses": 7753000000,
    "otherExpenses": -15000000,
    "operatingExpenses": 12639000000,
    "costAndExpenses": 24834000000,
    "interestIncome": 0,
    "interestExpense": 849000000,
    "depreciationAndAmortization": 4886000000,
    "ebitda": 10745000000,
    "ebitdaratio": 0.3514768899,
    "operatingIncome": 5737000000,
    "operatingIncomeRatio": 0.1876615093,
    "totalOtherIncomeExpensesNet": -727000000,
    "incomeBeforeTax": 5010000000,
    "incomeBeforeTaxRatio": 0.1638808021,
    "incomeTaxExpense": 1809000000,
    "netIncome": 3126000000,
    "netIncomeRatio": 0.1022537699,
    "eps": 0.53,
    "epsdiluted": 0.53,
    "weightedAverageShsOut": 5896000000,
    "weightedAverageShsOutDil": 5922000000,
    "link": "",
    "finalLink": ""
  },
  {
    "date": "2008-12-31",
    "symbol": "T",
    "reportedCurrency": "USD",
    "cik": "0000732717",
    "fillingDate": "2008-12-31",
    "acceptedDate": "2008-12-30 19:00:00",
    "calendarYear": "2008",
    "period": "Q4",
    "revenue": 31076000000,
    "costOfRevenue": 12923000000,
    "grossProfit": 18153000000,
    "grossProfitRatio": 0.5841485391,
    "researchAndDevelopmentExpenses": 0,
    "generalAndAdministrativeExpenses": 0,
    "sellingAndMarketingExpenses": 0,
    "sellingGeneralAndAdministrativeExpenses": 8211000000,
    "otherExpenses": -498000000,
    "operatingExpenses": 13255000000,
    "costAndExpenses": 26178000000,
    "interestIncome": 0,
    "interestExpense": 813000000,
    "depreciationAndAmortization": 5044000000,
    "ebitda": 17430000000,
    "ebitdaratio": 0.5608829965,
    "operatingIncome": 4898000000,
    "operatingIncomeRatio": 0.1576135925,
    "totalOtherIncomeExpensesNet": -1204000000,
    "incomeBeforeTax": 3694000000,
    "incomeBeforeTaxRatio": 0.1188698674,
    "incomeTaxExpense": 1290000000,
    "netIncome": 2404000000,
    "netIncomeRatio": 0.0773587334,
    "eps": 0.41,
    "epsdiluted": 0.41,
    "weightedAverageShsOut": 5893000000,
    "weightedAverageShsOutDil": 5920000000,
    "link": "",
    "finalLink": ""
  },
  {
    "date": "2008-09-30",
    "symbol": "T",
    "reportedCurrency": "USD",
    "cik": "0000732717",
    "fillingDate": "2008-09-30",
    "acceptedDate": "2008-09-29 20:00:00",
    "calendarYear": "2008",
    "period": "Q3",
    "revenue": 31342000000,
    "costOfRevenue": 13022000000,
    "grossProfit": 18320000000,
    "grossProfitRatio": 0.5845191755,
    "researchAndDevelopmentExpenses": 0,
    "generalAndAdministrativeExpenses": 0,
    "sellingAndMarketingExpenses": 0,
    "sellingGeneralAndAdministrativeExpenses": 7724000000,
    "otherExpenses": -23000000,
    "operatingExpenses": 12702000000,
    "costAndExpenses": 25724000000,
    "interestIncome": 0,
    "interestExpense": 858000000,
    "depreciationAndAmortization": 4978000000,
    "ebitda": 10830000000,
    "ebitdaratio": 0.3455427222,
    "operatingIncome": 5618000000,
    "operatingIncomeRatio": 0.179248293,
    "totalOtherIncomeExpensesNet": -624000000,
    "incomeBeforeTax": 4994000000,
    "incomeBeforeTaxRatio": 0.1593389063,
    "incomeTaxExpense": 1705000000,
    "netIncome": 3230000000,
    "netIncomeRatio": 0.1030566014,
    "eps": 0.55,
    "epsdiluted": 0.55,
    "weightedAverageShsOut": 5893000000,
    "weightedAverageShsOutDil": 5921000000,
    "link": "",
    "finalLink": ""
  },
  {
    "date": "2008-06-30",
    "symbol": "T",
    "reportedCurrency": "USD",
    "cik": "0000732717",
    "fillingDate": "2008-08-06",
    "acceptedDate": "2008-08-06 17:08:52",
    "calendarYear": "2008",
    "period": "Q2",
    "revenue": 30866000000,
    "costOfRevenue": 11897000000,
    "grossProfit": 18969000000,
    "grossProfitRatio": 0.6145597097,
    "researchAndDevelopmentExpenses": 0,
    "generalAndAdministrativeExpenses": 0,
    "sellingAndMarketingExpenses": 0,
    "sellingGeneralAndAdministrativeExpenses": 7444000000,
    "otherExpenses": 29000000,
    "operatingExpenses": 12402000000,
    "costAndExpenses": 24299000000,
    "interestIncome": 0,
    "interestExpense": 854000000,
    "depreciationAndAmortization": 4958000000,
    "ebitda": 11766000000,
    "ebitdaratio": 0.3811961381,
    "operatingIncome": 6567000000,
    "operatingIncomeRatio": 0.2127583749,
    "totalOtherIncomeExpensesNet": -613000000,
    "incomeBeforeTax": 5954000000,
    "incomeBeforeTaxRatio": 0.1928983347,
    "incomeTaxExpense": 2111000000,
    "netIncome": 3772000000,
    "netIncomeRatio": 0.1222056632,
    "eps": 0.64,
    "epsdiluted": 0.63,
    "weightedAverageShsOut": 5926000000,
    "weightedAverageShsOutDil": 5962000000,
    "link": "https://www.sec.gov/Archives/edgar/data/732717/000073271708000062/0000732717-08-000062-index.htm",
    "finalLink": "https://www.sec.gov/Archives/edgar/data/732717/000073271708000062/att2q08.htm"
  },
  {
    "date": "2008-03-31",
    "symbol": "T",
    "reportedCurrency": "USD",
    "cik": "0000732717",
    "fillingDate": "2008-03-31",
    "acceptedDate": "2008-03-30 20:00:00",
    "calendarYear": "2008",
    "period": "Q1",
    "revenue": 30744000000,
    "costOfRevenue": 11995000000,
    "grossProfit": 18749000000,
    "grossProfitRatio": 0.6098425709,
    "researchAndDevelopmentExpenses": 0,
    "generalAndAdministrativeExpenses": 0,
    "sellingAndMarketingExpenses": 0,
    "sellingGeneralAndAdministrativeExpenses": 7866000000,
    "otherExpenses": 91000000,
    "operatingExpenses": 12769000000,
    "costAndExpenses": 24764000000,
    "interestIncome": 0,
    "interestExpense": 865000000,
    "depreciationAndAmortization": 4903000000,
    "ebitda": 11217000000,
    "ebitdaratio": 0.3648516784,
    "operatingIncome": 5980000000,
    "operatingIncomeRatio": 0.1945094978,
    "totalOtherIncomeExpensesNet": -531000000,
    "incomeBeforeTax": 5449000000,
    "incomeBeforeTaxRatio": 0.177237835,
    "incomeTaxExpense": 1930000000,
    "netIncome": 3461000000,
    "netIncomeRatio": 0.1125748113,
    "eps": 0.58,
    "epsdiluted": 0.57,
    "weightedAverageShsOut": 5997000000,
    "weightedAverageShsOutDil": 6033000000,
    "link": "",
    "finalLink": ""
  },
  {
    "date": "2007-12-31",
    "symbol": "T",
    "reportedCurrency": "USD",
    "cik": "0000732717",
    "fillingDate": "2007-12-31",
    "acceptedDate": "2007-12-30 19:00:00",
    "calendarYear": "2007",
    "period": "Q4",
    "revenue": 30349000000,
    "costOfRevenue": 11734000000,
    "grossProfit": 18615000000,
    "grossProfitRatio": 0.613364526,
    "researchAndDevelopmentExpenses": 0,
    "generalAndAdministrativeExpenses": 0,
    "sellingAndMarketingExpenses": 0,
    "sellingGeneralAndAdministrativeExpenses": 7900000000,
    "otherExpenses": 1000000,
    "operatingExpenses": 13123000000,
    "costAndExpenses": 24857000000,
    "interestIncome": 0,
    "interestExpense": 868000000,
    "depreciationAndAmortization": 5223000000,
    "ebitda": 10863000000,
    "ebitdaratio": 0.3579360111,
    "operatingIncome": 5492000000,
    "operatingIncomeRatio": 0.1809614814,
    "totalOtherIncomeExpensesNet": -720000000,
    "incomeBeforeTax": 4772000000,
    "incomeBeforeTaxRatio": 0.1572374708,
    "incomeTaxExpense": 1636000000,
    "netIncome": 3136000000,
    "netIncomeRatio": 0.1033312465,
    "eps": 0.52,
    "epsdiluted": 0.52,
    "weightedAverageShsOut": 6052000000,
    "weightedAverageShsOutDil": 6092000000,
    "link": "",
    "finalLink": ""
  },
  {
    "date": "2007-09-30",
    "symbol": "T",
    "reportedCurrency": "USD",
    "cik": "0000732717",
    "fillingDate": "2007-11-06",
    "acceptedDate": "2007-11-05 18:23:57",
    "calendarYear": "2007",
    "period": "Q3",
    "revenue": 30132000000,
    "costOfRevenue": 11736000000,
    "grossProfit": 18396000000,
    "grossProfitRatio": 0.6105137395,
    "researchAndDevelopmentExpenses": 0,
    "generalAndAdministrativeExpenses": 0,
    "sellingAndMarketingExpenses": 0,
    "sellingGeneralAndAdministrativeExpenses": 7770000000,
    "otherExpenses": -17000000,
    "operatingExpenses": 13092000000,
    "costAndExpenses": 24828000000,
    "interestIncome": 0,
    "interestExpense": 887000000,
    "depreciationAndAmortization": 5322000000,
    "ebitda": 10771000000,
    "ebitdaratio": 0.3574605071,
    "operatingIncome": 5304000000,
    "operatingIncomeRatio": 0.1760254879,
    "totalOtherIncomeExpensesNet": -742000000,
    "incomeBeforeTax": 4562000000,
    "incomeBeforeTaxRatio": 0.1514005044,
    "incomeTaxExpense": 1499000000,
    "netIncome": 3063000000,
    "netIncomeRatio": 0.101652728,
    "eps": 0.5,
    "epsdiluted": 0.5,
    "weightedAverageShsOut": 6088000000,
    "weightedAverageShsOutDil": 6129000000,
    "link": "https://www.sec.gov/Archives/edgar/data/732717/000073271707000094/0000732717-07-000094-index.htm",
    "finalLink": "https://www.sec.gov/Archives/edgar/data/732717/000073271707000094/attq3_10q07.htm"
  },
  {
    "date": "2007-06-30",
    "symbol": "T",
    "reportedCurrency": "USD",
    "cik": "0000732717",
    "fillingDate": "2007-08-03",
    "acceptedDate": "2007-08-03 16:10:29",
    "calendarYear": "2007",
    "period": "Q2",
    "revenue": 29478000000,
    "costOfRevenue": 11658000000,
    "grossProfit": 17820000000,
    "grossProfitRatio": 0.6045186241,
    "researchAndDevelopmentExpenses": 0,
    "generalAndAdministrativeExpenses": 0,
    "sellingAndMarketingExpenses": 0,
    "sellingGeneralAndAdministrativeExpenses": 7460000000,
    "otherExpenses": 127000000,
    "operatingExpenses": 12876000000,
    "costAndExpenses": 24534000000,
    "interestIncome": 39000000,
    "interestExpense": 879000000,
    "depreciationAndAmortization": 5416000000,
    "ebitda": 10697000000,
    "ebitdaratio": 0.3628807925,
    "operatingIncome": 4944000000,
    "operatingIncomeRatio": 0.1677182984,
    "totalOtherIncomeExpensesNet": -542000000,
    "incomeBeforeTax": 4402000000,
    "incomeBeforeTaxRatio": 0.149331705,
    "incomeTaxExpense": 1498000000,
    "netIncome": 2904000000,
    "netIncomeRatio": 0.0985141461,
    "eps": 0.47,
    "epsdiluted": 0.47,
    "weightedAverageShsOut": 6145000000,
    "weightedAverageShsOutDil": 6195000000,
    "link": "https://www.sec.gov/Archives/edgar/data/732717/000073271707000074/0000732717-07-000074-index.htm",
    "finalLink": "https://www.sec.gov/Archives/edgar/data/732717/000073271707000074/q2form10q.htm"
  },
  {
    "date": "2007-03-31",
    "symbol": "T",
    "reportedCurrency": "USD",
    "cik": "0000732717",
    "fillingDate": "2007-05-04",
    "acceptedDate": "2007-05-04 17:10:17",
    "calendarYear": "2007",
    "period": "Q1",
    "revenue": 28969000000,
    "costOfRevenue": 11252000000,
    "grossProfit": 17717000000,
    "grossProfitRatio": 0.6115847975,
    "researchAndDevelopmentExpenses": 0,
    "generalAndAdministrativeExpenses": 0,
    "sellingAndMarketingExpenses": 0,
    "sellingGeneralAndAdministrativeExpenses": 7437000000,
    "otherExpenses": 504000000,
    "operatingExpenses": 13053000000,
    "costAndExpenses": 24305000000,
    "interestIncome": 35000000,
    "interestExpense": 873000000,
    "depreciationAndAmortization": 5616000000,
    "ebitda": 10957000000,
    "ebitdaratio": 0.3782319031,
    "operatingIncome": 4664000000,
    "operatingIncomeRatio": 0.1609996893,
    "totalOtherIncomeExpensesNet": -196000000,
    "incomeBeforeTax": 4468000000,
    "incomeBeforeTaxRatio": 0.1542338362,
    "incomeTaxExpense": 1620000000,
    "netIncome": 2848000000,
    "netIncomeRatio": 0.0983119887,
    "eps": 0.46,
    "epsdiluted": 0.45,
    "weightedAverageShsOut": 6224000000,
    "weightedAverageShsOutDil": 6266000000,
    "link": "https://www.sec.gov/Archives/edgar/data/732717/000073271707000030/0000732717-07-000030-index.htm",
    "finalLink": "https://www.sec.gov/Archives/edgar/data/732717/000073271707000030/att_1q07.htm"
  },
  {
    "date": "2006-12-31",
    "symbol": "T",
    "reportedCurrency": "USD",
    "cik": "0000732717",
    "fillingDate": "2007-02-26",
    "acceptedDate": "2007-02-26 17:27:37",
    "calendarYear": "2006",
    "period": "Q4",
    "revenue": 15891000000,
    "costOfRevenue": 6708000000,
    "grossProfit": 9183000000,
    "grossProfitRatio": 0.5778742685,
    "researchAndDevelopmentExpenses": 0,
    "generalAndAdministrativeExpenses": 0,
    "sellingAndMarketingExpenses": 0,
    "sellingGeneralAndAdministrativeExpenses": 4115000000,
    "otherExpenses": -21000000,
    "operatingExpenses": 6607000000,
    "costAndExpenses": 13315000000,
    "interestIncome": 99000000,
    "interestExpense": 465000000,
    "depreciationAndAmortization": 2492000000,
    "ebitda": 5751000000,
    "ebitdaratio": 0.3619029639,
    "operatingIncome": 2576000000,
    "operatingIncomeRatio": 0.1621043358,
    "totalOtherIncomeExpensesNet": 218000000,
    "incomeBeforeTax": 2794000000,
    "incomeBeforeTaxRatio": 0.1758227928,
    "incomeTaxExpense": 856000000,
    "netIncome": 1938000000,
    "netIncomeRatio": 0.1219558241,
    "eps": 0.49,
    "epsdiluted": 0.49,
    "weightedAverageShsOut": 3888000000,
    "weightedAverageShsOutDil": 3908000000,
    "link": "https://www.sec.gov/Archives/edgar/data/732717/000073271707000015/0000732717-07-000015-index.htm",
    "finalLink": "https://www.sec.gov/Archives/edgar/data/732717/000073271707000015/att10_k.htm"
  },
  {
    "date": "2006-09-30",
    "symbol": "T",
    "reportedCurrency": "USD",
    "cik": "0000732717",
    "fillingDate": "2006-11-02",
    "acceptedDate": "2006-11-02 16:04:37",
    "calendarYear": "2006",
    "period": "Q3",
    "revenue": 15638000000,
    "costOfRevenue": 6923000000,
    "grossProfit": 8715000000,
    "grossProfitRatio": 0.5572963295,
    "researchAndDevelopmentExpenses": 0,
    "generalAndAdministrativeExpenses": 0,
    "sellingAndMarketingExpenses": 0,
    "sellingGeneralAndAdministrativeExpenses": 3361000000,
    "otherExpenses": 109000000,
    "operatingExpenses": 5798000000,
    "costAndExpenses": 12721000000,
    "interestIncome": 98000000,
    "interestExpense": 442000000,
    "depreciationAndAmortization": 2437000000,
    "ebitda": 6112000000,
    "ebitdaratio": 0.3908428188,
    "operatingIncome": 2917000000,
    "operatingIncomeRatio": 0.1865328047,
    "totalOtherIncomeExpensesNet": 316000000,
    "incomeBeforeTax": 3233000000,
    "incomeBeforeTaxRatio": 0.2067399923,
    "incomeTaxExpense": 1068000000,
    "netIncome": 2165000000,
    "netIncomeRatio": 0.1384448139,
    "eps": 0.56,
    "epsdiluted": 0.56,
    "weightedAverageShsOut": 3873000000,
    "weightedAverageShsOutDil": 3892000000,
    "link": "https://www.sec.gov/Archives/edgar/data/732717/000073271706000074/0000732717-06-000074-index.htm",
    "finalLink": "https://www.sec.gov/Archives/edgar/data/732717/000073271706000074/att_3q.htm"
  },
  {
    "date": "2006-06-30",
    "symbol": "T",
    "reportedCurrency": "USD",
    "cik": "0000732717",
    "fillingDate": "2006-08-04",
    "acceptedDate": "2006-08-04 14:24:46",
    "calendarYear": "2006",
    "period": "Q2",
    "revenue": 15770000000,
    "costOfRevenue": 7163000000,
    "grossProfit": 8607000000,
    "grossProfitRatio": 0.5457831325,
    "researchAndDevelopmentExpenses": 0,
    "generalAndAdministrativeExpenses": 0,
    "sellingAndMarketingExpenses": 0,
    "sellingGeneralAndAdministrativeExpenses": 3517000000,
    "otherExpenses": 15000000,
    "operatingExpenses": 6003000000,
    "costAndExpenses": 13166000000,
    "interestIncome": 95000000,
    "interestExpense": 472000000,
    "depreciationAndAmortization": 2486000000,
    "ebitda": 5655000000,
    "ebitdaratio": 0.3585922638,
    "operatingIncome": 2604000000,
    "operatingIncomeRatio": 0.1651236525,
    "totalOtherIncomeExpensesNet": 93000000,
    "incomeBeforeTax": 2697000000,
    "incomeBeforeTaxRatio": 0.1710209258,
    "incomeTaxExpense": 889000000,
    "netIncome": 1808000000,
    "netIncomeRatio": 0.1146480659,
    "eps": 0.47,
    "epsdiluted": 0.46,
    "weightedAverageShsOut": 3886000000,
    "weightedAverageShsOutDil": 3905000000,
    "link": "https://www.sec.gov/Archives/edgar/data/732717/000073271706000061/0000732717-06-000061-index.htm",
    "finalLink": "https://www.sec.gov/Archives/edgar/data/732717/000073271706000061/att_2q.htm"
  },
  {
    "date": "2006-03-31",
    "symbol": "T",
    "reportedCurrency": "USD",
    "cik": "0000732717",
    "fillingDate": "2006-05-05",
    "acceptedDate": "2006-05-05 17:24:14",
    "calendarYear": "2006",
    "period": "Q1",
    "revenue": 15756000000,
    "costOfRevenue": 7364000000,
    "grossProfit": 8392000000,
    "grossProfitRatio": 0.532622493,
    "researchAndDevelopmentExpenses": 0,
    "generalAndAdministrativeExpenses": 0,
    "sellingAndMarketingExpenses": 0,
    "sellingGeneralAndAdministrativeExpenses": 3709000000,
    "otherExpenses": 11000000,
    "operatingExpenses": 6201000000,
    "costAndExpenses": 13565000000,
    "interestIncome": 85000000,
    "interestExpense": 464000000,
    "depreciationAndAmortization": 2492000000,
    "ebitda": 5113000000,
    "ebitdaratio": 0.3245112973,
    "operatingIncome": 2191000000,
    "operatingIncomeRatio": 0.1390581366,
    "totalOtherIncomeExpensesNet": -34000000,
    "incomeBeforeTax": 2157000000,
    "incomeBeforeTaxRatio": 0.1369002285,
    "incomeTaxExpense": 712000000,
    "netIncome": 1445000000,
    "netIncomeRatio": 0.0917110942,
    "eps": 0.37,
    "epsdiluted": 0.37,
    "weightedAverageShsOut": 3882000000,
    "weightedAverageShsOutDil": 3902000000,
    "link": "https://www.sec.gov/Archives/edgar/data/732717/000073271706000018/0000732717-06-000018-index.htm",
    "finalLink": "https://www.sec.gov/Archives/edgar/data/732717/000073271706000018/att_1q.htm"
  },
  {
    "date": "2005-12-31",
    "symbol": "T",
    "reportedCurrency": "USD",
    "cik": "0000732717",
    "fillingDate": "2006-03-01",
    "acceptedDate": "2006-02-28 18:15:37",
    "calendarYear": "2005",
    "period": "Q4",
    "revenue": 12966000000,
    "costOfRevenue": 6014000000,
    "grossProfit": 6952000000,
    "grossProfitRatio": 0.5361715255,
    "researchAndDevelopmentExpenses": 0,
    "generalAndAdministrativeExpenses": 0,
    "sellingAndMarketingExpenses": 0,
    "sellingGeneralAndAdministrativeExpenses": 3614000000,
    "otherExpenses": 3000000,
    "operatingExpenses": 5820000000,
    "costAndExpenses": 11834000000,
    "interestIncome": 92000000,
    "interestExpense": 405000000,
    "depreciationAndAmortization": 2206000000,
    "ebitda": 3700000000,
    "ebitdaratio": 0.2853617153,
    "operatingIncome": 1132000000,
    "operatingIncomeRatio": 0.0873052599,
    "totalOtherIncomeExpensesNet": -43000000,
    "incomeBeforeTax": 1089000000,
    "incomeBeforeTaxRatio": 0.083988894,
    "incomeTaxExpense": -566000000,
    "netIncome": 1655000000,
    "netIncomeRatio": 0.127641524,
    "eps": 0.47,
    "epsdiluted": 0.47,
    "weightedAverageShsOut": 3572000000,
    "weightedAverageShsOutDil": 3583000000,
    "link": "https://www.sec.gov/Archives/edgar/data/732717/000073271706000008/0000732717-06-000008-index.htm",
    "finalLink": "https://www.sec.gov/Archives/edgar/data/732717/000073271706000008/form10k2005.htm"
  },
  {
    "date": "2005-09-30",
    "symbol": "T",
    "reportedCurrency": "USD",
    "cik": "0000732717",
    "fillingDate": "2005-11-04",
    "acceptedDate": "2005-11-04 15:12:36",
    "calendarYear": "2005",
    "period": "Q3",
    "revenue": 10304000000,
    "costOfRevenue": 4364000000,
    "grossProfit": 5940000000,
    "grossProfitRatio": 0.5764751553,
    "researchAndDevelopmentExpenses": 0,
    "generalAndAdministrativeExpenses": 0,
    "sellingAndMarketingExpenses": 0,
    "sellingGeneralAndAdministrativeExpenses": 2175000000,
    "otherExpenses": -70000000,
    "operatingExpenses": 3978000000,
    "costAndExpenses": 8342000000,
    "interestIncome": 82000000,
    "interestExpense": 349000000,
    "depreciationAndAmortization": 1803000000,
    "ebitda": 3996000000,
    "ebitdaratio": 0.387810559,
    "operatingIncome": 1962000000,
    "operatingIncomeRatio": 0.1904114907,
    "totalOtherIncomeExpensesNet": -118000000,
    "incomeBeforeTax": 1844000000,
    "incomeBeforeTaxRatio": 0.1789596273,
    "incomeTaxExpense": 598000000,
    "netIncome": 1246000000,
    "netIncomeRatio": 0.120923913,
    "eps": 0.38,
    "epsdiluted": 0.38,
    "weightedAverageShsOut": 3296000000,
    "weightedAverageShsOutDil": 3306000000,
    "link": "https://www.sec.gov/Archives/edgar/data/732717/000073271705000412/0000732717-05-000412-index.htm",
    "finalLink": "https://www.sec.gov/Archives/edgar/data/732717/000073271705000412/q305.htm"
  },
  {
    "date": "2005-06-30",
    "symbol": "T",
    "reportedCurrency": "USD",
    "cik": "0000732717",
    "fillingDate": "2005-08-05",
    "acceptedDate": "2005-08-04 19:51:13",
    "calendarYear": "2005",
    "period": "Q2",
    "revenue": 10317000000,
    "costOfRevenue": 4401000000,
    "grossProfit": 5916000000,
    "grossProfitRatio": 0.5734225065,
    "researchAndDevelopmentExpenses": 0,
    "generalAndAdministrativeExpenses": 0,
    "sellingAndMarketingExpenses": 0,
    "sellingGeneralAndAdministrativeExpenses": 2589000000,
    "otherExpenses": 34000000,
    "operatingExpenses": 4398000000,
    "costAndExpenses": 8799000000,
    "interestIncome": 100000000,
    "interestExpense": 349000000,
    "depreciationAndAmortization": 1809000000,
    "ebitda": 3642000000,
    "ebitdaratio": 0.3530095958,
    "operatingIncome": 1518000000,
    "operatingIncomeRatio": 0.1471357953,
    "totalOtherIncomeExpensesNet": -34000000,
    "incomeBeforeTax": 1484000000,
    "incomeBeforeTaxRatio": 0.1438402636,
    "incomeTaxExpense": 484000000,
    "netIncome": 1000000000,
    "netIncomeRatio": 0.0969274014,
    "eps": 0.3,
    "epsdiluted": 0.3,
    "weightedAverageShsOut": 3302000000,
    "weightedAverageShsOutDil": 3312000000,
    "link": "https://www.sec.gov/Archives/edgar/data/732717/000073271705000397/0000732717-05-000397-index.htm",
    "finalLink": "https://www.sec.gov/Archives/edgar/data/732717/000073271705000397/q205.htm"
  },
  {
    "date": "2005-03-31",
    "symbol": "T",
    "reportedCurrency": "USD",
    "cik": "0000732717",
    "fillingDate": "2005-05-06",
    "acceptedDate": "2005-05-06 17:15:36",
    "calendarYear": "2005",
    "period": "Q1",
    "revenue": 10248000000,
    "costOfRevenue": 4388000000,
    "grossProfit": 5860000000,
    "grossProfitRatio": 0.5718188915,
    "researchAndDevelopmentExpenses": 0,
    "generalAndAdministrativeExpenses": 0,
    "sellingAndMarketingExpenses": 0,
    "sellingGeneralAndAdministrativeExpenses": 2479000000,
    "otherExpenses": 47000000,
    "operatingExpenses": 4304000000,
    "costAndExpenses": 8692000000,
    "interestIncome": 109000000,
    "interestExpense": 353000000,
    "depreciationAndAmortization": 1825000000,
    "ebitda": 3479000000,
    "ebitdaratio": 0.3394808743,
    "operatingIncome": 1556000000,
    "operatingIncomeRatio": 0.1518345043,
    "totalOtherIncomeExpensesNet": -255000000,
    "incomeBeforeTax": 1301000000,
    "incomeBeforeTaxRatio": 0.1269516003,
    "incomeTaxExpense": 416000000,
    "netIncome": 885000000,
    "netIncomeRatio": 0.0863583138,
    "eps": 0.27,
    "epsdiluted": 0.27,
    "weightedAverageShsOut": 3303000000,
    "weightedAverageShsOutDil": 3315000000,
    "link": "https://www.sec.gov/Archives/edgar/data/732717/000073271705000279/0000732717-05-000279-index.htm",
    "finalLink": "https://www.sec.gov/Archives/edgar/data/732717/000073271705000279/q105.htm"
  },
  {
    "date": "2004-12-31",
    "symbol": "T",
    "reportedCurrency": "USD",
    "cik": "0000732717",
    "fillingDate": "2005-03-11",
    "acceptedDate": "2005-03-11 14:52:31",
    "calendarYear": "2004",
    "period": "Q4",
    "revenue": 10287000000,
    "costOfRevenue": 4580000000,
    "grossProfit": 5707000000,
    "grossProfitRatio": 0.554777875,
    "researchAndDevelopmentExpenses": 0,
    "generalAndAdministrativeExpenses": 0,
    "sellingAndMarketingExpenses": 0,
    "sellingGeneralAndAdministrativeExpenses": 2596000000,
    "otherExpenses": 60000000,
    "operatingExpenses": 4460000000,
    "costAndExpenses": 9040000000,
    "interestIncome": 116000000,
    "interestExpense": 318000000,
    "depreciationAndAmortization": 1864000000,
    "ebitda": 2989000000,
    "ebitdaratio": 0.2905609021,
    "operatingIncome": 1247000000,
    "operatingIncomeRatio": 0.1212209585,
    "totalOtherIncomeExpensesNet": -440000000,
    "incomeBeforeTax": 807000000,
    "incomeBeforeTaxRatio": 0.0784485273,
    "incomeTaxExpense": 119000000,
    "netIncome": 688000000,
    "netIncomeRatio": 0.0668805288,
    "eps": 0.21,
    "epsdiluted": 0.2,
    "weightedAverageShsOut": 3307000000,
    "weightedAverageShsOutDil": 3316000000,
    "link": "https://www.sec.gov/Archives/edgar/data/732717/000073271705000176/0000732717-05-000176-index.htm",
    "finalLink": "https://www.sec.gov/Archives/edgar/data/732717/000073271705000176/form10k.htm"
  },
  {
    "date": "2004-09-30",
    "symbol": "T",
    "reportedCurrency": "USD",
    "cik": "0000732717",
    "fillingDate": "2004-11-05",
    "acceptedDate": "2004-11-05 14:59:52",
    "calendarYear": "2004",
    "period": "Q3",
    "revenue": 10292000000,
    "costOfRevenue": 4319000000,
    "grossProfit": 5973000000,
    "grossProfitRatio": 0.5803536728,
    "researchAndDevelopmentExpenses": 0,
    "generalAndAdministrativeExpenses": 0,
    "sellingAndMarketingExpenses": 0,
    "sellingGeneralAndAdministrativeExpenses": 2386000000,
    "otherExpenses": 45000000,
    "operatingExpenses": 4275000000,
    "costAndExpenses": 8594000000,
    "interestIncome": 140000000,
    "interestExpense": 238000000,
    "depreciationAndAmortization": 1889000000,
    "ebitda": 3982000000,
    "ebitdaratio": 0.3869024485,
    "operatingIncome": 1698000000,
    "operatingIncomeRatio": 0.1649825107,
    "totalOtherIncomeExpensesNet": 157000000,
    "incomeBeforeTax": 1855000000,
    "incomeBeforeTaxRatio": 0.1802370773,
    "incomeTaxExpense": 610000000,
    "netIncome": 2094000000,
    "netIncomeRatio": 0.2034589973,
    "eps": 0.63,
    "epsdiluted": 0.63,
    "weightedAverageShsOut": 3314000000,
    "weightedAverageShsOutDil": 3325000000,
    "link": "https://www.sec.gov/Archives/edgar/data/732717/000073271704000664/0000732717-04-000664-index.htm",
    "finalLink": "https://www.sec.gov/Archives/edgar/data/732717/000073271704000664/q304.htm"
  },
  {
    "date": "2004-06-30",
    "symbol": "T",
    "reportedCurrency": "USD",
    "cik": "0000732717",
    "fillingDate": "2004-08-05",
    "acceptedDate": "2004-08-05 14:35:02",
    "calendarYear": "2004",
    "period": "Q2",
    "revenue": 10196000000,
    "costOfRevenue": 4292000000,
    "grossProfit": 5904000000,
    "grossProfitRatio": 0.5790506081,
    "researchAndDevelopmentExpenses": 0,
    "generalAndAdministrativeExpenses": 0,
    "sellingAndMarketingExpenses": 0,
    "sellingGeneralAndAdministrativeExpenses": 2576000000,
    "otherExpenses": -44000000,
    "operatingExpenses": 4464000000,
    "costAndExpenses": 8756000000,
    "interestIncome": 120000000,
    "interestExpense": 235000000,
    "depreciationAndAmortization": 1888000000,
    "ebitda": 3773000000,
    "ebitdaratio": 0.3700470773,
    "operatingIncome": 1440000000,
    "operatingIncomeRatio": 0.1412318556,
    "totalOtherIncomeExpensesNet": 210000000,
    "incomeBeforeTax": 1650000000,
    "incomeBeforeTaxRatio": 0.1618281679,
    "incomeTaxExpense": 515000000,
    "netIncome": 1168000000,
    "netIncomeRatio": 0.1145547273,
    "eps": 0.35,
    "epsdiluted": 0.35,
    "weightedAverageShsOut": 3312000000,
    "weightedAverageShsOutDil": 3323000000,
    "link": "https://www.sec.gov/Archives/edgar/data/732717/000073271704000525/0000732717-04-000525-index.htm",
    "finalLink": "https://www.sec.gov/Archives/edgar/data/732717/000073271704000525/q204.htm"
  },
  {
    "date": "2004-03-31",
    "symbol": "T",
    "reportedCurrency": "USD",
    "cik": "0000732717",
    "fillingDate": "2004-05-06",
    "acceptedDate": "2004-05-06 16:21:19",
    "calendarYear": "2004",
    "period": "Q1",
    "revenue": 10012000000,
    "costOfRevenue": 4227000000,
    "grossProfit": 5785000000,
    "grossProfitRatio": 0.577806632,
    "researchAndDevelopmentExpenses": 0,
    "generalAndAdministrativeExpenses": 0,
    "sellingAndMarketingExpenses": 0,
    "sellingGeneralAndAdministrativeExpenses": 2346000000,
    "otherExpenses": 861000000,
    "operatingExpenses": 4269000000,
    "costAndExpenses": 8496000000,
    "interestIncome": 116000000,
    "interestExpense": 232000000,
    "depreciationAndAmortization": 1923000000,
    "ebitda": 5008000000,
    "ebitdaratio": 0.5001997603,
    "operatingIncome": 1516000000,
    "operatingIncomeRatio": 0.151418298,
    "totalOtherIncomeExpensesNet": 1337000000,
    "incomeBeforeTax": 2853000000,
    "incomeBeforeTaxRatio": 0.2849580503,
    "incomeTaxExpense": 942000000,
    "netIncome": 1937000000,
    "netIncomeRatio": 0.1934678386,
    "eps": 0.59,
    "epsdiluted": 0.58,
    "weightedAverageShsOut": 3308000000,
    "weightedAverageShsOutDil": 3323000000,
    "link": "https://www.sec.gov/Archives/edgar/data/732717/000073271704000346/0000732717-04-000346-index.htm",
    "finalLink": "https://www.sec.gov/Archives/edgar/data/732717/000073271704000346/q104.htm"
  },
  {
    "date": "2003-12-31",
    "symbol": "T",
    "reportedCurrency": "USD",
    "cik": "0000732717",
    "fillingDate": "2004-03-11",
    "acceptedDate": "2004-03-11 15:48:23",
    "calendarYear": "2003",
    "period": "Q4",
    "revenue": 10067000000,
    "costOfRevenue": 4333000000,
    "grossProfit": 5734000000,
    "grossProfitRatio": 0.5695837886,
    "researchAndDevelopmentExpenses": 0,
    "generalAndAdministrativeExpenses": 0,
    "sellingAndMarketingExpenses": 0,
    "sellingGeneralAndAdministrativeExpenses": 2577000000,
    "otherExpenses": 130000000,
    "operatingExpenses": 4522000000,
    "costAndExpenses": 8855000000,
    "interestIncome": 198000000,
    "interestExpense": 269000000,
    "depreciationAndAmortization": 1945000000,
    "ebitda": 3565000000,
    "ebitdaratio": 0.3541273468,
    "operatingIncome": 1212000000,
    "operatingIncomeRatio": 0.1203933645,
    "totalOtherIncomeExpensesNet": 139000000,
    "incomeBeforeTax": 1351000000,
    "incomeBeforeTaxRatio": 0.1342008543,
    "incomeTaxExpense": 439000000,
    "netIncome": 898000000,
    "netIncomeRatio": 0.0892023443,
    "eps": 0.27,
    "epsdiluted": 0.27,
    "weightedAverageShsOut": 3309000000,
    "weightedAverageShsOutDil": 3317000000,
    "link": "https://www.sec.gov/Archives/edgar/data/732717/000073271704000205/0000732717-04-000205-index.htm",
    "finalLink": "https://www.sec.gov/Archives/edgar/data/732717/000073271704000205/sbc10k.htm"
  },
  {
    "date": "2003-09-30",
    "symbol": "T",
    "reportedCurrency": "USD",
    "cik": "0000732717",
    "fillingDate": "2003-11-12",
    "acceptedDate": "2003-11-12 11:04:48",
    "calendarYear": "2003",
    "period": "Q3",
    "revenue": 10150000000,
    "costOfRevenue": 4261000000,
    "grossProfit": 5889000000,
    "grossProfitRatio": 0.5801970443,
    "researchAndDevelopmentExpenses": 0,
    "generalAndAdministrativeExpenses": 0,
    "sellingAndMarketingExpenses": 0,
    "sellingGeneralAndAdministrativeExpenses": 2376000000,
    "otherExpenses": 21000000,
    "operatingExpenses": 4328000000,
    "costAndExpenses": 8589000000,
    "interestIncome": 126000000,
    "interestExpense": 280000000,
    "depreciationAndAmortization": 1952000000,
    "ebitda": 3997000000,
    "ebitdaratio": 0.3937931034,
    "operatingIncome": 1561000000,
    "operatingIncomeRatio": 0.1537931034,
    "totalOtherIncomeExpensesNet": 204000000,
    "incomeBeforeTax": 1765000000,
    "incomeBeforeTaxRatio": 0.1738916256,
    "incomeTaxExpense": 579000000,
    "netIncome": 1216000000,
    "netIncomeRatio": 0.1198029557,
    "eps": 0.37,
    "epsdiluted": 0.37,
    "weightedAverageShsOut": 3319000000,
    "weightedAverageShsOutDil": 3331000000,
    "link": "https://www.sec.gov/Archives/edgar/data/732717/000073271703000897/0000732717-03-000897-index.htm",
    "finalLink": "https://www.sec.gov/Archives/edgar/data/732717/000073271703000897/q303.htm"
  },
  {
    "date": "2003-06-30",
    "symbol": "T",
    "reportedCurrency": "USD",
    "cik": "0000732717",
    "fillingDate": "2003-08-12",
    "acceptedDate": "2003-08-12 15:00:29",
    "calendarYear": "2003",
    "period": "Q2",
    "revenue": 10236000000,
    "costOfRevenue": 4067000000,
    "grossProfit": 6169000000,
    "grossProfitRatio": 0.6026768269,
    "researchAndDevelopmentExpenses": 0,
    "generalAndAdministrativeExpenses": 0,
    "sellingAndMarketingExpenses": 0,
    "sellingGeneralAndAdministrativeExpenses": 2442000000,
    "otherExpenses": 84000000,
    "operatingExpenses": 4419000000,
    "costAndExpenses": 8486000000,
    "interestIncome": 143000000,
    "interestExpense": 376000000,
    "depreciationAndAmortization": 1977000000,
    "ebitda": 4425000000,
    "ebitdaratio": 0.4322977726,
    "operatingIncome": 1750000000,
    "operatingIncomeRatio": 0.1709652208,
    "totalOtherIncomeExpensesNet": 322000000,
    "incomeBeforeTax": 2072000000,
    "incomeBeforeTaxRatio": 0.2024228214,
    "incomeTaxExpense": 684000000,
    "netIncome": 1388000000,
    "netIncomeRatio": 0.1355998437,
    "eps": 0.42,
    "epsdiluted": 0.42,
    "weightedAverageShsOut": 3323000000,
    "weightedAverageShsOutDil": 3334000000,
    "link": "https://www.sec.gov/Archives/edgar/data/732717/000073271703000694/0000732717-03-000694-index.htm",
    "finalLink": "https://www.sec.gov/Archives/edgar/data/732717/000073271703000694/q203.htm"
  },
  {
    "date": "2003-03-31",
    "symbol": "T",
    "reportedCurrency": "USD",
    "cik": "0000732717",
    "fillingDate": "2003-05-12",
    "acceptedDate": "2003-05-09 18:01:47",
    "calendarYear": "2003",
    "period": "Q1",
    "revenue": 10375000000,
    "costOfRevenue": 4083000000,
    "grossProfit": 6292000000,
    "grossProfitRatio": 0.6064578313,
    "researchAndDevelopmentExpenses": 0,
    "generalAndAdministrativeExpenses": 0,
    "sellingAndMarketingExpenses": 0,
    "sellingGeneralAndAdministrativeExpenses": 2398000000,
    "otherExpenses": 1581000000,
    "operatingExpenses": 4394000000,
    "costAndExpenses": 8477000000,
    "interestIncome": 136000000,
    "interestExpense": 317000000,
    "depreciationAndAmortization": 1996000000,
    "ebitda": 5976000000,
    "ebitdaratio": 0.576,
    "operatingIncome": 1898000000,
    "operatingIncomeRatio": 0.182939759,
    "totalOtherIncomeExpensesNet": 1765000000,
    "incomeBeforeTax": 3663000000,
    "incomeBeforeTaxRatio": 0.353060241,
    "incomeTaxExpense": 1208000000,
    "netIncome": 4996000000,
    "netIncomeRatio": 0.4815421687,
    "eps": 1.5,
    "epsdiluted": 1.5,
    "weightedAverageShsOut": 3320000000,
    "weightedAverageShsOutDil": 3333000000,
    "link": "https://www.sec.gov/Archives/edgar/data/732717/000073271703000415/0000732717-03-000415-index.htm",
    "finalLink": "https://www.sec.gov/Archives/edgar/data/732717/000073271703000415/q103_10q.htm"
  },
  {
    "date": "2002-12-31",
    "symbol": "T",
    "reportedCurrency": "USD",
    "cik": "0000732717",
    "fillingDate": "2003-03-14",
    "acceptedDate": "2003-03-13 17:57:50",
    "calendarYear": "2002",
    "period": "Q4",
    "revenue": 11217000000,
    "costOfRevenue": 7140000000,
    "grossProfit": 4077000000,
    "grossProfitRatio": 0.3634661674,
    "researchAndDevelopmentExpenses": 0,
    "generalAndAdministrativeExpenses": 0,
    "sellingAndMarketingExpenses": 0,
    "sellingGeneralAndAdministrativeExpenses": 0,
    "otherExpenses": 508000000,
    "operatingExpenses": 2138000000,
    "costAndExpenses": 9278000000,
    "interestIncome": 134000000,
    "interestExpense": 336000000,
    "depreciationAndAmortization": 2138000000,
    "ebitda": 5024000000,
    "ebitdaratio": 0.4478915931,
    "operatingIncome": 1939000000,
    "operatingIncomeRatio": 0.1728626192,
    "totalOtherIncomeExpensesNet": 611000000,
    "incomeBeforeTax": 2550000000,
    "incomeBeforeTaxRatio": 0.2273335116,
    "incomeTaxExpense": 402000000,
    "netIncome": 2138000000,
    "netIncomeRatio": 0.1906035482,
    "eps": 0.71,
    "epsdiluted": 0.7,
    "weightedAverageShsOut": 3318000000,
    "weightedAverageShsOutDil": 3333000000,
    "link": "https://www.sec.gov/Archives/edgar/data/732717/000073271703000210/0000732717-03-000210-index.htm",
    "finalLink": "https://www.sec.gov/Archives/edgar/data/732717/000073271703000210/sbc10k.htm"
  },
  {
    "date": "2002-09-30",
    "symbol": "T",
    "reportedCurrency": "USD",
    "cik": "0000732717",
    "fillingDate": "2002-11-13",
    "acceptedDate": "2002-11-13 15:27:47",
    "calendarYear": "2002",
    "period": "Q3",
    "revenue": 10556000000,
    "costOfRevenue": 4136000000,
    "grossProfit": 6420000000,
    "grossProfitRatio": 0.6081849185,
    "researchAndDevelopmentExpenses": 0,
    "generalAndAdministrativeExpenses": 0,
    "sellingAndMarketingExpenses": 0,
    "sellingGeneralAndAdministrativeExpenses": 2243000000,
    "otherExpenses": 2000000,
    "operatingExpenses": 4391000000,
    "costAndExpenses": 8527000000,
    "interestIncome": 137000000,
    "interestExpense": 356000000,
    "depreciationAndAmortization": 2148000000,
    "ebitda": 5045000000,
    "ebitdaratio": 0.4779272452,
    "operatingIncome": 2029000000,
    "operatingIncomeRatio": 0.1922129595,
    "totalOtherIncomeExpensesNet": 512000000,
    "incomeBeforeTax": 2541000000,
    "incomeBeforeTaxRatio": 0.2407161804,
    "incomeTaxExpense": 832000000,
    "netIncome": 1709000000,
    "netIncomeRatio": 0.1618984464,
    "eps": 0.51,
    "epsdiluted": 0.51,
    "weightedAverageShsOut": 3322000000,
    "weightedAverageShsOutDil": 3336000000,
    "link": "https://www.sec.gov/Archives/edgar/data/732717/000073271702000083/0000732717-02-000083-index.htm",
    "finalLink": "https://www.sec.gov/Archives/edgar/data/732717/000073271702000083/sbc10q.htm"
  },
  {
    "date": "2002-06-30",
    "symbol": "T",
    "reportedCurrency": "USD",
    "cik": "0000732717",
    "fillingDate": "2002-08-12",
    "acceptedDate": "2002-08-12 13:37:34",
    "calendarYear": "2002",
    "period": "Q2",
    "revenue": 10843000000,
    "costOfRevenue": 4094000000,
    "grossProfit": 6749000000,
    "grossProfitRatio": 0.622429217,
    "researchAndDevelopmentExpenses": 0,
    "generalAndAdministrativeExpenses": 0,
    "sellingAndMarketingExpenses": 0,
    "sellingGeneralAndAdministrativeExpenses": 2429000000,
    "otherExpenses": 209000000,
    "operatingExpenses": 4585000000,
    "costAndExpenses": 8679000000,
    "interestIncome": 148000000,
    "interestExpense": 340000000,
    "depreciationAndAmortization": 2156000000,
    "ebitda": 5127000000,
    "ebitdaratio": 0.47283962,
    "operatingIncome": 2164000000,
    "operatingIncomeRatio": 0.1995757632,
    "totalOtherIncomeExpensesNet": 467000000,
    "incomeBeforeTax": 2631000000,
    "incomeBeforeTaxRatio": 0.2426450244,
    "incomeTaxExpense": 849000000,
    "netIncome": 1782000000,
    "netIncomeRatio": 0.1643456608,
    "eps": 0.53,
    "epsdiluted": 0.53,
    "weightedAverageShsOut": 3333000000,
    "weightedAverageShsOutDil": 3352000000,
    "link": "https://www.sec.gov/Archives/edgar/data/732717/000073271702000039/0000732717-02-000039-index.htm",
    "finalLink": "https://www.sec.gov/Archives/edgar/data/732717/000073271702000039/sbc2q02.htm"
  },
  {
    "date": "2002-03-31",
    "symbol": "T",
    "reportedCurrency": "USD",
    "cik": "0000732717",
    "fillingDate": "2002-05-03",
    "acceptedDate": "2002-05-03 13:45:07",
    "calendarYear": "2002",
    "period": "Q1",
    "revenue": 10522000000,
    "costOfRevenue": 3912000000,
    "grossProfit": 6610000000,
    "grossProfitRatio": 0.6282075651,
    "researchAndDevelopmentExpenses": 0,
    "generalAndAdministrativeExpenses": 0,
    "sellingAndMarketingExpenses": 0,
    "sellingGeneralAndAdministrativeExpenses": 2292000000,
    "otherExpenses": 16000000,
    "operatingExpenses": 4428000000,
    "costAndExpenses": 8340000000,
    "interestIncome": 142000000,
    "interestExpense": 350000000,
    "depreciationAndAmortization": 2136000000,
    "ebitda": 4913000000,
    "ebitdaratio": 0.4669264398,
    "operatingIncome": 2182000000,
    "operatingIncomeRatio": 0.2073750238,
    "totalOtherIncomeExpensesNet": 245000000,
    "incomeBeforeTax": 2427000000,
    "incomeBeforeTaxRatio": 0.2306595704,
    "incomeTaxExpense": 800000000,
    "netIncome": -193000000,
    "netIncomeRatio": -0.0183425204,
    "eps": -0.0577,
    "epsdiluted": -0.0573,
    "weightedAverageShsOut": 3347000000,
    "weightedAverageShsOutDil": 3371000000,
    "link": "https://www.sec.gov/Archives/edgar/data/732717/000073271702000015/0000732717-02-000015-index.htm",
    "finalLink": "https://www.sec.gov/Archives/edgar/data/732717/000073271702000015/sbc10q.htm"
  },
  {
    "date": "2001-12-31",
    "symbol": "T",
    "reportedCurrency": "USD",
    "cik": "0000732717",
    "fillingDate": "2002-02-28",
    "acceptedDate": "2002-02-28 00:00:00",
    "calendarYear": "2001",
    "period": "Q4",
    "revenue": 11903000000,
    "costOfRevenue": 7318000000,
    "grossProfit": 4585000000,
    "grossProfitRatio": 0.3851970092,
    "researchAndDevelopmentExpenses": 0,
    "generalAndAdministrativeExpenses": 0,
    "sellingAndMarketingExpenses": 0,
    "sellingGeneralAndAdministrativeExpenses": 0,
    "otherExpenses": -250000000,
    "operatingExpenses": 2255000000,
    "costAndExpenses": 9573000000,
    "interestIncome": 167000000,
    "interestExpense": 338000000,
    "depreciationAndAmortization": 2255000000,
    "ebitda": 4646000000,
    "ebitdaratio": 0.3903217676,
    "operatingIncome": 2330000000,
    "operatingIncomeRatio": 0.1957489708,
    "totalOtherIncomeExpensesNet": -277000000,
    "incomeBeforeTax": 2053000000,
    "incomeBeforeTaxRatio": 0.1724775267,
    "incomeTaxExpense": 808000000,
    "netIncome": 1245000000,
    "netIncomeRatio": 0.1045954801,
    "eps": 0.3,
    "epsdiluted": 0.3,
    "weightedAverageShsOut": 3360000000,
    "weightedAverageShsOutDil": 3387000000,
    "link": "https://www.sec.gov/Archives/edgar/data/732717/000073271702000013/0000732717-02-000013-index.htm",
    "finalLink": "https://www.sec.gov/Archives/edgar/data/732717/000073271702000013/form10k.htm"
  },
  {
    "date": "2001-09-30",
    "symbol": "T",
    "reportedCurrency": "USD",
    "cik": "0000732717",
    "fillingDate": "2001-11-08",
    "acceptedDate": "2001-11-08 00:00:00",
    "calendarYear": "2001",
    "period": "Q3",
    "revenue": 11338000000,
    "costOfRevenue": 6316000000,
    "grossProfit": 5022000000,
    "grossProfitRatio": 0.442935262,
    "researchAndDevelopmentExpenses": 0,
    "generalAndAdministrativeExpenses": 0,
    "sellingAndMarketingExpenses": 0,
    "sellingGeneralAndAdministrativeExpenses": 0,
    "otherExpenses": 99000000,
    "operatingExpenses": 2200000000,
    "costAndExpenses": 8516000000,
    "interestIncome": 144000000,
    "interestExpense": 377000000,
    "depreciationAndAmortization": 2200000000,
    "ebitda": 5774000000,
    "ebitdaratio": 0.5092608926,
    "operatingIncome": 2822000000,
    "operatingIncomeRatio": 0.2488975128,
    "totalOtherIncomeExpensesNet": 375000000,
    "incomeBeforeTax": 3197000000,
    "incomeBeforeTaxRatio": 0.2819721291,
    "incomeTaxExpense": 1125000000,
    "netIncome": 2072000000,
    "netIncomeRatio": 0.1827482801,
    "eps": 0.62,
    "epsdiluted": 0.61,
    "weightedAverageShsOut": 3362000000,
    "weightedAverageShsOutDil": 3390000000,
    "link": "https://www.sec.gov/Archives/edgar/data/732717/000073271701500025/0000732717-01-500025-index.htm",
    "finalLink": "https://www.sec.gov/Archives/edgar/data/732717/000073271701500025/sbc3q01.htm"
  },
  {
    "date": "2001-06-30",
    "symbol": "T",
    "reportedCurrency": "USD",
    "cik": "0000732717",
    "fillingDate": "2001-08-08",
    "acceptedDate": "2001-08-08 00:00:00",
    "calendarYear": "2001",
    "period": "Q2",
    "revenue": 11477000000,
    "costOfRevenue": 6226000000,
    "grossProfit": 5251000000,
    "grossProfitRatio": 0.4575237431,
    "researchAndDevelopmentExpenses": 0,
    "generalAndAdministrativeExpenses": 0,
    "sellingAndMarketingExpenses": 0,
    "sellingGeneralAndAdministrativeExpenses": 0,
    "otherExpenses": -164000000,
    "operatingExpenses": 2174000000,
    "costAndExpenses": 8400000000,
    "interestIncome": 193000000,
    "interestExpense": 425000000,
    "depreciationAndAmortization": 2174000000,
    "ebitda": 5821000000,
    "ebitdaratio": 0.5071882896,
    "operatingIncome": 3077000000,
    "operatingIncomeRatio": 0.2681014202,
    "totalOtherIncomeExpensesNet": 145000000,
    "incomeBeforeTax": 3222000000,
    "incomeBeforeTaxRatio": 0.2807353838,
    "incomeTaxExpense": 1143000000,
    "netIncome": 2071000000,
    "netIncomeRatio": 0.1804478522,
    "eps": 0.62,
    "epsdiluted": 0.61,
    "weightedAverageShsOut": 3367000000,
    "weightedAverageShsOutDil": 3395000000,
    "link": "https://www.sec.gov/Archives/edgar/data/732717/000073271701500018/0000732717-01-500018-index.htm",
    "finalLink": "https://www.sec.gov/Archives/edgar/data/732717/000073271701500018/form10q.htm"
  },
  {
    "date": "2001-03-31",
    "symbol": "T",
    "reportedCurrency": "USD",
    "cik": "0000732717",
    "fillingDate": "2001-05-11",
    "acceptedDate": "2001-05-11 00:00:00",
    "calendarYear": "2001",
    "period": "Q1",
    "revenue": 11190000000,
    "costOfRevenue": 6083000000,
    "grossProfit": 5107000000,
    "grossProfitRatio": 0.4563896336,
    "researchAndDevelopmentExpenses": 0,
    "generalAndAdministrativeExpenses": 0,
    "sellingAndMarketingExpenses": 0,
    "sellingGeneralAndAdministrativeExpenses": 0,
    "otherExpenses": 106000000,
    "operatingExpenses": 2448000000,
    "costAndExpenses": 8531000000,
    "interestIncome": 178000000,
    "interestExpense": 459000000,
    "depreciationAndAmortization": 2448000000,
    "ebitda": 5792000000,
    "ebitdaratio": 0.5176050045,
    "operatingIncome": 2659000000,
    "operatingIncomeRatio": 0.2376228776,
    "totalOtherIncomeExpensesNet": 226000000,
    "incomeBeforeTax": 2885000000,
    "incomeBeforeTaxRatio": 0.2578194817,
    "incomeTaxExpense": 1021000000,
    "netIncome": 1854000000,
    "netIncomeRatio": 0.1656836461,
    "eps": 0.55,
    "epsdiluted": 0.54,
    "weightedAverageShsOut": 3377000000,
    "weightedAverageShsOutDil": 3413000000,
    "link": "https://www.sec.gov/Archives/edgar/data/732717/000073271701500005/0000732717-01-500005-index.htm",
    "finalLink": "https://www.sec.gov/Archives/edgar/data/732717/000073271701500005/sbc1q01a.htm"
  },
  {
    "date": "2000-12-31",
    "symbol": "T",
    "reportedCurrency": "USD",
    "cik": "0000732717",
    "fillingDate": "2001-03-12",
    "acceptedDate": "2001-03-12 00:00:00",
    "calendarYear": "2000",
    "period": "Q4",
    "revenue": 12239000000,
    "costOfRevenue": 7611000000,
    "grossProfit": 4628000000,
    "grossProfitRatio": 0.3781354686,
    "researchAndDevelopmentExpenses": 0,
    "generalAndAdministrativeExpenses": 0,
    "sellingAndMarketingExpenses": 0,
    "sellingGeneralAndAdministrativeExpenses": 0,
    "otherExpenses": 365000000,
    "operatingExpenses": 2805000000,
    "costAndExpenses": 10416000000,
    "interestIncome": 279000000,
    "interestExpense": 398000000,
    "depreciationAndAmortization": 2805000000,
    "ebitda": 5513000000,
    "ebitdaratio": 0.4504452978,
    "operatingIncome": 1823000000,
    "operatingIncomeRatio": 0.1489500776,
    "totalOtherIncomeExpensesNet": 487000000,
    "incomeBeforeTax": 2310000000,
    "incomeBeforeTaxRatio": 0.1887409102,
    "incomeTaxExpense": 1015000000,
    "netIncome": 1295000000,
    "netIncomeRatio": 0.1058092981,
    "eps": 0.33,
    "epsdiluted": 0.32,
    "weightedAverageShsOut": 3389000000,
    "weightedAverageShsOutDil": 3439000000,
    "link": "https://www.sec.gov/Archives/edgar/data/732717/000073271701000019/0000732717-01-000019-index.htm",
    "finalLink": "https://www.sec.gov/Archives/edgar/data/732717/000073271701000019/0000732717-01-000019-0001.htm"
  },
  {
    "date": "2000-09-30",
    "symbol": "T",
    "reportedCurrency": "USD",
    "cik": "0000732717",
    "fillingDate": "2000-11-13",
    "acceptedDate": "2000-11-13 00:00:00",
    "calendarYear": "2000",
    "period": "Q3",
    "revenue": 13422000000,
    "costOfRevenue": 8213000000,
    "grossProfit": 5209000000,
    "grossProfitRatio": 0.3880941737,
    "researchAndDevelopmentExpenses": 0,
    "generalAndAdministrativeExpenses": 0,
    "sellingAndMarketingExpenses": 0,
    "sellingGeneralAndAdministrativeExpenses": 0,
    "otherExpenses": 1981000000,
    "operatingExpenses": 2363000000,
    "costAndExpenses": 10576000000,
    "interestIncome": 32000000,
    "interestExpense": 422000000,
    "depreciationAndAmortization": 2363000000,
    "ebitda": 7489000000,
    "ebitdaratio": 0.5579645358,
    "operatingIncome": 2846000000,
    "operatingIncomeRatio": 0.2120399344,
    "totalOtherIncomeExpensesNet": 1858000000,
    "incomeBeforeTax": 4704000000,
    "incomeBeforeTaxRatio": 0.3504693786,
    "incomeTaxExpense": 1705000000,
    "netIncome": 2999000000,
    "netIncomeRatio": 0.2234391298,
    "eps": 0.89,
    "epsdiluted": 0.88,
    "weightedAverageShsOut": 3387000000,
    "weightedAverageShsOutDil": 3425000000,
    "link": "https://www.sec.gov/Archives/edgar/data/732717/000073271700000065/0000732717-00-000065-index.htm",
    "finalLink": "https://www.sec.gov/Archives/edgar/data/732717/000073271700000065/0000732717-00-000065-0001.txt"
  },
  {
    "date": "2000-06-30",
    "symbol": "T",
    "reportedCurrency": "USD",
    "cik": "0000732717",
    "fillingDate": "2000-08-10",
    "acceptedDate": "2000-08-10 00:00:00",
    "calendarYear": "2000",
    "period": "Q2",
    "revenue": 13191000000,
    "costOfRevenue": 7876000000,
    "grossProfit": 5315000000,
    "grossProfitRatio": 0.4029262376,
    "researchAndDevelopmentExpenses": 0,
    "generalAndAdministrativeExpenses": 0,
    "sellingAndMarketingExpenses": 0,
    "sellingGeneralAndAdministrativeExpenses": 0,
    "otherExpenses": 132000000,
    "operatingExpenses": 2317000000,
    "costAndExpenses": 10193000000,
    "interestIncome": 10000000,
    "interestExpense": 416000000,
    "depreciationAndAmortization": 2317000000,
    "ebitda": 5646000000,
    "ebitdaratio": 0.4280191039,
    "operatingIncome": 2998000000,
    "operatingIncomeRatio": 0.2272761731,
    "totalOtherIncomeExpensesNet": -85000000,
    "incomeBeforeTax": 2913000000,
    "incomeBeforeTaxRatio": 0.2208323857,
    "incomeTaxExpense": 1062000000,
    "netIncome": 1851000000,
    "netIncomeRatio": 0.1403229475,
    "eps": 0.54,
    "epsdiluted": 0.54,
    "weightedAverageShsOut": 3396000000,
    "weightedAverageShsOutDil": 3438000000,
    "link": "https://www.sec.gov/Archives/edgar/data/732717/000073271700000054/0000732717-00-000054-index.htm",
    "finalLink": "https://www.sec.gov/Archives/edgar/data/732717/000073271700000054/0000732717-00-000054-0001.txt"
  },
  {
    "date": "2000-03-31",
    "symbol": "T",
    "reportedCurrency": "USD",
    "cik": "0000732717",
    "fillingDate": "2000-05-10",
    "acceptedDate": "2000-05-10 00:00:00",
    "calendarYear": "2000",
    "period": "Q1",
    "revenue": 12553000000,
    "costOfRevenue": 7214000000,
    "grossProfit": 5339000000,
    "grossProfitRatio": 0.4253166574,
    "researchAndDevelopmentExpenses": 0,
    "generalAndAdministrativeExpenses": 0,
    "sellingAndMarketingExpenses": 0,
    "sellingGeneralAndAdministrativeExpenses": 0,
    "otherExpenses": 17000000,
    "operatingExpenses": 2263000000,
    "costAndExpenses": 9477000000,
    "interestIncome": 24000000,
    "interestExpense": 356000000,
    "depreciationAndAmortization": 2263000000,
    "ebitda": 5580000000,
    "ebitdaratio": 0.4445152553,
    "operatingIncome": 3076000000,
    "operatingIncomeRatio": 0.245041026,
    "totalOtherIncomeExpensesNet": -115000000,
    "incomeBeforeTax": 2961000000,
    "incomeBeforeTaxRatio": 0.2358798694,
    "incomeTaxExpense": 1139000000,
    "netIncome": 1822000000,
    "netIncomeRatio": 0.145144587,
    "eps": 0.54,
    "epsdiluted": 0.53,
    "weightedAverageShsOut": 3396000000,
    "weightedAverageShsOutDil": 3432000000,
    "link": "https://www.sec.gov/Archives/edgar/data/732717/000073271700000031/0000732717-00-000031-index.html",
    "finalLink": "https://www.sec.gov/Archives/edgar/data/732717/000073271700000031/"
  },
  {
    "date": "1999-12-31",
    "symbol": "T",
    "reportedCurrency": "USD",
    "cik": "0000732717",
    "fillingDate": "2000-03-10",
    "acceptedDate": "2000-03-10 00:00:00",
    "calendarYear": "1999",
    "period": "Q4",
    "revenue": 27012000000,
    "costOfRevenue": 16806000000,
    "grossProfit": 10206000000,
    "grossProfitRatio": 0.3778320746,
    "researchAndDevelopmentExpenses": 0,
    "generalAndAdministrativeExpenses": 0,
    "sellingAndMarketingExpenses": 0,
    "sellingGeneralAndAdministrativeExpenses": 0,
    "otherExpenses": -153000000,
    "operatingExpenses": 4655000000,
    "costAndExpenses": 21461000000,
    "interestIncome": 0,
    "interestExpense": 789000000,
    "depreciationAndAmortization": 4655000000,
    "ebitda": 10714000000,
    "ebitdaratio": 0.396638531,
    "operatingIncome": 5551000000,
    "operatingIncomeRatio": 0.2055012587,
    "totalOtherIncomeExpensesNet": -281000000,
    "incomeBeforeTax": 5270000000,
    "incomeBeforeTaxRatio": 0.1950984748,
    "incomeTaxExpense": 2266000000,
    "netIncome": 4590000000,
    "netIncomeRatio": 0.169924478,
    "eps": 0.91,
    "epsdiluted": 0.9,
    "weightedAverageShsOut": 3403000000,
    "weightedAverageShsOutDil": 3449000000,
    "link": "https://www.sec.gov/Archives/edgar/data/732717/000073271700000018/0000732717-00-000018-index.html",
    "finalLink": "https://www.sec.gov/Archives/edgar/data/732717/000073271700000018/"
  },
  {
    "date": "1999-09-30",
    "symbol": "T",
    "reportedCurrency": "USD",
    "cik": "0000732717",
    "fillingDate": "1999-11-12",
    "acceptedDate": "1999-11-12 00:00:00",
    "calendarYear": "1999",
    "period": "Q3",
    "revenue": 12545000000,
    "costOfRevenue": 7640000000,
    "grossProfit": 4905000000,
    "grossProfitRatio": 0.3909924273,
    "researchAndDevelopmentExpenses": 0,
    "generalAndAdministrativeExpenses": 0,
    "sellingAndMarketingExpenses": 0,
    "sellingGeneralAndAdministrativeExpenses": 0,
    "otherExpenses": -29000000,
    "operatingExpenses": 2443000000,
    "costAndExpenses": 10083000000,
    "interestIncome": 0,
    "interestExpense": 365000000,
    "depreciationAndAmortization": 2443000000,
    "ebitda": 5096000000,
    "ebitdaratio": 0.4062176166,
    "operatingIncome": 2462000000,
    "operatingIncomeRatio": 0.1962534874,
    "totalOtherIncomeExpensesNet": -174000000,
    "incomeBeforeTax": 2288000000,
    "incomeBeforeTaxRatio": 0.1823834197,
    "incomeTaxExpense": 1153000000,
    "netIncome": 1135000000,
    "netIncomeRatio": 0.0904742925,
    "eps": 0.33,
    "epsdiluted": 0.33,
    "weightedAverageShsOut": 3414000000,
    "weightedAverageShsOutDil": 3463000000,
    "link": "https://www.sec.gov/Archives/edgar/data/732717/000073271799000057/0000732717-99-000057-index.html",
    "finalLink": "https://www.sec.gov/Archives/edgar/data/732717/000073271799000057/"
  },
  {
    "date": "1999-06-30",
    "symbol": "T",
    "reportedCurrency": "USD",
    "cik": "0000732717",
    "fillingDate": "1999-08-06",
    "acceptedDate": "1999-08-06 00:00:00",
    "calendarYear": "1999",
    "period": "Q2",
    "revenue": 12268000000,
    "costOfRevenue": 7048000000,
    "grossProfit": 5220000000,
    "grossProfitRatio": 0.4254972286,
    "researchAndDevelopmentExpenses": 0,
    "generalAndAdministrativeExpenses": 0,
    "sellingAndMarketingExpenses": 0,
    "sellingGeneralAndAdministrativeExpenses": 0,
    "otherExpenses": -23000000,
    "operatingExpenses": 1993000000,
    "costAndExpenses": 9041000000,
    "interestIncome": 0,
    "interestExpense": 347000000,
    "depreciationAndAmortization": 1993000000,
    "ebitda": 5379000000,
    "ebitdaratio": 0.4384577763,
    "operatingIncome": 3227000000,
    "operatingIncomeRatio": 0.2630420606,
    "totalOtherIncomeExpensesNet": -188000000,
    "incomeBeforeTax": 3039000000,
    "incomeBeforeTaxRatio": 0.2477176394,
    "incomeTaxExpense": 1101000000,
    "netIncome": 1938000000,
    "netIncomeRatio": 0.1579719596,
    "eps": 0.57,
    "epsdiluted": 0.56,
    "weightedAverageShsOut": 3411000000,
    "weightedAverageShsOutDil": 3461000000,
    "link": "https://www.sec.gov/Archives/edgar/data/732717/000073271799000020/0000732717-99-000020-index.html",
    "finalLink": "https://www.sec.gov/Archives/edgar/data/732717/000073271799000020/"
  },
  {
    "date": "1999-03-31",
    "symbol": "T",
    "reportedCurrency": "USD",
    "cik": "0000732717",
    "fillingDate": "1999-05-11",
    "acceptedDate": "1999-05-11 00:00:00",
    "calendarYear": "1999",
    "period": "Q1",
    "revenue": 11819000000,
    "costOfRevenue": 6826000000,
    "grossProfit": 4993000000,
    "grossProfitRatio": 0.4224553685,
    "researchAndDevelopmentExpenses": 0,
    "generalAndAdministrativeExpenses": 0,
    "sellingAndMarketingExpenses": 0,
    "sellingGeneralAndAdministrativeExpenses": 0,
    "otherExpenses": -77000000,
    "operatingExpenses": 1942000000,
    "costAndExpenses": 8768000000,
    "interestIncome": 0,
    "interestExpense": 357000000,
    "depreciationAndAmortization": 1942000000,
    "ebitda": 5088000000,
    "ebitdaratio": 0.4304932735,
    "operatingIncome": 3051000000,
    "operatingIncomeRatio": 0.258143667,
    "totalOtherIncomeExpensesNet": -262000000,
    "incomeBeforeTax": 2789000000,
    "incomeBeforeTaxRatio": 0.2359759709,
    "incomeTaxExpense": 1016000000,
    "netIncome": 1980000000,
    "netIncomeRatio": 0.1675268635,
    "eps": 0.58,
    "epsdiluted": 0.57,
    "weightedAverageShsOut": 3408000000,
    "weightedAverageShsOutDil": 3458000000,
    "link": "https://www.sec.gov/Archives/edgar/data/732717/000073271799000013/0000732717-99-000013-index.html",
    "finalLink": "https://www.sec.gov/Archives/edgar/data/732717/"
  },
  {
    "date": "1998-12-31",
    "symbol": "T",
    "reportedCurrency": "USD",
    "cik": "0000732717",
    "fillingDate": "1999-03-12",
    "acceptedDate": "1999-03-12 00:00:00",
    "calendarYear": "1998",
    "period": "Q4",
    "revenue": 8986000000,
    "costOfRevenue": 9675000000,
    "grossProfit": -689000000,
    "grossProfitRatio": -0.0766748275,
    "researchAndDevelopmentExpenses": 0,
    "generalAndAdministrativeExpenses": 0,
    "sellingAndMarketingExpenses": 0,
    "sellingGeneralAndAdministrativeExpenses": 0,
    "otherExpenses": 34000000,
    "operatingExpenses": -2417000000,
    "costAndExpenses": 7258000000,
    "interestIncome": 0,
    "interestExpense": 300000000,
    "depreciationAndAmortization": 1781000000,
    "ebitda": 3598000000,
    "ebitdaratio": 0.4004006232,
    "operatingIncome": 1728000000,
    "operatingIncomeRatio": 0.192299132,
    "totalOtherIncomeExpensesNet": -211000000,
    "incomeBeforeTax": 1517000000,
    "incomeBeforeTaxRatio": 0.1688181616,
    "incomeTaxExpense": 534000000,
    "netIncome": 938000000,
    "netIncomeRatio": 0.1043845983,
    "eps": 2.26,
    "epsdiluted": 2.26,
    "weightedAverageShsOut": 1959315000,
    "weightedAverageShsOutDil": 1959315000,
    "link": "https://www.sec.gov/Archives/edgar/data/732717/000073271799000007/0000732717-99-000007-index.html",
    "finalLink": "https://www.sec.gov/Archives/edgar/data/732717/"
  },
  {
    "date": "1998-09-30",
    "symbol": "T",
    "reportedCurrency": "USD",
    "cik": "0000732717",
    "fillingDate": "1998-11-04",
    "acceptedDate": "1998-11-04 00:00:00",
    "calendarYear": "1998",
    "period": "Q3",
    "revenue": 7216000000,
    "costOfRevenue": 4072000000,
    "grossProfit": 3144000000,
    "grossProfitRatio": 0.4356984479,
    "researchAndDevelopmentExpenses": 0,
    "generalAndAdministrativeExpenses": 0,
    "sellingAndMarketingExpenses": 0,
    "sellingGeneralAndAdministrativeExpenses": 1432000000,
    "otherExpenses": 287000000,
    "operatingExpenses": 1241000000,
    "costAndExpenses": 5313000000,
    "interestIncome": 0,
    "interestExpense": 244000000,
    "depreciationAndAmortization": 1241000000,
    "ebitda": 3486000000,
    "ebitdaratio": 0.4830931264,
    "operatingIncome": 1903000000,
    "operatingIncomeRatio": 0.2637195122,
    "totalOtherIncomeExpensesNet": 98000000,
    "incomeBeforeTax": 2001000000,
    "incomeBeforeTaxRatio": 0.2773004435,
    "incomeTaxExpense": 739000000,
    "netIncome": 1262000000,
    "netIncomeRatio": 0.1748891353,
    "eps": 0.65,
    "epsdiluted": 0.64,
    "weightedAverageShsOut": 1954616000,
    "weightedAverageShsOutDil": 1980281000,
    "link": "https://www.sec.gov/Archives/edgar/data/732717/000073271798000031/0000732717-98-000031-index.html",
    "finalLink": "https://www.sec.gov/Archives/edgar/data/732717/"
  },
  {
    "date": "1998-06-30",
    "symbol": "T",
    "reportedCurrency": "USD",
    "cik": "0000732717",
    "fillingDate": "1998-08-13",
    "acceptedDate": "1998-08-13 00:00:00",
    "calendarYear": "1998",
    "period": "Q2",
    "revenue": 7030000000,
    "costOfRevenue": 3978000000,
    "grossProfit": 3052000000,
    "grossProfitRatio": 0.4341394026,
    "researchAndDevelopmentExpenses": 0,
    "generalAndAdministrativeExpenses": 0,
    "sellingAndMarketingExpenses": 0,
    "sellingGeneralAndAdministrativeExpenses": 1413000000,
    "otherExpenses": -39000000,
    "operatingExpenses": 1235000000,
    "costAndExpenses": 5213000000,
    "interestIncome": 0,
    "interestExpense": 260000000,
    "depreciationAndAmortization": 1235000000,
    "ebitda": 3086000000,
    "ebitdaratio": 0.4389758179,
    "operatingIncome": 1817000000,
    "operatingIncomeRatio": 0.2584637269,
    "totalOtherIncomeExpensesNet": -226000000,
    "incomeBeforeTax": 1591000000,
    "incomeBeforeTaxRatio": 0.2263157895,
    "incomeTaxExpense": 571000000,
    "netIncome": 1020000000,
    "netIncomeRatio": 0.1450924609,
    "eps": 0.52,
    "epsdiluted": 0.51,
    "weightedAverageShsOut": 1958208000,
    "weightedAverageShsOutDil": 1984928000,
    "link": "https://www.sec.gov/Archives/edgar/data/732717/000073271798000023/0000732717-98-000023-index.html",
    "finalLink": "https://www.sec.gov/Archives/edgar/data/732717/"
  },
  {
    "date": "1998-03-31",
    "symbol": "T",
    "reportedCurrency": "USD",
    "cik": "0000732717",
    "fillingDate": "1998-05-11",
    "acceptedDate": "1998-05-11 00:00:00",
    "calendarYear": "1998",
    "period": "Q1",
    "revenue": 6855000000,
    "costOfRevenue": 3879000000,
    "grossProfit": 2976000000,
    "grossProfitRatio": 0.4341356674,
    "researchAndDevelopmentExpenses": 0,
    "generalAndAdministrativeExpenses": 0,
    "sellingAndMarketingExpenses": 0,
    "sellingGeneralAndAdministrativeExpenses": 1353000000,
    "otherExpenses": -39000000,
    "operatingExpenses": 1201000000,
    "costAndExpenses": 5080000000,
    "interestIncome": 0,
    "interestExpense": 256000000,
    "depreciationAndAmortization": 1201000000,
    "ebitda": 2990000000,
    "ebitdaratio": 0.4361779723,
    "operatingIncome": 1775000000,
    "operatingIncomeRatio": 0.2589350839,
    "totalOtherIncomeExpensesNet": -242000000,
    "incomeBeforeTax": 1533000000,
    "incomeBeforeTaxRatio": 0.2236323851,
    "incomeTaxExpense": 563000000,
    "netIncome": 985000000,
    "netIncomeRatio": 0.1436907367,
    "eps": 0.5,
    "epsdiluted": 0.5,
    "weightedAverageShsOut": 1956695000,
    "weightedAverageShsOutDil": 1983149000,
    "link": "https://www.sec.gov/Archives/edgar/data/732717/000073271798000011/0000732717-98-000011-index.html",
    "finalLink": "https://www.sec.gov/Archives/edgar/data/732717/"
  },
  {
    "date": "1997-12-31",
    "symbol": "T",
    "reportedCurrency": "USD",
    "cik": "0000732717",
    "fillingDate": "1998-03-11",
    "acceptedDate": "1998-03-11 00:00:00",
    "calendarYear": "1997",
    "period": "Q4",
    "revenue": 6584000000,
    "costOfRevenue": 2728000000,
    "grossProfit": 3856000000,
    "grossProfitRatio": 0.5856622114,
    "researchAndDevelopmentExpenses": 0,
    "generalAndAdministrativeExpenses": 0,
    "sellingAndMarketingExpenses": 0,
    "sellingGeneralAndAdministrativeExpenses": 1689000000,
    "otherExpenses": 22000000,
    "operatingExpenses": 2811000000,
    "costAndExpenses": 5539000000,
    "interestIncome": 0,
    "interestExpense": 254000000,
    "depreciationAndAmortization": 1122000000,
    "ebitda": 2247000000,
    "ebitdaratio": 0.3412818955,
    "operatingIncome": 1045000000,
    "operatingIncomeRatio": 0.1587181045,
    "totalOtherIncomeExpensesNet": -174000000,
    "incomeBeforeTax": 871000000,
    "incomeBeforeTaxRatio": 0.132290401,
    "incomeTaxExpense": 283000000,
    "netIncome": 588000000,
    "netIncomeRatio": 0.0893074119,
    "eps": 1.74,
    "epsdiluted": 1.74,
    "weightedAverageShsOut": 1837281000,
    "weightedAverageShsOutDil": 1837281000,
    "link": "https://www.sec.gov/Archives/edgar/data/732717/000073271798000007/0000732717-98-000007-index.html",
    "finalLink": "https://www.sec.gov/Archives/edgar/data/732717/"
  },
  {
    "date": "1997-09-30",
    "symbol": "T",
    "reportedCurrency": "USD",
    "cik": "0000732717",
    "fillingDate": "1997-11-12",
    "acceptedDate": "1997-11-12 00:00:00",
    "calendarYear": "1997",
    "period": "Q3",
    "revenue": 6329000000,
    "costOfRevenue": 2364000000,
    "grossProfit": 3965000000,
    "grossProfitRatio": 0.6264812767,
    "researchAndDevelopmentExpenses": 0,
    "generalAndAdministrativeExpenses": 0,
    "sellingAndMarketingExpenses": 0,
    "sellingGeneralAndAdministrativeExpenses": 1407000000,
    "otherExpenses": -25000000,
    "operatingExpenses": 2493000000,
    "costAndExpenses": 4857000000,
    "interestIncome": 0,
    "interestExpense": 240000000,
    "depreciationAndAmortization": 1086000000,
    "ebitda": 2594000000,
    "ebitdaratio": 0.4098593775,
    "operatingIncome": 1472000000,
    "operatingIncomeRatio": 0.2325801864,
    "totalOtherIncomeExpensesNet": -204000000,
    "incomeBeforeTax": 1268000000,
    "incomeBeforeTaxRatio": 0.2003476063,
    "incomeTaxExpense": 452000000,
    "netIncome": 816000000,
    "netIncomeRatio": 0.1289303207,
    "eps": 0.45,
    "epsdiluted": 0.44,
    "weightedAverageShsOut": 1828520000,
    "weightedAverageShsOutDil": 1844200000,
    "link": "https://www.sec.gov/Archives/edgar/data/732717/000073271797000028/0000732717-97-000028-index.html",
    "finalLink": "https://www.sec.gov/Archives/edgar/data/732717/"
  },
  {
    "date": "1997-06-30",
    "symbol": "T",
    "reportedCurrency": "USD",
    "cik": "0000732717",
    "fillingDate": "1997-08-13",
    "acceptedDate": "1997-08-13 00:00:00",
    "calendarYear": "1997",
    "period": "Q2",
    "revenue": 5921000000,
    "costOfRevenue": 2223000000,
    "grossProfit": 3698000000,
    "grossProfitRatio": 0.6245566627,
    "researchAndDevelopmentExpenses": 0,
    "generalAndAdministrativeExpenses": 0,
    "sellingAndMarketingExpenses": 0,
    "sellingGeneralAndAdministrativeExpenses": 2985000000,
    "otherExpenses": -64000000,
    "operatingExpenses": 4631000000,
    "costAndExpenses": 6854000000,
    "interestIncome": 0,
    "interestExpense": 245000000,
    "depreciationAndAmortization": 1646000000,
    "ebitda": 704000000,
    "ebitdaratio": 0.1188988347,
    "operatingIncome": -933000000,
    "operatingIncomeRatio": -0.157574734,
    "totalOtherIncomeExpensesNet": -254000000,
    "incomeBeforeTax": -1187000000,
    "incomeBeforeTaxRatio": -0.2004728931,
    "incomeTaxExpense": -400000000,
    "netIncome": -787000000,
    "netIncomeRatio": -0.132916737,
    "eps": -0.43,
    "epsdiluted": -0.43,
    "weightedAverageShsOut": 1825519000,
    "weightedAverageShsOutDil": 1825519000,
    "link": "https://www.sec.gov/Archives/edgar/data/732717/000073271797000023/0000732717-97-000023-index.html",
    "finalLink": "https://www.sec.gov/Archives/edgar/data/732717/"
  },
  {
    "date": "1997-03-31",
    "symbol": "T",
    "reportedCurrency": "USD",
    "cik": "0000732717",
    "fillingDate": "1997-05-09",
    "acceptedDate": "1997-05-09 00:00:00",
    "calendarYear": "1997",
    "period": "Q1",
    "revenue": 5973000000,
    "costOfRevenue": 2173000000,
    "grossProfit": 3800000000,
    "grossProfitRatio": 0.6361962163,
    "researchAndDevelopmentExpenses": 0,
    "generalAndAdministrativeExpenses": 0,
    "sellingAndMarketingExpenses": 0,
    "sellingGeneralAndAdministrativeExpenses": 1146000000,
    "otherExpenses": -20000000,
    "operatingExpenses": 2214000000,
    "costAndExpenses": 4387000000,
    "interestIncome": 0,
    "interestExpense": 208000000,
    "depreciationAndAmortization": 1068000000,
    "ebitda": 2661000000,
    "ebitdaratio": 0.4455047715,
    "operatingIncome": 1586000000,
    "operatingIncomeRatio": 0.2655282103,
    "totalOtherIncomeExpensesNet": -201000000,
    "incomeBeforeTax": 1385000000,
    "incomeBeforeTaxRatio": 0.2318767788,
    "incomeTaxExpense": 528000000,
    "netIncome": 857000000,
    "netIncomeRatio": 0.1434789888,
    "eps": 0.47,
    "epsdiluted": 0.47,
    "weightedAverageShsOut": 1824881000,
    "weightedAverageShsOutDil": 1838076000,
    "link": "https://www.sec.gov/Archives/edgar/data/732717/000073271797000014/0000732717-97-000014-index.html",
    "finalLink": "https://www.sec.gov/Archives/edgar/data/732717/"
  },
  {
    "date": "1996-12-31",
    "symbol": "T",
    "reportedCurrency": "USD",
    "cik": "0000732717",
    "fillingDate": "1997-03-11",
    "acceptedDate": "1997-03-11 00:00:00",
    "calendarYear": "1996",
    "period": "Q4",
    "revenue": 3768200000,
    "costOfRevenue": 1172000000,
    "grossProfit": 2596200000,
    "grossProfitRatio": 0.688976169,
    "researchAndDevelopmentExpenses": 0,
    "generalAndAdministrativeExpenses": 0,
    "sellingAndMarketingExpenses": 0,
    "sellingGeneralAndAdministrativeExpenses": 1096400000,
    "otherExpenses": -28300000,
    "operatingExpenses": 1664900000,
    "costAndExpenses": 2836900000,
    "interestIncome": 0,
    "interestExpense": 119600000,
    "depreciationAndAmortization": 568500000,
    "ebitda": 1517900000,
    "ebitdaratio": 0.4028183217,
    "operatingIncome": 931300000,
    "operatingIncomeRatio": 0.247147179,
    "totalOtherIncomeExpensesNet": -101500000,
    "incomeBeforeTax": 829800000,
    "incomeBeforeTaxRatio": 0.2202112414,
    "incomeTaxExpense": 287100000,
    "netIncome": 542700000,
    "netIncomeRatio": 0.144021018,
    "eps": 0.4,
    "epsdiluted": 0.4,
    "weightedAverageShsOut": 2292800000,
    "weightedAverageShsOutDil": 2292800000,
    "link": "https://www.sec.gov/Archives/edgar/data/732717/000073271797000001/0000732717-97-000001-index.html",
    "finalLink": "https://www.sec.gov/Archives/edgar/data/732717/"
  },
  {
    "date": "1996-09-30",
    "symbol": "T",
    "reportedCurrency": "USD",
    "cik": "0000732717",
    "fillingDate": "1996-11-05",
    "acceptedDate": "1996-11-05 00:00:00",
    "calendarYear": "1996",
    "period": "Q3",
    "revenue": 5957000000,
    "costOfRevenue": 2075000000,
    "grossProfit": 3882000000,
    "grossProfitRatio": 0.6516703038,
    "researchAndDevelopmentExpenses": 0,
    "generalAndAdministrativeExpenses": 0,
    "sellingAndMarketingExpenses": 0,
    "sellingGeneralAndAdministrativeExpenses": 1309000000,
    "otherExpenses": -22000000,
    "operatingExpenses": 2350000000,
    "costAndExpenses": 4425000000,
    "interestIncome": 0,
    "interestExpense": 193000000,
    "depreciationAndAmortization": 1041000000,
    "ebitda": 2621000000,
    "ebitdaratio": 0.4399865704,
    "operatingIncome": 1532000000,
    "operatingIncomeRatio": 0.2571764311,
    "totalOtherIncomeExpensesNet": -145000000,
    "incomeBeforeTax": 1387000000,
    "incomeBeforeTaxRatio": 0.2328353198,
    "incomeTaxExpense": 520000000,
    "netIncome": 867000000,
    "netIncomeRatio": 0.1455430586,
    "eps": 0.47,
    "epsdiluted": 0.47,
    "weightedAverageShsOut": 1844000000,
    "weightedAverageShsOutDil": 1844000000,
    "link": "https://www.sec.gov/Archives/edgar/data/732717/000073271796000021/0000732717-96-000021-index.html",
    "finalLink": "https://www.sec.gov/Archives/edgar/data/732717/"
  },
  {
    "date": "1996-06-30",
    "symbol": "T",
    "reportedCurrency": "USD",
    "cik": "0000732717",
    "fillingDate": "1996-08-06",
    "acceptedDate": "1996-08-06 00:00:00",
    "calendarYear": "1996",
    "period": "Q2",
    "revenue": 5738000000,
    "costOfRevenue": 1937000000,
    "grossProfit": 3801000000,
    "grossProfitRatio": 0.6624259324,
    "researchAndDevelopmentExpenses": 0,
    "generalAndAdministrativeExpenses": 0,
    "sellingAndMarketingExpenses": 0,
    "sellingGeneralAndAdministrativeExpenses": 1294000000,
    "otherExpenses": -19000000,
    "operatingExpenses": 2312000000,
    "costAndExpenses": 4249000000,
    "interestIncome": 0,
    "interestExpense": 213000000,
    "depreciationAndAmortization": 1483000000,
    "ebitda": 3008000000,
    "ebitdaratio": 0.5242244685,
    "operatingIncome": 1489000000,
    "operatingIncomeRatio": 0.259498083,
    "totalOtherIncomeExpensesNet": -177000000,
    "incomeBeforeTax": 1312000000,
    "incomeBeforeTaxRatio": 0.2286510979,
    "incomeTaxExpense": 509000000,
    "netIncome": 803000000,
    "netIncomeRatio": 0.1399442314,
    "eps": 0.44,
    "epsdiluted": 0.44,
    "weightedAverageShsOut": 1846000000,
    "weightedAverageShsOutDil": 1846000000,
    "link": "https://www.sec.gov/Archives/edgar/data/732717/000073271796000016/0000732717-96-000016-index.html",
    "finalLink": "https://www.sec.gov/Archives/edgar/data/732717/"
  },
  {
    "date": "1996-03-31",
    "symbol": "T",
    "reportedCurrency": "USD",
    "cik": "0000732717",
    "fillingDate": "1996-05-07",
    "acceptedDate": "1996-05-07 00:00:00",
    "calendarYear": "1996",
    "period": "Q1",
    "revenue": 3197000000,
    "costOfRevenue": 1076000000,
    "grossProfit": 2121000000,
    "grossProfitRatio": 0.6634344698,
    "researchAndDevelopmentExpenses": 0,
    "generalAndAdministrativeExpenses": 0,
    "sellingAndMarketingExpenses": 0,
    "sellingGeneralAndAdministrativeExpenses": 775000000,
    "otherExpenses": -4000000,
    "operatingExpenses": 1321000000,
    "costAndExpenses": 2397000000,
    "interestIncome": 0,
    "interestExpense": 120000000,
    "depreciationAndAmortization": 546000000,
    "ebitda": 1395000000,
    "ebitdaratio": 0.4363465749,
    "operatingIncome": 800000000,
    "operatingIncomeRatio": 0.2502345949,
    "totalOtherIncomeExpensesNet": -71000000,
    "incomeBeforeTax": 729000000,
    "incomeBeforeTaxRatio": 0.2280262746,
    "incomeTaxExpense": 265000000,
    "netIncome": 464000000,
    "netIncomeRatio": 0.1451360651,
    "eps": 0.38,
    "epsdiluted": 0.38,
    "weightedAverageShsOut": 1218000000,
    "weightedAverageShsOutDil": 1218000000,
    "link": "https://www.sec.gov/Archives/edgar/data/732717/000073271796000007/0000732717-96-000007-index.html",
    "finalLink": "https://www.sec.gov/Archives/edgar/data/732717/"
  },
  {
    "date": "1995-12-31",
    "symbol": "T",
    "reportedCurrency": "USD",
    "cik": "0000732717",
    "fillingDate": "1996-03-12",
    "acceptedDate": "1996-03-12 00:00:00",
    "calendarYear": "1995",
    "period": "Q4",
    "revenue": 3561300000,
    "costOfRevenue": 1092900000,
    "grossProfit": 2468400000,
    "grossProfitRatio": 0.6931176817,
    "researchAndDevelopmentExpenses": 0,
    "generalAndAdministrativeExpenses": 0,
    "sellingAndMarketingExpenses": 0,
    "sellingGeneralAndAdministrativeExpenses": 1246300000,
    "otherExpenses": 142800000,
    "operatingExpenses": 1803600000,
    "costAndExpenses": 2896500000,
    "interestIncome": 0,
    "interestExpense": 124600000,
    "depreciationAndAmortization": 557300000,
    "ebitda": 1421800000,
    "ebitdaratio": 0.399236234,
    "operatingIncome": 664800000,
    "operatingIncomeRatio": 0.1866734058,
    "totalOtherIncomeExpensesNet": 75100000,
    "incomeBeforeTax": 739900000,
    "incomeBeforeTaxRatio": 0.2077612108,
    "incomeTaxExpense": 222100000,
    "netIncome": 517800000,
    "netIncomeRatio": 0.145396344,
    "eps": -1.33,
    "epsdiluted": -1.33,
    "weightedAverageShsOut": 1218722000,
    "weightedAverageShsOutDil": 1218722000,
    "link": "https://www.sec.gov/Archives/edgar/data/732717/000073271796000003/0000732717-96-000003-index.html",
    "finalLink": "https://www.sec.gov/Archives/edgar/data/732717/"
  },
  {
    "date": "1995-09-30",
    "symbol": "T",
    "reportedCurrency": "USD",
    "cik": "0000732717",
    "fillingDate": "1995-11-07",
    "acceptedDate": "1995-11-07 00:00:00",
    "calendarYear": "1995",
    "period": "Q3",
    "revenue": 3292300000,
    "costOfRevenue": 963700000,
    "grossProfit": 2328600000,
    "grossProfitRatio": 0.7072866993,
    "researchAndDevelopmentExpenses": 0,
    "generalAndAdministrativeExpenses": 0,
    "sellingAndMarketingExpenses": 0,
    "sellingGeneralAndAdministrativeExpenses": 904200000,
    "otherExpenses": -9500000,
    "operatingExpenses": 1445300000,
    "costAndExpenses": 2409000000,
    "interestIncome": 0,
    "interestExpense": 129300000,
    "depreciationAndAmortization": 541100000,
    "ebitda": 1470400000,
    "ebitdaratio": 0.4466178659,
    "operatingIncome": 883300000,
    "operatingIncomeRatio": 0.2682926829,
    "totalOtherIncomeExpensesNet": -83300000,
    "incomeBeforeTax": 800000000,
    "incomeBeforeTaxRatio": 0.2429912219,
    "incomeTaxExpense": 265700000,
    "netIncome": -2285000000,
    "netIncomeRatio": -0.6940436777,
    "eps": -1.87,
    "epsdiluted": -1.87,
    "weightedAverageShsOut": 1219800000,
    "weightedAverageShsOutDil": 1219800000,
    "link": "https://www.sec.gov/Archives/edgar/data/732717/000073271795000013/0000732717-95-000013-index.html",
    "finalLink": "https://www.sec.gov/Archives/edgar/data/732717/"
  }
]