[
  {
    "date": "2024-12-31",
    "symbol": "T",
    "reportedCurrency": "USD",
    "cik": "0000732717",
    "fillingDate": "2025-02-12",
    "acceptedDate": "2025-02-12 17:23:52",
    "calendarYear": "2024",
    "period": "FY",
    "revenue": 122336000000,
    "costOfRevenue": 69801000000,
    "grossProfit": 52535000000,
    "grossProfitRatio": 0.429432056,
    "researchAndDevelopmentExpenses": 955000000,
    "generalAndAdministrativeExpenses": 0,
    "sellingAndMarketingExpenses": 0,
    "sellingGeneralAndAdministrativeExpenses": 27319000000,
    "otherExpenses": 0,
    "operatingExpenses": 28274000000,
    "costAndExpenses": 98075000000,
    "interestIncome": 0,
    "interestExpense": 6745000000,
    "depreciationAndAmortization": 20580000000,
    "ebitda": 44023000000,
    "ebitdaratio": 0.3598531912,
    "operatingIncome": 24261000000,
    "operatingIncomeRatio": 0.1983144782,
    "totalOtherIncomeExpensesNet": -7563000000,
    "incomeBeforeTax": 16698000000,
    "incomeBeforeTaxRatio": 0.1364929375,
    "incomeTaxExpense": 4445000000,
    "netIncome": 10948000000,
    "netIncomeRatio": 0.0894912372,
    "eps": 1.49,
    "epsdiluted": 1.49,
    "weightedAverageShsOut": 7199000000,
    "weightedAverageShsOutDil": 7204000000,
    "link": "https://www.sec.gov/Archives/edgar/data/732717/000073271725000013/0000732717-25-000013-index.htm",
    "finalLink": "https://www.sec.gov/Archives/edgar/data/732717/000073271725000013/t-20241231.htm"
  },
  {
    "date": "2023-12-31",
    "symbol": "T",
    "reportedCurrency": "USD",
    "cik": "0000732717",
    "fillingDate": "2024-02-23",
    "acceptedDate": "2024-02-23 16:45:20",
    "calendarYear": "2023",
    "period": "FY",
    "revenue": 122428000000,
    "costOfRevenue": 68900000000,
    "grossProfit": 53528000000,
    "grossProfitRatio": 0.4372202437,
    "researchAndDevelopmentExpenses": 954000000,
    "generalAndAdministrativeExpenses": 0,
    "sellingAndMarketingExpenses": 0,
    "sellingGeneralAndAdministrativeExpenses": 27806000000,
    "otherExpenses": 0,
    "operatingExpenses": 28760000000,
    "costAndExpenses": 97660000000,
    "interestIncome": 0,
    "interestExpense": 6692000000,
    "depreciationAndAmortization": 18777000000,
    "ebitda": 45317000000,
    "ebitdaratio": 0.3701522528,
    "operatingIncome": 24768000000,
    "operatingIncomeRatio": 0.2023066619,
    "totalOtherIncomeExpensesNet": -4920000000,
    "incomeBeforeTax": 19848000000,
    "incomeBeforeTaxRatio": 0.1621197765,
    "incomeTaxExpense": 4225000000,
    "netIncome": 14400000000,
    "netIncomeRatio": 0.1176201523,
    "eps": 1.97,
    "epsdiluted": 1.97,
    "weightedAverageShsOut": 7181000000,
    "weightedAverageShsOutDil": 7258000000,
    "link": "https://www.sec.gov/Archives/edgar/data/732717/000073271724000009/0000732717-24-000009-index.htm",
    "finalLink": "https://www.sec.gov/Archives/edgar/data/732717/000073271724000009/t-20231231.htm"
  },
  {
    "date": "2022-12-31",
    "symbol": "T",
    "reportedCurrency": "USD",
    "cik": "0000732717",
    "fillingDate": "2023-02-13",
    "acceptedDate": "2023-02-13 16:11:56",
    "calendarYear": "2022",
    "period": "FY",
    "revenue": 120741000000,
    "costOfRevenue": 50848000000,
    "grossProfit": 69893000000,
    "grossProfitRatio": 0.5788671619,
    "researchAndDevelopmentExpenses": 0,
    "generalAndAdministrativeExpenses": 0,
    "sellingAndMarketingExpenses": 0,
    "sellingGeneralAndAdministrativeExpenses": 28961000000,
    "otherExpenses": 45519000000,
    "operatingExpenses": 74480000000,
    "costAndExpenses": 125328000000,
    "interestIncome": 0,
    "interestExpense": 6139000000,
    "depreciationAndAmortization": 18021000000,
    "ebitda": 21066000000,
    "ebitdaratio": 0.1744726315,
    "operatingIncome": -4587000000,
    "operatingIncomeRatio": -0.0379904092,
    "totalOtherIncomeExpensesNet": 1493000000,
    "incomeBeforeTax": -3094000000,
    "incomeBeforeTaxRatio": -0.0256250984,
    "incomeTaxExpense": 3780000000,
    "netIncome": -8524000000,
    "netIncomeRatio": -0.0705973944,
    "eps": -1.22,
    "epsdiluted": -1.13,
    "weightedAverageShsOut": 7166000000,
    "weightedAverageShsOutDil": 7587000000,
    "link": "https://www.sec.gov/Archives/edgar/data/732717/000073271723000011/0000732717-23-000011-index.htm",
    "finalLink": "https://www.sec.gov/Archives/edgar/data/732717/000073271723000011/t-20221231.htm"
  },
  {
    "date": "2021-12-31",
    "symbol": "T",
    "reportedCurrency": "USD",
    "cik": "0000732717",
    "fillingDate": "2022-02-16",
    "acceptedDate": "2022-02-16 06:29:38",
    "calendarYear": "2021",
    "period": "FY",
    "revenue": 134038000000,
    "costOfRevenue": 60407000000,
    "grossProfit": 73631000000,
    "grossProfitRatio": 0.5493292947,
    "researchAndDevelopmentExpenses": 0,
    "generalAndAdministrativeExpenses": 0,
    "sellingAndMarketingExpenses": 0,
    "sellingGeneralAndAdministrativeExpenses": 29669000000,
    "otherExpenses": 18065000000,
    "operatingExpenses": 47734000000,
    "costAndExpenses": 108141000000,
    "interestIncome": 0,
    "interestExpense": 6696000000,
    "depreciationAndAmortization": 17852000000,
    "ebitda": 53719000000,
    "ebitdaratio": 0.4007744073,
    "operatingIncome": 25897000000,
    "operatingIncomeRatio": 0.1932064042,
    "totalOtherIncomeExpensesNet": 3274000000,
    "incomeBeforeTax": 29171000000,
    "incomeBeforeTaxRatio": 0.2176323132,
    "incomeTaxExpense": 5395000000,
    "netIncome": 20081000000,
    "netIncomeRatio": 0.1498157239,
    "eps": 2.77,
    "epsdiluted": 2.73,
    "weightedAverageShsOut": 7168000000,
    "weightedAverageShsOutDil": 7503000000,
    "link": "https://www.sec.gov/Archives/edgar/data/732717/000073271722000015/0000732717-22-000015-index.htm",
    "finalLink": "https://www.sec.gov/Archives/edgar/data/732717/000073271722000015/t-20211231.htm"
  },
  {
    "date": "2020-12-31",
    "symbol": "T",
    "reportedCurrency": "USD",
    "cik": "0000732717",
    "fillingDate": "2021-02-25",
    "acceptedDate": "2021-02-25 16:19:43",
    "calendarYear": "2020",
    "period": "FY",
    "revenue": 171760000000,
    "costOfRevenue": 108436000000,
    "grossProfit": 63324000000,
    "grossProfitRatio": 0.368677224,
    "researchAndDevelopmentExpenses": 1210000000,
    "generalAndAdministrativeExpenses": 0,
    "sellingAndMarketingExpenses": 0,
    "sellingGeneralAndAdministrativeExpenses": 36397000000,
    "otherExpenses": 0,
    "operatingExpenses": 37607000000,
    "costAndExpenses": 146043000000,
    "interestIncome": 0,
    "interestExpense": 7910000000,
    "depreciationAndAmortization": 28516000000,
    "ebitda": 33570000000,
    "ebitdaratio": 0.1954471355,
    "operatingIncome": 25717000000,
    "operatingIncomeRatio": 0.1497263624,
    "totalOtherIncomeExpensesNet": -28573000000,
    "incomeBeforeTax": -2856000000,
    "incomeBeforeTaxRatio": -0.0166278528,
    "incomeTaxExpense": 965000000,
    "netIncome": -5176000000,
    "netIncomeRatio": -0.0301350722,
    "eps": -0.75,
    "epsdiluted": -0.75,
    "weightedAverageShsOut": 7157000000,
    "weightedAverageShsOutDil": 7183000000,
    "link": "https://www.sec.gov/Archives/edgar/data/732717/000073271721000012/0000732717-21-000012-index.htm",
    "finalLink": "https://www.sec.gov/Archives/edgar/data/732717/000073271721000012/t-20201231.htm"
  },
  {
    "date": "2019-12-31",
    "symbol": "T",
    "reportedCurrency": "USD",
    "cik": "0000732717",
    "fillingDate": "2020-02-20",
    "acceptedDate": "2020-02-19 21:42:50",
    "calendarYear": "2019",
    "period": "FY",
    "revenue": 181193000000,
    "costOfRevenue": 112358000000,
    "grossProfit": 68907000000,
    "grossProfitRatio": 0.3802961483,
    "researchAndDevelopmentExpenses": 1276000000,
    "generalAndAdministrativeExpenses": 33297000000,
    "sellingAndMarketingExpenses": 6125000000,
    "sellingGeneralAndAdministrativeExpenses": 37254000000,
    "otherExpenses": 0,
    "operatingExpenses": 38530000000,
    "costAndExpenses": 150888000000,
    "interestIncome": 0,
    "interestExpense": 8404000000,
    "depreciationAndAmortization": 28217000000,
    "ebitda": 55089000000,
    "ebitdaratio": 0.3040349241,
    "operatingIncome": 30377000000,
    "operatingIncomeRatio": 0.1676499644,
    "totalOtherIncomeExpensesNet": -11909000000,
    "incomeBeforeTax": 18468000000,
    "incomeBeforeTaxRatio": 0.1019244673,
    "incomeTaxExpense": 3493000000,
    "netIncome": 13903000000,
    "netIncomeRatio": 0.0767303373,
    "eps": 1.9,
    "epsdiluted": 1.89,
    "weightedAverageShsOut": 7319000000,
    "weightedAverageShsOutDil": 7348000000,
    "link": "https://www.sec.gov/Archives/edgar/data/732717/000156276220000064/0001562762-20-000064-index.htm",
    "finalLink": "https://www.sec.gov/Archives/edgar/data/732717/000156276220000064/t-20191231.htm"
  },
  {
    "date": "2018-12-31",
    "symbol": "T",
    "reportedCurrency": "USD",
    "cik": "0000732717",
    "fillingDate": "2019-02-20",
    "acceptedDate": "2019-02-20 17:21:51",
    "calendarYear": "2018",
    "period": "FY",
    "revenue": 170756000000,
    "costOfRevenue": 107849000000,
    "grossProfit": 62956000000,
    "grossProfitRatio": 0.3686898264,
    "researchAndDevelopmentExpenses": 1194000000,
    "generalAndAdministrativeExpenses": 0,
    "sellingAndMarketingExpenses": 0,
    "sellingGeneralAndAdministrativeExpenses": 34473000000,
    "otherExpenses": 0,
    "operatingExpenses": 35667000000,
    "costAndExpenses": 143516000000,
    "interestIncome": 0,
    "interestExpense": 7912000000,
    "depreciationAndAmortization": 28430000000,
    "ebitda": 61215000000,
    "ebitdaratio": 0.3584939914,
    "operatingIncome": 27289000000,
    "operatingIncomeRatio": 0.1598128323,
    "totalOtherIncomeExpensesNet": -2416000000,
    "incomeBeforeTax": 24873000000,
    "incomeBeforeTaxRatio": 0.1456639884,
    "incomeTaxExpense": 4920000000,
    "netIncome": 19370000000,
    "netIncomeRatio": 0.1134367167,
    "eps": 2.86,
    "epsdiluted": 2.85,
    "weightedAverageShsOut": 6778000000,
    "weightedAverageShsOutDil": 6806000000,
    "link": "https://www.sec.gov/Archives/edgar/data/732717/000119312519045608/0001193125-19-045608-index.htm",
    "finalLink": "https://www.sec.gov/Archives/edgar/data/732717/000119312519045608/d705958d10k.htm"
  },
  {
    "date": "2017-12-31",
    "symbol": "T",
    "reportedCurrency": "USD",
    "cik": "0000732717",
    "fillingDate": "2018-02-20",
    "acceptedDate": "2018-02-20 16:15:55",
    "calendarYear": "2017",
    "period": "FY",
    "revenue": 160546000000,
    "costOfRevenue": 102197000000,
    "grossProfit": 58349000000,
    "grossProfitRatio": 0.3634410076,
    "researchAndDevelopmentExpenses": 1503000000,
    "generalAndAdministrativeExpenses": 0,
    "sellingAndMarketingExpenses": 0,
    "sellingGeneralAndAdministrativeExpenses": 33339000000,
    "otherExpenses": 0,
    "operatingExpenses": 34842000000,
    "costAndExpenses": 137039000000,
    "interestIncome": 0,
    "interestExpense": 6279000000,
    "depreciationAndAmortization": 24387000000,
    "ebitda": 45805000000,
    "ebitdaratio": 0.2853076377,
    "operatingIncome": 23507000000,
    "operatingIncomeRatio": 0.1464190948,
    "totalOtherIncomeExpensesNet": -8368000000,
    "incomeBeforeTax": 15139000000,
    "incomeBeforeTaxRatio": 0.0942969616,
    "incomeTaxExpense": -14708000000,
    "netIncome": 29450000000,
    "netIncomeRatio": 0.1834365229,
    "eps": 4.77,
    "epsdiluted": 4.76,
    "weightedAverageShsOut": 6164000000,
    "weightedAverageShsOutDil": 6183000000,
    "link": "https://www.sec.gov/Archives/edgar/data/732717/000073271718000009/0000732717-18-000009-index.htm",
    "finalLink": "https://www.sec.gov/Archives/edgar/data/732717/000073271718000009/ye17_10k.htm"
  },
  {
    "date": "2016-12-31",
    "symbol": "T",
    "reportedCurrency": "USD",
    "cik": "0000732717",
    "fillingDate": "2017-02-17",
    "acceptedDate": "2017-02-17 17:30:12",
    "calendarYear": "2016",
    "period": "FY",
    "revenue": 163786000000,
    "costOfRevenue": 102731000000,
    "grossProfit": 61055000000,
    "grossProfitRatio": 0.3727730087,
    "researchAndDevelopmentExpenses": 1649000000,
    "generalAndAdministrativeExpenses": 0,
    "sellingAndMarketingExpenses": 0,
    "sellingGeneralAndAdministrativeExpenses": 33532000000,
    "otherExpenses": 0,
    "operatingExpenses": 35181000000,
    "costAndExpenses": 137912000000,
    "interestIncome": 0,
    "interestExpense": 4889000000,
    "depreciationAndAmortization": 25847000000,
    "ebitda": 50548000000,
    "ebitdaratio": 0.3086222266,
    "operatingIncome": 25874000000,
    "operatingIncomeRatio": 0.15797443,
    "totalOtherIncomeExpensesNet": -6062000000,
    "incomeBeforeTax": 19812000000,
    "incomeBeforeTaxRatio": 0.1209627196,
    "incomeTaxExpense": 6479000000,
    "netIncome": 12976000000,
    "netIncomeRatio": 0.0792253306,
    "eps": 2.1,
    "epsdiluted": 2.1,
    "weightedAverageShsOut": 6168000000,
    "weightedAverageShsOutDil": 6189000000,
    "link": "https://www.sec.gov/Archives/edgar/data/732717/000073271717000021/0000732717-17-000021-index.htm",
    "finalLink": "https://www.sec.gov/Archives/edgar/data/732717/000073271717000021/ye16_10k.htm"
  },
  {
    "date": "2015-12-31",
    "symbol": "T",
    "reportedCurrency": "USD",
    "cik": "0000732717",
    "fillingDate": "2016-02-18",
    "acceptedDate": "2016-02-18 16:33:12",
    "calendarYear": "2015",
    "period": "FY",
    "revenue": 146801000000,
    "costOfRevenue": 89062000000,
    "grossProfit": 57739000000,
    "grossProfitRatio": 0.3933147594,
    "researchAndDevelopmentExpenses": 1693000000,
    "generalAndAdministrativeExpenses": 0,
    "sellingAndMarketingExpenses": 0,
    "sellingGeneralAndAdministrativeExpenses": 29340000000,
    "otherExpenses": 0,
    "operatingExpenses": 31033000000,
    "costAndExpenses": 120095000000,
    "interestIncome": 0,
    "interestExpense": 4100000000,
    "depreciationAndAmortization": 22016000000,
    "ebitda": 46808000000,
    "ebitdaratio": 0.3188534138,
    "operatingIncome": 26706000000,
    "operatingIncomeRatio": 0.1819197417,
    "totalOtherIncomeExpensesNet": -6014000000,
    "incomeBeforeTax": 20692000000,
    "incomeBeforeTaxRatio": 0.1409527183,
    "incomeTaxExpense": 7005000000,
    "netIncome": 13345000000,
    "netIncomeRatio": 0.0909053753,
    "eps": 2.37,
    "epsdiluted": 2.37,
    "weightedAverageShsOut": 5628000000,
    "weightedAverageShsOutDil": 5646000000,
    "link": "https://www.sec.gov/Archives/edgar/data/732717/000073271716000147/0000732717-16-000147-index.htm",
    "finalLink": "https://www.sec.gov/Archives/edgar/data/732717/000073271716000147/ye15_10k.htm"
  },
  {
    "date": "2014-12-31",
    "symbol": "T",
    "reportedCurrency": "USD",
    "cik": "0000732717",
    "fillingDate": "2015-02-20",
    "acceptedDate": "2015-02-20 16:23:15",
    "calendarYear": "2014",
    "period": "FY",
    "revenue": 132447000000,
    "costOfRevenue": 78884000000,
    "grossProfit": 53563000000,
    "grossProfitRatio": 0.4044108209,
    "researchAndDevelopmentExpenses": 1730000000,
    "generalAndAdministrativeExpenses": 0,
    "sellingAndMarketingExpenses": 0,
    "sellingGeneralAndAdministrativeExpenses": 37967000000,
    "otherExpenses": 0,
    "operatingExpenses": 39697000000,
    "costAndExpenses": 118581000000,
    "interestIncome": 0,
    "interestExpense": 3569000000,
    "depreciationAndAmortization": 18273000000,
    "ebitda": 31802000000,
    "ebitdaratio": 0.2401111388,
    "operatingIncome": 13866000000,
    "operatingIncomeRatio": 0.104690933,
    "totalOtherIncomeExpensesNet": -3906000000,
    "incomeBeforeTax": 9960000000,
    "incomeBeforeTaxRatio": 0.0751998913,
    "incomeTaxExpense": 3442000000,
    "netIncome": 6442000000,
    "netIncomeRatio": 0.0486383233,
    "eps": 1.24,
    "epsdiluted": 1.24,
    "weightedAverageShsOut": 5205000000,
    "weightedAverageShsOutDil": 5221000000,
    "link": "https://www.sec.gov/Archives/edgar/data/732717/000073271715000016/0000732717-15-000016-index.htm",
    "finalLink": "https://www.sec.gov/Archives/edgar/data/732717/000073271715000016/ye14_10k.htm"
  },
  {
    "date": "2013-12-31",
    "symbol": "T",
    "reportedCurrency": "USD",
    "cik": "0000732717",
    "fillingDate": "2014-02-21",
    "acceptedDate": "2014-02-21 16:25:54",
    "calendarYear": "2013",
    "period": "FY",
    "revenue": 128752000000,
    "costOfRevenue": 69859000000,
    "grossProfit": 58893000000,
    "grossProfitRatio": 0.4574142538,
    "researchAndDevelopmentExpenses": 1488000000,
    "generalAndAdministrativeExpenses": 0,
    "sellingAndMarketingExpenses": 0,
    "sellingGeneralAndAdministrativeExpenses": 26926000000,
    "otherExpenses": 0,
    "operatingExpenses": 28414000000,
    "costAndExpenses": 98273000000,
    "interestIncome": 0,
    "interestExpense": 3894000000,
    "depreciationAndAmortization": 18395000000,
    "ebitda": 50066000000,
    "ebitdaratio": 0.3888560954,
    "operatingIncome": 30479000000,
    "operatingIncomeRatio": 0.2367264198,
    "totalOtherIncomeExpensesNet": -2702000000,
    "incomeBeforeTax": 27777000000,
    "incomeBeforeTaxRatio": 0.215740338,
    "incomeTaxExpense": 9224000000,
    "netIncome": 18418000000,
    "netIncomeRatio": 0.143050205,
    "eps": 3.42,
    "epsdiluted": 3.42,
    "weightedAverageShsOut": 5368000000,
    "weightedAverageShsOutDil": 5385000000,
    "link": "https://www.sec.gov/Archives/edgar/data/732717/000073271714000010/0000732717-14-000010-index.htm",
    "finalLink": "https://www.sec.gov/Archives/edgar/data/732717/000073271714000010/ye13_10k.htm"
  },
  {
    "date": "2012-12-31",
    "symbol": "T",
    "reportedCurrency": "USD",
    "cik": "0000732717",
    "fillingDate": "2013-02-22",
    "acceptedDate": "2013-02-22 16:27:46",
    "calendarYear": "2012",
    "period": "FY",
    "revenue": 127434000000,
    "costOfRevenue": 73358000000,
    "grossProfit": 54076000000,
    "grossProfitRatio": 0.4243451512,
    "researchAndDevelopmentExpenses": 1278000000,
    "generalAndAdministrativeExpenses": 0,
    "sellingAndMarketingExpenses": 0,
    "sellingGeneralAndAdministrativeExpenses": 39801000000,
    "otherExpenses": 0,
    "operatingExpenses": 41079000000,
    "costAndExpenses": 114437000000,
    "interestIncome": 0,
    "interestExpense": 3401000000,
    "depreciationAndAmortization": 18143000000,
    "ebitda": 31983000000,
    "ebitdaratio": 0.2509769763,
    "operatingIncome": 12997000000,
    "operatingIncomeRatio": 0.1019900498,
    "totalOtherIncomeExpensesNet": -2558000000,
    "incomeBeforeTax": 10439000000,
    "incomeBeforeTaxRatio": 0.0819169139,
    "incomeTaxExpense": 2900000000,
    "netIncome": 7264000000,
    "netIncomeRatio": 0.057002056,
    "eps": 1.25,
    "epsdiluted": 1.25,
    "weightedAverageShsOut": 5801000000,
    "weightedAverageShsOutDil": 5821000000,
    "link": "https://www.sec.gov/Archives/edgar/data/732717/000073271713000017/0000732717-13-000017-index.htm",
    "finalLink": "https://www.sec.gov/Archives/edgar/data/732717/000073271713000017/ye12_10k.htm"
  },
  {
    "date": "2011-12-31",
    "symbol": "T",
    "reportedCurrency": "USD",
    "cik": "0000732717",
    "fillingDate": "2012-02-24",
    "acceptedDate": "2012-02-24 14:34:06",
    "calendarYear": "2011",
    "period": "FY",
    "revenue": 126723000000,
    "costOfRevenue": 75751000000,
    "grossProfit": 50972000000,
    "grossProfitRatio": 0.4022316391,
    "researchAndDevelopmentExpenses": 1197000000,
    "generalAndAdministrativeExpenses": 0,
    "sellingAndMarketingExpenses": 0,
    "sellingGeneralAndAdministrativeExpenses": 37647000000,
    "otherExpenses": 0,
    "operatingExpenses": 38844000000,
    "costAndExpenses": 114595000000,
    "interestIncome": 0,
    "interestExpense": 3512000000,
    "depreciationAndAmortization": 18377000000,
    "ebitda": 28605000000,
    "ebitdaratio": 0.2257285576,
    "operatingIncome": 12128000000,
    "operatingIncomeRatio": 0.095704805,
    "totalOtherIncomeExpensesNet": -5412000000,
    "incomeBeforeTax": 6716000000,
    "incomeBeforeTaxRatio": 0.0529974827,
    "incomeTaxExpense": 2532000000,
    "netIncome": 3944000000,
    "netIncomeRatio": 0.0311230006,
    "eps": 0.66,
    "epsdiluted": 0.66,
    "weightedAverageShsOut": 5928000000,
    "weightedAverageShsOutDil": 5950000000,
    "link": "https://www.sec.gov/Archives/edgar/data/732717/000073271712000025/0000732717-12-000025-index.htm",
    "finalLink": "https://www.sec.gov/Archives/edgar/data/732717/000073271712000025/ye11_10k.htm"
  },
  {
    "date": "2010-12-31",
    "symbol": "T",
    "reportedCurrency": "USD",
    "cik": "0000732717",
    "fillingDate": "2011-03-01",
    "acceptedDate": "2011-02-28 17:53:20",
    "calendarYear": "2010",
    "period": "FY",
    "revenue": 124280000000,
    "costOfRevenue": 71642000000,
    "grossProfit": 52638000000,
    "grossProfitRatio": 0.4235436112,
    "researchAndDevelopmentExpenses": 1345000000,
    "generalAndAdministrativeExpenses": 0,
    "sellingAndMarketingExpenses": 0,
    "sellingGeneralAndAdministrativeExpenses": 31720000000,
    "otherExpenses": 0,
    "operatingExpenses": 33065000000,
    "costAndExpenses": 104707000000,
    "interestIncome": 0,
    "interestExpense": 2975000000,
    "depreciationAndAmortization": 19379000000,
    "ebitda": 40592000000,
    "ebitdaratio": 0.3266173157,
    "operatingIncome": 19573000000,
    "operatingIncomeRatio": 0.157491149,
    "totalOtherIncomeExpensesNet": -1335000000,
    "incomeBeforeTax": 18238000000,
    "incomeBeforeTaxRatio": 0.1467492758,
    "incomeTaxExpense": -1162000000,
    "netIncome": 19864000000,
    "netIncomeRatio": 0.159832636,
    "eps": 3.36,
    "epsdiluted": 3.35,
    "weightedAverageShsOut": 5913000000,
    "weightedAverageShsOutDil": 5938000000,
    "link": "https://www.sec.gov/Archives/edgar/data/732717/000073271711000014/0000732717-11-000014-index.htm",
    "finalLink": "https://www.sec.gov/Archives/edgar/data/732717/000073271711000014/ye10_10k.htm"
  },
  {
    "date": "2009-12-31",
    "symbol": "T",
    "reportedCurrency": "USD",
    "cik": "0000732717",
    "fillingDate": "2009-12-31",
    "acceptedDate": "2009-12-30 19:00:00",
    "calendarYear": "2009",
    "period": "FY",
    "revenue": 122513000000,
    "costOfRevenue": 70086000000,
    "grossProfit": 52427000000,
    "grossProfitRatio": 0.4279300972,
    "researchAndDevelopmentExpenses": 986000000,
    "generalAndAdministrativeExpenses": 0,
    "sellingAndMarketingExpenses": 0,
    "sellingGeneralAndAdministrativeExpenses": 30441000000,
    "otherExpenses": 0,
    "operatingExpenses": 31427000000,
    "costAndExpenses": 101513000000,
    "interestIncome": 0,
    "interestExpense": 3345000000,
    "depreciationAndAmortization": 19515000000,
    "ebitda": 41378000000,
    "ebitdaratio": 0.3377437496,
    "operatingIncome": 21000000000,
    "operatingIncomeRatio": 0.1714103809,
    "totalOtherIncomeExpensesNet": -2482000000,
    "incomeBeforeTax": 18518000000,
    "incomeBeforeTaxRatio": 0.1511513064,
    "incomeTaxExpense": 6091000000,
    "netIncome": 12138000000,
    "netIncomeRatio": 0.0990752002,
    "eps": 2.06,
    "epsdiluted": 2.05,
    "weightedAverageShsOut": 5900000000,
    "weightedAverageShsOutDil": 5924000000,
    "link": "",
    "finalLink": ""
  },
  {
    "date": "2008-12-31",
    "symbol": "T",
    "reportedCurrency": "USD",
    "cik": "0000732717",
    "fillingDate": "2008-12-31",
    "acceptedDate": "2008-12-30 19:00:00",
    "calendarYear": "2008",
    "period": "FY",
    "revenue": 123443000000,
    "costOfRevenue": 69778000000,
    "grossProfit": 54250000000,
    "grossProfitRatio": 0.4394740893,
    "researchAndDevelopmentExpenses": 832000000,
    "generalAndAdministrativeExpenses": 0,
    "sellingAndMarketingExpenses": 0,
    "sellingGeneralAndAdministrativeExpenses": 29377000000,
    "otherExpenses": 0,
    "operatingExpenses": 30209000000,
    "costAndExpenses": 99987000000,
    "interestIncome": 0,
    "interestExpense": 3390000000,
    "depreciationAndAmortization": 19883000000,
    "ebitda": 43437000000,
    "ebitdaratio": 0.3518790049,
    "operatingIncome": 24041000000,
    "operatingIncomeRatio": 0.194753854,
    "totalOtherIncomeExpensesNet": -3877000000,
    "incomeBeforeTax": 20164000000,
    "incomeBeforeTaxRatio": 0.1633466458,
    "incomeTaxExpense": 7036000000,
    "netIncome": -2625000000,
    "netIncomeRatio": -0.0212648753,
    "eps": -0.44,
    "epsdiluted": -0.44,
    "weightedAverageShsOut": 5927000000,
    "weightedAverageShsOutDil": 5958000000,
    "link": "",
    "finalLink": ""
  },
  {
    "date": "2007-12-31",
    "symbol": "T",
    "reportedCurrency": "USD",
    "cik": "0000732717",
    "fillingDate": "2007-12-31",
    "acceptedDate": "2007-12-30 19:00:00",
    "calendarYear": "2007",
    "period": "FY",
    "revenue": 118928000000,
    "costOfRevenue": 67632000000,
    "grossProfit": 51296000000,
    "grossProfitRatio": 0.4313197901,
    "researchAndDevelopmentExpenses": 985000000,
    "generalAndAdministrativeExpenses": 0,
    "sellingAndMarketingExpenses": 0,
    "sellingGeneralAndAdministrativeExpenses": 28635000000,
    "otherExpenses": 0,
    "operatingExpenses": 29620000000,
    "costAndExpenses": 97252000000,
    "interestIncome": 0,
    "interestExpense": 3507000000,
    "depreciationAndAmortization": 21577000000,
    "ebitda": 43484000000,
    "ebitdaratio": 0.365632988,
    "operatingIncome": 21676000000,
    "operatingIncomeRatio": 0.1822615364,
    "totalOtherIncomeExpensesNet": -3276000000,
    "incomeBeforeTax": 18400000000,
    "incomeBeforeTaxRatio": 0.1547154581,
    "incomeTaxExpense": 6253000000,
    "netIncome": 11951000000,
    "netIncomeRatio": 0.1004893717,
    "eps": 1.95,
    "epsdiluted": 1.94,
    "weightedAverageShsOut": 6127000000,
    "weightedAverageShsOutDil": 6170000000,
    "link": "",
    "finalLink": ""
  },
  {
    "date": "2006-12-31",
    "symbol": "T",
    "reportedCurrency": "USD",
    "cik": "0000732717",
    "fillingDate": "2007-02-26",
    "acceptedDate": "2007-02-26 17:27:37",
    "calendarYear": "2006",
    "period": "FY",
    "revenue": 63055000000,
    "costOfRevenue": 37256000000,
    "grossProfit": 25799000000,
    "grossProfitRatio": 0.4091507414,
    "researchAndDevelopmentExpenses": 223000000,
    "generalAndAdministrativeExpenses": 0,
    "sellingAndMarketingExpenses": 0,
    "sellingGeneralAndAdministrativeExpenses": 14514000000,
    "otherExpenses": 0,
    "operatingExpenses": 14737000000,
    "costAndExpenses": 51993000000,
    "interestIncome": 377000000,
    "interestExpense": 1843000000,
    "depreciationAndAmortization": 9907000000,
    "ebitda": 22631000000,
    "ebitdaratio": 0.3589088891,
    "operatingIncome": 11062000000,
    "operatingIncomeRatio": 0.1754341448,
    "totalOtherIncomeExpensesNet": -181000000,
    "incomeBeforeTax": 10881000000,
    "incomeBeforeTaxRatio": 0.1725636349,
    "incomeTaxExpense": 3525000000,
    "netIncome": 7356000000,
    "netIncomeRatio": 0.1166600587,
    "eps": 1.89,
    "epsdiluted": 1.89,
    "weightedAverageShsOut": 3882000000,
    "weightedAverageShsOutDil": 3902000000,
    "link": "https://www.sec.gov/Archives/edgar/data/732717/000073271707000015/0000732717-07-000015-index.htm",
    "finalLink": "https://www.sec.gov/Archives/edgar/data/732717/000073271707000015/att10_k.htm"
  },
  {
    "date": "2005-12-31",
    "symbol": "T",
    "reportedCurrency": "USD",
    "cik": "0000732717",
    "fillingDate": "2006-03-01",
    "acceptedDate": "2006-02-28 18:15:37",
    "calendarYear": "2005",
    "period": "FY",
    "revenue": 43764000000,
    "costOfRevenue": 26833000000,
    "grossProfit": 17029000000,
    "grossProfitRatio": 0.3891097706,
    "researchAndDevelopmentExpenses": 130000000,
    "generalAndAdministrativeExpenses": 0,
    "sellingAndMarketingExpenses": 0,
    "sellingGeneralAndAdministrativeExpenses": 9882000000,
    "otherExpenses": 0,
    "operatingExpenses": 10012000000,
    "costAndExpenses": 36845000000,
    "interestIncome": 383000000,
    "interestExpense": 1456000000,
    "depreciationAndAmortization": 7643000000,
    "ebitda": 14817000000,
    "ebitdaratio": 0.3385659446,
    "operatingIncome": 7017000000,
    "operatingIncomeRatio": 0.1603372635,
    "totalOtherIncomeExpensesNet": -1299000000,
    "incomeBeforeTax": 5718000000,
    "incomeBeforeTaxRatio": 0.1306553332,
    "incomeTaxExpense": 932000000,
    "netIncome": 4786000000,
    "netIncomeRatio": 0.1093592907,
    "eps": 1.42,
    "epsdiluted": 1.42,
    "weightedAverageShsOut": 3368000000,
    "weightedAverageShsOutDil": 3379000000,
    "link": "https://www.sec.gov/Archives/edgar/data/732717/000073271706000008/0000732717-06-000008-index.htm",
    "finalLink": "https://www.sec.gov/Archives/edgar/data/732717/000073271706000008/form10k2005.htm"
  },
  {
    "date": "2004-12-31",
    "symbol": "T",
    "reportedCurrency": "USD",
    "cik": "0000732717",
    "fillingDate": "2005-03-11",
    "acceptedDate": "2005-03-11 14:52:31",
    "calendarYear": "2004",
    "period": "FY",
    "revenue": 40733000000,
    "costOfRevenue": 24947000000,
    "grossProfit": 15840000000,
    "grossProfitRatio": 0.388873886,
    "researchAndDevelopmentExpenses": 0,
    "generalAndAdministrativeExpenses": 0,
    "sellingAndMarketingExpenses": 0,
    "sellingGeneralAndAdministrativeExpenses": 9939000000,
    "otherExpenses": 0,
    "operatingExpenses": 9939000000,
    "costAndExpenses": 34886000000,
    "interestIncome": 492000000,
    "interestExpense": 1023000000,
    "depreciationAndAmortization": 7564000000,
    "ebitda": 15752000000,
    "ebitdaratio": 0.3867134756,
    "operatingIncome": 5901000000,
    "operatingIncomeRatio": 0.1448702526,
    "totalOtherIncomeExpensesNet": 1264000000,
    "incomeBeforeTax": 7165000000,
    "incomeBeforeTaxRatio": 0.1759016031,
    "incomeTaxExpense": 2186000000,
    "netIncome": 5887000000,
    "netIncomeRatio": 0.144526551,
    "eps": 1.78,
    "epsdiluted": 1.77,
    "weightedAverageShsOut": 3310000000,
    "weightedAverageShsOutDil": 3322000000,
    "link": "https://www.sec.gov/Archives/edgar/data/732717/000073271705000176/0000732717-05-000176-index.htm",
    "finalLink": "https://www.sec.gov/Archives/edgar/data/732717/000073271705000176/form10k.htm"
  },
  {
    "date": "2003-12-31",
    "symbol": "T",
    "reportedCurrency": "USD",
    "cik": "0000732717",
    "fillingDate": "2004-03-11",
    "acceptedDate": "2004-03-11 15:48:23",
    "calendarYear": "2003",
    "period": "FY",
    "revenue": 40498000000,
    "costOfRevenue": 16857000000,
    "grossProfit": 23641000000,
    "grossProfitRatio": 0.5837572226,
    "researchAndDevelopmentExpenses": 0,
    "generalAndAdministrativeExpenses": 0,
    "sellingAndMarketingExpenses": 0,
    "sellingGeneralAndAdministrativeExpenses": 9487000000,
    "otherExpenses": 1767000000,
    "operatingExpenses": 17357000000,
    "costAndExpenses": 34214000000,
    "interestIncome": 603000000,
    "interestExpense": 1191000000,
    "depreciationAndAmortization": 7870000000,
    "ebitda": 17777000000,
    "ebitdaratio": 0.4389599486,
    "operatingIncome": 6284000000,
    "operatingIncomeRatio": 0.1551681565,
    "totalOtherIncomeExpensesNet": 2432000000,
    "incomeBeforeTax": 8716000000,
    "incomeBeforeTaxRatio": 0.2152205047,
    "incomeTaxExpense": 2857000000,
    "netIncome": 8505000000,
    "netIncomeRatio": 0.2100103709,
    "eps": 2.56,
    "epsdiluted": 2.56,
    "weightedAverageShsOut": 3318000000,
    "weightedAverageShsOutDil": 3329000000,
    "link": "https://www.sec.gov/Archives/edgar/data/732717/000073271704000205/0000732717-04-000205-index.htm",
    "finalLink": "https://www.sec.gov/Archives/edgar/data/732717/000073271704000205/sbc10k.htm"
  },
  {
    "date": "2002-12-31",
    "symbol": "T",
    "reportedCurrency": "USD",
    "cik": "0000732717",
    "fillingDate": "2003-03-14",
    "acceptedDate": "2003-03-13 17:57:50",
    "calendarYear": "2002",
    "period": "FY",
    "revenue": 42821000000,
    "costOfRevenue": 16474000000,
    "grossProfit": 26347000000,
    "grossProfitRatio": 0.6152822213,
    "researchAndDevelopmentExpenses": 0,
    "generalAndAdministrativeExpenses": 0,
    "sellingAndMarketingExpenses": 0,
    "sellingGeneralAndAdministrativeExpenses": 9331000000,
    "otherExpenses": 733000000,
    "operatingExpenses": 17909000000,
    "costAndExpenses": 34383000000,
    "interestIncome": 561000000,
    "interestExpense": 1382000000,
    "depreciationAndAmortization": 8578000000,
    "ebitda": 20231000000,
    "ebitdaratio": 0.4724551038,
    "operatingIncome": 8438000000,
    "operatingIncomeRatio": 0.1970528479,
    "totalOtherIncomeExpensesNet": 1833000000,
    "incomeBeforeTax": 10271000000,
    "incomeBeforeTaxRatio": 0.2398589477,
    "incomeTaxExpense": 2910000000,
    "netIncome": 5653000000,
    "netIncomeRatio": 0.1320146657,
    "eps": 1.7,
    "epsdiluted": 1.69,
    "weightedAverageShsOut": 3330000000,
    "weightedAverageShsOutDil": 3348000000,
    "link": "https://www.sec.gov/Archives/edgar/data/732717/000073271703000210/0000732717-03-000210-index.htm",
    "finalLink": "https://www.sec.gov/Archives/edgar/data/732717/000073271703000210/sbc10k.htm"
  },
  {
    "date": "2001-12-31",
    "symbol": "T",
    "reportedCurrency": "USD",
    "cik": "0000732717",
    "fillingDate": "2002-06-27",
    "acceptedDate": "2002-06-27 16:49:23",
    "calendarYear": "2001",
    "period": "FY",
    "revenue": 45908000000,
    "costOfRevenue": 16940000000,
    "grossProfit": 28968000000,
    "grossProfitRatio": 0.6310011327,
    "researchAndDevelopmentExpenses": 0,
    "generalAndAdministrativeExpenses": 0,
    "sellingAndMarketingExpenses": 0,
    "sellingGeneralAndAdministrativeExpenses": 9383000000,
    "otherExpenses": -236000000,
    "operatingExpenses": 18460000000,
    "costAndExpenses": 35400000000,
    "interestIncome": 682000000,
    "interestExpense": 1599000000,
    "depreciationAndAmortization": 9077000000,
    "ebitda": 21626000000,
    "ebitdaratio": 0.4710725799,
    "operatingIncome": 10508000000,
    "operatingIncomeRatio": 0.2288925677,
    "totalOtherIncomeExpensesNet": 442000000,
    "incomeBeforeTax": 10950000000,
    "incomeBeforeTaxRatio": 0.2385205193,
    "incomeTaxExpense": 3942000000,
    "netIncome": 7008000000,
    "netIncomeRatio": 0.1526531324,
    "eps": 2.08,
    "epsdiluted": 2.07,
    "weightedAverageShsOut": 3366000000,
    "weightedAverageShsOutDil": 3396000000,
    "link": "https://www.sec.gov/Archives/edgar/data/732717/000073271702000024/0000732717-02-000024-index.htm",
    "finalLink": "https://www.sec.gov/Archives/edgar/data/732717/000073271702000024/ex99b.htm"
  },
  {
    "date": "2000-12-31",
    "symbol": "T",
    "reportedCurrency": "USD",
    "cik": "0000732717",
    "fillingDate": "2001-06-27",
    "acceptedDate": "2001-06-27 00:00:00",
    "calendarYear": "2000",
    "period": "FY",
    "revenue": 51374000000,
    "costOfRevenue": 31156000000,
    "grossProfit": 20218000000,
    "grossProfitRatio": 0.3935453731,
    "researchAndDevelopmentExpenses": 0,
    "generalAndAdministrativeExpenses": 0,
    "sellingAndMarketingExpenses": 0,
    "sellingGeneralAndAdministrativeExpenses": 0,
    "otherExpenses": 2562000000,
    "operatingExpenses": 9748000000,
    "costAndExpenses": 40904000000,
    "interestIncome": 279000000,
    "interestExpense": 1592000000,
    "depreciationAndAmortization": 9748000000,
    "ebitda": 23956000000,
    "ebitdaratio": 0.4663059135,
    "operatingIncome": 10470000000,
    "operatingIncomeRatio": 0.2037995873,
    "totalOtherIncomeExpensesNet": 2146000000,
    "incomeBeforeTax": 12616000000,
    "incomeBeforeTaxRatio": 0.24557169,
    "incomeTaxExpense": 4816000000,
    "netIncome": 7800000000,
    "netIncomeRatio": 0.1518277728,
    "eps": 2.3,
    "epsdiluted": 2.27,
    "weightedAverageShsOut": 3392000000,
    "weightedAverageShsOutDil": 3433000000,
    "link": "https://www.sec.gov/Archives/edgar/data/732717/000073271701500011/0000732717-01-500011-index.htm",
    "finalLink": "https://www.sec.gov/Archives/edgar/data/732717/000073271701500011/form10-ka.htm"
  },
  {
    "date": "1999-12-31",
    "symbol": "T",
    "reportedCurrency": "USD",
    "cik": "0000732717",
    "fillingDate": "2000-06-27",
    "acceptedDate": "2000-06-27 00:00:00",
    "calendarYear": "1999",
    "period": "FY",
    "revenue": 49531000000,
    "costOfRevenue": 29380000000,
    "grossProfit": 20151000000,
    "grossProfitRatio": 0.4068361228,
    "researchAndDevelopmentExpenses": 0,
    "generalAndAdministrativeExpenses": 0,
    "sellingAndMarketingExpenses": 0,
    "sellingGeneralAndAdministrativeExpenses": 0,
    "otherExpenses": -354000000,
    "operatingExpenses": 8553000000,
    "costAndExpenses": 37933000000,
    "interestIncome": 127000000,
    "interestExpense": 1430000000,
    "depreciationAndAmortization": 8553000000,
    "ebitda": 20836000000,
    "ebitdaratio": 0.4206658456,
    "operatingIncome": 11598000000,
    "operatingIncomeRatio": 0.2341563869,
    "totalOtherIncomeExpensesNet": -745000000,
    "incomeBeforeTax": 10853000000,
    "incomeBeforeTaxRatio": 0.2191153015,
    "incomeTaxExpense": 4280000000,
    "netIncome": 8159000000,
    "netIncomeRatio": 0.1647251216,
    "eps": 2.39,
    "epsdiluted": 2.36,
    "weightedAverageShsOut": 3409000000,
    "weightedAverageShsOutDil": 3458000000,
    "link": "https://www.sec.gov/Archives/edgar/data/732717/000073271700000036/0000732717-00-000036-index.htm",
    "finalLink": "https://www.sec.gov/Archives/edgar/data/732717/000073271700000036/0000732717-00-000036-0001.txt"
  },
  {
    "date": "1998-12-31",
    "symbol": "T",
    "reportedCurrency": "USD",
    "cik": "0000732717",
    "fillingDate": "1999-03-12",
    "acceptedDate": "1999-03-12 00:00:00",
    "calendarYear": "1998",
    "period": "FY",
    "revenue": 46241000000,
    "costOfRevenue": 27177000000,
    "grossProfit": 19064000000,
    "grossProfitRatio": 0.412274821,
    "researchAndDevelopmentExpenses": 0,
    "generalAndAdministrativeExpenses": 0,
    "sellingAndMarketingExpenses": 0,
    "sellingGeneralAndAdministrativeExpenses": 0,
    "otherExpenses": 1702000000,
    "operatingExpenses": 7841000000,
    "costAndExpenses": 35018000000,
    "interestIncome": 182000000,
    "interestExpense": 1605000000,
    "depreciationAndAmortization": 7841000000,
    "ebitda": 21561000000,
    "ebitdaratio": 0.4662745183,
    "operatingIncome": 11223000000,
    "operatingIncomeRatio": 0.2427066889,
    "totalOtherIncomeExpensesNet": 892000000,
    "incomeBeforeTax": 12115000000,
    "incomeBeforeTaxRatio": 0.2619969291,
    "incomeTaxExpense": 4380000000,
    "netIncome": 7690000000,
    "netIncomeRatio": 0.1663026319,
    "eps": 2.26,
    "epsdiluted": 2.23,
    "weightedAverageShsOut": 3406000000,
    "weightedAverageShsOutDil": 3450000000,
    "link": "https://www.sec.gov/Archives/edgar/data/732717/000073271799000007/0000732717-99-000007-index.html",
    "finalLink": "https://www.sec.gov/Archives/edgar/data/732717/"
  },
  {
    "date": "1997-12-31",
    "symbol": "T",
    "reportedCurrency": "USD",
    "cik": "0000732717",
    "fillingDate": "1998-06-26",
    "acceptedDate": "1998-06-26 00:00:00",
    "calendarYear": "1997",
    "period": "FY",
    "revenue": 43106000000,
    "costOfRevenue": 27727000000,
    "grossProfit": 15379000000,
    "grossProfitRatio": 0.3567716791,
    "researchAndDevelopmentExpenses": 0,
    "generalAndAdministrativeExpenses": 0,
    "sellingAndMarketingExpenses": 0,
    "sellingGeneralAndAdministrativeExpenses": 7276000000,
    "otherExpenses": 49000000,
    "operatingExpenses": 7777000000,
    "costAndExpenses": 35504000000,
    "interestIncome": 0,
    "interestExpense": 1550000000,
    "depreciationAndAmortization": 7777000000,
    "ebitda": 15865000000,
    "ebitdaratio": 0.3680462117,
    "operatingIncome": 7602000000,
    "operatingIncomeRatio": 0.1763559597,
    "totalOtherIncomeExpensesNet": -1064000000,
    "incomeBeforeTax": 6538000000,
    "incomeBeforeTaxRatio": 0.151672621,
    "incomeTaxExpense": 2451000000,
    "netIncome": 4087000000,
    "netIncomeRatio": 0.0948127871,
    "eps": 2.23,
    "epsdiluted": 2.22,
    "weightedAverageShsOut": 1832900500,
    "weightedAverageShsOutDil": 1840740500,
    "link": "https://www.sec.gov/Archives/edgar/data/732717/000073271798000017/0000732717-98-000017-index.html",
    "finalLink": "https://www.sec.gov/Archives/edgar/data/732717/"
  },
  {
    "date": "1996-12-31",
    "symbol": "T",
    "reportedCurrency": "USD",
    "cik": "0000732717",
    "fillingDate": "1997-03-11",
    "acceptedDate": "1997-03-11 00:00:00",
    "calendarYear": "1996",
    "period": "FY",
    "revenue": 25202000000,
    "costOfRevenue": 14510000000,
    "grossProfit": 10692000000,
    "grossProfitRatio": 0.4242520435,
    "researchAndDevelopmentExpenses": 0,
    "generalAndAdministrativeExpenses": 0,
    "sellingAndMarketingExpenses": 0,
    "sellingGeneralAndAdministrativeExpenses": 3967000000,
    "otherExpenses": -75000000,
    "operatingExpenses": 4466000000,
    "costAndExpenses": 18976000000,
    "interestIncome": 0,
    "interestExpense": 901000000,
    "depreciationAndAmortization": 4466000000,
    "ebitda": 10824000000,
    "ebitdaratio": 0.429489723,
    "operatingIncome": 6226000000,
    "operatingIncomeRatio": 0.2470438854,
    "totalOtherIncomeExpensesNet": -769000000,
    "incomeBeforeTax": 5457000000,
    "incomeBeforeTaxRatio": 0.2165304341,
    "incomeTaxExpense": 2070000000,
    "netIncome": 3477000000,
    "netIncomeRatio": 0.1379652409,
    "eps": 1.78,
    "epsdiluted": 1.77,
    "weightedAverageShsOut": 1956200000,
    "weightedAverageShsOutDil": 1966995000,
    "link": "https://www.sec.gov/Archives/edgar/data/732717/000073271797000001/0000732717-97-000001-index.html",
    "finalLink": "https://www.sec.gov/Archives/edgar/data/732717/"
  },
  {
    "date": "1995-12-31",
    "symbol": "T",
    "reportedCurrency": "USD",
    "cik": "0000732717",
    "fillingDate": "1996-03-12",
    "acceptedDate": "1996-03-12 00:00:00",
    "calendarYear": "1995",
    "period": "FY",
    "revenue": 21712000000,
    "costOfRevenue": 7864000000,
    "grossProfit": 13848000000,
    "grossProfitRatio": 0.6378039794,
    "researchAndDevelopmentExpenses": 0,
    "generalAndAdministrativeExpenses": 0,
    "sellingAndMarketingExpenses": 0,
    "sellingGeneralAndAdministrativeExpenses": 4694000000,
    "otherExpenses": 194000000,
    "operatingExpenses": 8728000000,
    "costAndExpenses": 16592000000,
    "interestIncome": 0,
    "interestExpense": 957000000,
    "depreciationAndAmortization": 4034000000,
    "ebitda": 9468000000,
    "ebitdaratio": 0.4360722181,
    "operatingIncome": 5120000000,
    "operatingIncomeRatio": 0.2358142962,
    "totalOtherIncomeExpensesNet": -643000000,
    "incomeBeforeTax": 4477000000,
    "incomeBeforeTaxRatio": 0.2061993368,
    "incomeTaxExpense": 1519000000,
    "netIncome": -3064000000,
    "netIncomeRatio": -0.1411201179,
    "eps": -1.66,
    "epsdiluted": -1.66,
    "weightedAverageShsOut": 1840861000,
    "weightedAverageShsOutDil": 1848707000,
    "link": "https://www.sec.gov/Archives/edgar/data/732717/000073271796000003/0000732717-96-000003-index.html",
    "finalLink": "https://www.sec.gov/Archives/edgar/data/732717/"
  },
  {
    "date": "1994-12-31",
    "symbol": "T",
    "reportedCurrency": "USD",
    "cik": "0000732717",
    "fillingDate": "1995-05-26",
    "acceptedDate": "1995-05-26 00:00:00",
    "calendarYear": "1994",
    "period": "FY",
    "revenue": 11772000000,
    "costOfRevenue": 3747000000,
    "grossProfit": 8025000000,
    "grossProfitRatio": 0.6817023445,
    "researchAndDevelopmentExpenses": 0,
    "generalAndAdministrativeExpenses": 0,
    "sellingAndMarketingExpenses": 0,
    "sellingGeneralAndAdministrativeExpenses": 3225000000,
    "otherExpenses": -71000000,
    "operatingExpenses": 5263000000,
    "costAndExpenses": 9010000000,
    "interestIncome": 0,
    "interestExpense": 480000000,
    "depreciationAndAmortization": 2038000000,
    "ebitda": 4952000000,
    "ebitdaratio": 0.4206591913,
    "operatingIncome": 2762000000,
    "operatingIncomeRatio": 0.2346245328,
    "totalOtherIncomeExpensesNet": -328000000,
    "incomeBeforeTax": 2434000000,
    "incomeBeforeTaxRatio": 0.2067618077,
    "incomeTaxExpense": 785000000,
    "netIncome": 1649000000,
    "netIncomeRatio": 0.1400781515,
    "eps": 1.37,
    "epsdiluted": 1.37,
    "weightedAverageShsOut": 1202000000,
    "weightedAverageShsOutDil": 1202000000,
    "link": "https://www.sec.gov/Archives/edgar/data/732717/000073271795000007/0000732717-95-000007-index.html",
    "finalLink": "https://www.sec.gov/Archives/edgar/data/732717/"
  },
  {
    "date": "1993-12-31",
    "symbol": "T",
    "reportedCurrency": "USD",
    "cik": "0000732717",
    "fillingDate": "1994-03-18",
    "acceptedDate": "1994-03-18 00:00:00",
    "calendarYear": "1993",
    "period": "FY",
    "revenue": 10840200000,
    "costOfRevenue": 3387600000,
    "grossProfit": 7452600000,
    "grossProfitRatio": 0.6874965407,
    "researchAndDevelopmentExpenses": 0,
    "generalAndAdministrativeExpenses": 0,
    "sellingAndMarketingExpenses": 0,
    "sellingGeneralAndAdministrativeExpenses": 3085200000,
    "otherExpenses": -53700000,
    "operatingExpenses": 5092200000,
    "costAndExpenses": 8479800000,
    "interestIncome": 0,
    "interestExpense": 496200000,
    "depreciationAndAmortization": 2007000000,
    "ebitda": 4563400000,
    "ebitdaratio": 0.4209700928,
    "operatingIncome": 2360400000,
    "operatingIncomeRatio": 0.2177450601,
    "totalOtherIncomeExpensesNet": -300200000,
    "incomeBeforeTax": 2060200000,
    "incomeBeforeTaxRatio": 0.1900518441,
    "incomeTaxExpense": 625000000,
    "netIncome": -845200000,
    "netIncomeRatio": -0.0779690412,
    "eps": -0.7,
    "epsdiluted": -0.7,
    "weightedAverageShsOut": 1199600000,
    "weightedAverageShsOutDil": 1199600000,
    "link": "https://www.sec.gov/Archives/edgar/data/732717/000073271794000005/0000732717-94-000005-index.html",
    "finalLink": "https://www.sec.gov/Archives/edgar/data/732717/"
  },
  {
    "date": "1992-12-31",
    "symbol": "T",
    "reportedCurrency": "USD",
    "cik": "0000732717",
    "fillingDate": "1992-12-31",
    "acceptedDate": "1992-12-31 00:00:00",
    "calendarYear": "1992",
    "period": "FY",
    "revenue": 10015400000,
    "costOfRevenue": 3423400000,
    "grossProfit": 6592000000,
    "grossProfitRatio": 0.658186393,
    "researchAndDevelopmentExpenses": 0,
    "generalAndAdministrativeExpenses": 0,
    "sellingAndMarketingExpenses": 0,
    "sellingGeneralAndAdministrativeExpenses": 2552400000,
    "otherExpenses": -5700000,
    "operatingExpenses": 4394600000,
    "costAndExpenses": 7818000000,
    "interestIncome": 0,
    "interestExpense": 530000000,
    "depreciationAndAmortization": 1842200000,
    "ebitda": 4241900000,
    "ebitdaratio": 0.4235377519,
    "operatingIncome": 2197400000,
    "operatingIncomeRatio": 0.2194021207,
    "totalOtherIncomeExpensesNet": -327700000,
    "incomeBeforeTax": 1869700000,
    "incomeBeforeTaxRatio": 0.1866825089,
    "incomeTaxExpense": 568000000,
    "netIncome": 1301700000,
    "netIncomeRatio": 0.1299698464,
    "eps": 1.09,
    "epsdiluted": 1.09,
    "weightedAverageShsOut": 1200400000,
    "weightedAverageShsOutDil": 1200400000,
    "link": null,
    "finalLink": null
  },
  {
    "date": "1991-12-31",
    "symbol": "T",
    "reportedCurrency": "USD",
    "cik": "0000732717",
    "fillingDate": "1991-12-31",
    "acceptedDate": "1991-12-31 00:00:00",
    "calendarYear": "1991",
    "period": "FY",
    "revenue": 9331900000,
    "costOfRevenue": 3159900000,
    "grossProfit": 6172000000,
    "grossProfitRatio": 0.6613872845,
    "researchAndDevelopmentExpenses": 0,
    "generalAndAdministrativeExpenses": 0,
    "sellingAndMarketingExpenses": 0,
    "sellingGeneralAndAdministrativeExpenses": 2273400000,
    "otherExpenses": 0,
    "operatingExpenses": 4038400000,
    "costAndExpenses": 7198300000,
    "interestIncome": 0,
    "interestExpense": 0,
    "depreciationAndAmortization": 1765000000,
    "ebitda": 3898600000,
    "ebitdaratio": 0.4177713006,
    "operatingIncome": 2133600000,
    "operatingIncomeRatio": 0.2286351118,
    "totalOtherIncomeExpensesNet": -489400000,
    "incomeBeforeTax": 1644200000,
    "incomeBeforeTaxRatio": 0.1761913437,
    "incomeTaxExpense": 487700000,
    "netIncome": 1156500000,
    "netIncomeRatio": 0.1239297464,
    "eps": 0.97,
    "epsdiluted": 0.97,
    "weightedAverageShsOut": 1192268041,
    "weightedAverageShsOutDil": 1192268041,
    "link": null,
    "finalLink": null
  },
  {
    "date": "1990-12-31",
    "symbol": "T",
    "reportedCurrency": "USD",
    "cik": "0000732717",
    "fillingDate": "1990-12-31",
    "acceptedDate": "1990-12-31 00:00:00",
    "calendarYear": "1990",
    "period": "FY",
    "revenue": 9112900000,
    "costOfRevenue": 3202600000,
    "grossProfit": 5910300000,
    "grossProfitRatio": 0.6485641234,
    "researchAndDevelopmentExpenses": 0,
    "generalAndAdministrativeExpenses": 0,
    "sellingAndMarketingExpenses": 0,
    "sellingGeneralAndAdministrativeExpenses": 2167300000,
    "otherExpenses": 0,
    "operatingExpenses": 3858400000,
    "costAndExpenses": 7061000000,
    "interestIncome": 0,
    "interestExpense": 0,
    "depreciationAndAmortization": 1691100000,
    "ebitda": 3743000000,
    "ebitdaratio": 0.4107364286,
    "operatingIncome": 2051900000,
    "operatingIncomeRatio": 0.2251643275,
    "totalOtherIncomeExpensesNet": -510900000,
    "incomeBeforeTax": 1541000000,
    "incomeBeforeTaxRatio": 0.1691009448,
    "incomeTaxExpense": 439600000,
    "netIncome": 1101400000,
    "netIncomeRatio": 0.1208616357,
    "eps": 0.92,
    "epsdiluted": 0.92,
    "weightedAverageShsOut": 1197173913,
    "weightedAverageShsOutDil": 1197173913,
    "link": null,
    "finalLink": null
  },
  {
    "date": "1989-12-31",
    "symbol": "T",
    "reportedCurrency": "USD",
    "cik": "0000732717",
    "fillingDate": "1989-12-31",
    "acceptedDate": "1989-12-31 00:00:00",
    "calendarYear": "1989",
    "period": "FY",
    "revenue": 8729800000,
    "costOfRevenue": 2901600000,
    "grossProfit": 5828200000,
    "grossProfitRatio": 0.6676212513,
    "researchAndDevelopmentExpenses": 0,
    "generalAndAdministrativeExpenses": 0,
    "sellingAndMarketingExpenses": 0,
    "sellingGeneralAndAdministrativeExpenses": 1923700000,
    "otherExpenses": 0,
    "operatingExpenses": 3815100000,
    "costAndExpenses": 6716700000,
    "interestIncome": 0,
    "interestExpense": 0,
    "depreciationAndAmortization": 1891400000,
    "ebitda": 3904500000,
    "ebitdaratio": 0.4472611056,
    "operatingIncome": 2013100000,
    "operatingIncomeRatio": 0.2306009301,
    "totalOtherIncomeExpensesNet": -533600000,
    "incomeBeforeTax": 1479500000,
    "incomeBeforeTaxRatio": 0.169476964,
    "incomeTaxExpense": 386700000,
    "netIncome": 1092800000,
    "netIncomeRatio": 0.1251804165,
    "eps": 0.91,
    "epsdiluted": 0.91,
    "weightedAverageShsOut": 1200879121,
    "weightedAverageShsOutDil": 1200879121,
    "link": null,
    "finalLink": null
  },
  {
    "date": "1988-12-31",
    "symbol": "T",
    "reportedCurrency": "USD",
    "cik": "0000732717",
    "fillingDate": "1988-12-31",
    "acceptedDate": "1988-12-30 19:00:00",
    "calendarYear": "1988",
    "period": "FY",
    "revenue": 7258800000,
    "costOfRevenue": 2329400000,
    "grossProfit": 4929400000,
    "grossProfitRatio": 0.679092963,
    "researchAndDevelopmentExpenses": 0,
    "generalAndAdministrativeExpenses": 0,
    "sellingAndMarketingExpenses": 0,
    "sellingGeneralAndAdministrativeExpenses": 1427200000,
    "otherExpenses": 0,
    "operatingExpenses": 3105500000,
    "costAndExpenses": 5434900000,
    "interestIncome": 0,
    "interestExpense": 0,
    "depreciationAndAmortization": 1678300000,
    "ebitda": 3502200000,
    "ebitdaratio": 0.4824764424,
    "operatingIncome": 1823900000,
    "operatingIncomeRatio": 0.2512674271,
    "totalOtherIncomeExpensesNet": -478000000,
    "incomeBeforeTax": 1345900000,
    "incomeBeforeTaxRatio": 0.1854163223,
    "incomeTaxExpense": 333100000,
    "netIncome": 1012800000,
    "netIncomeRatio": 0.1395271946,
    "eps": 0.89,
    "epsdiluted": 0.88,
    "weightedAverageShsOut": 1137977528,
    "weightedAverageShsOutDil": 1150909091,
    "link": "",
    "finalLink": ""
  },
  {
    "date": "1987-12-31",
    "symbol": "T",
    "reportedCurrency": "USD",
    "cik": "0000732717",
    "fillingDate": "1987-12-31",
    "acceptedDate": "1987-12-30 19:00:00",
    "calendarYear": "1987",
    "period": "FY",
    "revenue": 8002600000,
    "costOfRevenue": 2417900000,
    "grossProfit": 5584700000,
    "grossProfitRatio": 0.6978606953,
    "researchAndDevelopmentExpenses": 0,
    "generalAndAdministrativeExpenses": 0,
    "sellingAndMarketingExpenses": 0,
    "sellingGeneralAndAdministrativeExpenses": 2116900000,
    "otherExpenses": 0,
    "operatingExpenses": 3504200000,
    "costAndExpenses": 5922100000,
    "interestIncome": 0,
    "interestExpense": 0,
    "depreciationAndAmortization": 1387300000,
    "ebitda": 3467800000,
    "ebitdaratio": 0.4333341664,
    "operatingIncome": 2080500000,
    "operatingIncomeRatio": 0.2599780071,
    "totalOtherIncomeExpensesNet": -490000000,
    "incomeBeforeTax": 1590500000,
    "incomeBeforeTaxRatio": 0.1987479069,
    "incomeTaxExpense": 543400000,
    "netIncome": 1047100000,
    "netIncomeRatio": 0.1308449754,
    "eps": 0.87,
    "epsdiluted": 0.87,
    "weightedAverageShsOut": 1203563218,
    "weightedAverageShsOutDil": 1203563218,
    "link": "",
    "finalLink": ""
  },
  {
    "date": "1986-12-31",
    "symbol": "T",
    "reportedCurrency": "USD",
    "cik": "0000732717",
    "fillingDate": "1986-12-31",
    "acceptedDate": "1986-12-30 19:00:00",
    "calendarYear": "1986",
    "period": "FY",
    "revenue": 7902400000,
    "costOfRevenue": 2003200000,
    "grossProfit": 5899200000,
    "grossProfitRatio": 0.7465073902,
    "researchAndDevelopmentExpenses": 0,
    "generalAndAdministrativeExpenses": 0,
    "sellingAndMarketingExpenses": 0,
    "sellingGeneralAndAdministrativeExpenses": 2314800000,
    "otherExpenses": 0,
    "operatingExpenses": 3702100000,
    "costAndExpenses": 5705300000,
    "interestIncome": 0,
    "interestExpense": 0,
    "depreciationAndAmortization": 1387300000,
    "ebitda": 3584400000,
    "ebitdaratio": 0.4535837214,
    "operatingIncome": 2197100000,
    "operatingIncomeRatio": 0.2780294594,
    "totalOtherIncomeExpensesNet": -463000000,
    "incomeBeforeTax": 1734100000,
    "incomeBeforeTaxRatio": 0.2194396639,
    "incomeTaxExpense": 711400000,
    "netIncome": 1022700000,
    "netIncomeRatio": 0.1294163798,
    "eps": 0.86,
    "epsdiluted": 0.86,
    "weightedAverageShsOut": 1189186047,
    "weightedAverageShsOutDil": 1189186047,
    "link": "",
    "finalLink": ""
  },
  {
    "date": "1985-12-31",
    "symbol": "T",
    "reportedCurrency": "USD",
    "cik": "0000732717",
    "fillingDate": "1985-12-31",
    "acceptedDate": "1985-12-30 19:00:00",
    "calendarYear": "1985",
    "period": "FY",
    "revenue": 7925000000,
    "costOfRevenue": 2917800000,
    "grossProfit": 5007200000,
    "grossProfitRatio": 0.6318233438,
    "researchAndDevelopmentExpenses": 0,
    "generalAndAdministrativeExpenses": 0,
    "sellingAndMarketingExpenses": 0,
    "sellingGeneralAndAdministrativeExpenses": 1046500000,
    "otherExpenses": 0,
    "operatingExpenses": 2884100000,
    "costAndExpenses": 5801900000,
    "interestIncome": 0,
    "interestExpense": 0,
    "depreciationAndAmortization": 1302400000,
    "ebitda": 3425500000,
    "ebitdaratio": 0.4322397476,
    "operatingIncome": 2123100000,
    "operatingIncomeRatio": 0.2678990536,
    "totalOtherIncomeExpensesNet": -472300000,
    "incomeBeforeTax": 1650800000,
    "incomeBeforeTaxRatio": 0.2083028391,
    "incomeTaxExpense": 654600000,
    "netIncome": 996200000,
    "netIncomeRatio": 0.12570347,
    "eps": 0.84,
    "epsdiluted": 0.84,
    "weightedAverageShsOut": 1185952381,
    "weightedAverageShsOutDil": 1185952381,
    "link": "",
    "finalLink": ""
  }
]