[
  {
    "date": "2025-06-30",
    "symbol": "TAP",
    "reportedCurrency": "USD",
    "cik": "0000024545",
    "fillingDate": "2025-08-05",
    "acceptedDate": "2025-08-05 08:43:45",
    "calendarYear": "2025",
    "period": "Q2",
    "revenue": 3200800000,
    "costOfRevenue": 1918900000,
    "grossProfit": 1281900000,
    "grossProfitRatio": 0.4004936266,
    "researchAndDevelopmentExpenses": 0,
    "generalAndAdministrativeExpenses": 0,
    "sellingAndMarketingExpenses": 0,
    "sellingGeneralAndAdministrativeExpenses": 693100000,
    "otherExpenses": 5200000,
    "operatingExpenses": 698300000,
    "costAndExpenses": 2617200000,
    "interestIncome": 0,
    "interestExpense": 0,
    "depreciationAndAmortization": 170100000,
    "ebitda": 758900000,
    "ebitdaratio": 0.2370969758,
    "operatingIncome": 583600000,
    "operatingIncomeRatio": 0.1823294176,
    "totalOtherIncomeExpensesNet": -28700000,
    "incomeBeforeTax": 554900000,
    "incomeBeforeTaxRatio": 0.1733629093,
    "incomeTaxExpense": 130600000,
    "netIncome": 428700000,
    "netIncomeRatio": 0.1339352662,
    "eps": 2.14,
    "epsdiluted": 2.13,
    "weightedAverageShsOut": 200500000,
    "weightedAverageShsOutDil": 201200000,
    "link": "https://www.sec.gov/Archives/edgar/data/24545/000002454525000021/0000024545-25-000021-index.htm",
    "finalLink": "https://www.sec.gov/Archives/edgar/data/24545/000002454525000021/tap-20250630.htm"
  },
  {
    "date": "2025-03-31",
    "symbol": "TAP",
    "reportedCurrency": "USD",
    "cik": "0000024545",
    "fillingDate": "2025-05-08",
    "acceptedDate": "2025-05-08 09:21:09",
    "calendarYear": "2025",
    "period": "Q1",
    "revenue": 2304100000,
    "costOfRevenue": 1453200000,
    "grossProfit": 850900000,
    "grossProfitRatio": 0.3692982075,
    "researchAndDevelopmentExpenses": 0,
    "generalAndAdministrativeExpenses": 0,
    "sellingAndMarketingExpenses": 0,
    "sellingGeneralAndAdministrativeExpenses": 653200000,
    "otherExpenses": 11400000,
    "operatingExpenses": 664600000,
    "costAndExpenses": 2117800000,
    "interestIncome": 0,
    "interestExpense": 0,
    "depreciationAndAmortization": 180300000,
    "ebitda": 378000000,
    "ebitdaratio": 0.1640553795,
    "operatingIncome": 186300000,
    "operatingIncomeRatio": 0.0808558656,
    "totalOtherIncomeExpensesNet": -30000000,
    "incomeBeforeTax": 156300000,
    "incomeBeforeTaxRatio": 0.0678355974,
    "incomeTaxExpense": 33200000,
    "netIncome": 121000000,
    "netIncomeRatio": 0.0525150818,
    "eps": 0.6,
    "epsdiluted": 0.59,
    "weightedAverageShsOut": 203000000,
    "weightedAverageShsOutDil": 204000000,
    "link": "https://www.sec.gov/Archives/edgar/data/24545/000002454525000014/0000024545-25-000014-index.htm",
    "finalLink": "https://www.sec.gov/Archives/edgar/data/24545/000002454525000014/tap-20250331.htm"
  },
  {
    "date": "2024-12-31",
    "symbol": "TAP",
    "reportedCurrency": "USD",
    "cik": "0000024545",
    "fillingDate": "2025-02-18",
    "acceptedDate": "2025-02-18 16:35:51",
    "calendarYear": "2024",
    "period": "Q4",
    "revenue": 2735600000,
    "costOfRevenue": 1698100000,
    "grossProfit": 1037500000,
    "grossProfitRatio": 0.3792586635,
    "researchAndDevelopmentExpenses": 0,
    "generalAndAdministrativeExpenses": 0,
    "sellingAndMarketingExpenses": 0,
    "sellingGeneralAndAdministrativeExpenses": 649700000,
    "otherExpenses": -300000,
    "operatingExpenses": 649400000,
    "costAndExpenses": 2347500000,
    "interestIncome": 0,
    "interestExpense": 0,
    "depreciationAndAmortization": 247300000,
    "ebitda": 604900000,
    "ebitdaratio": 0.221121509,
    "operatingIncome": 388100000,
    "operatingIncomeRatio": 0.1418701565,
    "totalOtherIncomeExpensesNet": -41800000,
    "incomeBeforeTax": 346300000,
    "incomeBeforeTaxRatio": 0.1265901448,
    "incomeTaxExpense": 52600000,
    "netIncome": 287800000,
    "netIncomeRatio": 0.1052054394,
    "eps": 1.4,
    "epsdiluted": 1.39,
    "weightedAverageShsOut": 205300000,
    "weightedAverageShsOutDil": 206500000,
    "link": "https://www.sec.gov/Archives/edgar/data/24545/000002454525000007/0000024545-25-000007-index.htm",
    "finalLink": "https://www.sec.gov/Archives/edgar/data/24545/000002454525000007/tap-20241231.htm"
  },
  {
    "date": "2024-09-30",
    "symbol": "TAP",
    "reportedCurrency": "USD",
    "cik": "0000024545",
    "fillingDate": "2024-11-08",
    "acceptedDate": "2024-11-08 16:02:05",
    "calendarYear": "2024",
    "period": "Q3",
    "revenue": 3042700000,
    "costOfRevenue": 1840200000,
    "grossProfit": 1202500000,
    "grossProfitRatio": 0.3952082032,
    "researchAndDevelopmentExpenses": 0,
    "generalAndAdministrativeExpenses": 684700000,
    "sellingAndMarketingExpenses": 0,
    "sellingGeneralAndAdministrativeExpenses": 684700000,
    "otherExpenses": 66600000,
    "operatingExpenses": 751300000,
    "costAndExpenses": 2591500000,
    "interestIncome": 0,
    "interestExpense": 0,
    "depreciationAndAmortization": 175400000,
    "ebitda": 693200000,
    "ebitdaratio": 0.2278239721,
    "operatingIncome": 451200000,
    "operatingIncomeRatio": 0.1482893483,
    "totalOtherIncomeExpensesNet": -119800000,
    "incomeBeforeTax": 331400000,
    "incomeBeforeTaxRatio": 0.1089164229,
    "incomeTaxExpense": -482800000,
    "netIncome": 199800000,
    "netIncomeRatio": 0.065665363,
    "eps": 0.95,
    "epsdiluted": 0.96,
    "weightedAverageShsOut": 208000000,
    "weightedAverageShsOutDil": 208000000,
    "link": "https://www.sec.gov/Archives/edgar/data/24545/000002454524000024/0000024545-24-000024-index.htm",
    "finalLink": "https://www.sec.gov/Archives/edgar/data/24545/000002454524000024/tap-20240930.htm"
  },
  {
    "date": "2024-06-30",
    "symbol": "TAP",
    "reportedCurrency": "USD",
    "cik": "0000024545",
    "fillingDate": "2024-08-06",
    "acceptedDate": "2024-08-06 08:43:47",
    "calendarYear": "2024",
    "period": "Q2",
    "revenue": 3252300000,
    "costOfRevenue": 1922400000,
    "grossProfit": 1329900000,
    "grossProfitRatio": 0.4089106171,
    "researchAndDevelopmentExpenses": 0,
    "generalAndAdministrativeExpenses": 728500000,
    "sellingAndMarketingExpenses": 0,
    "sellingGeneralAndAdministrativeExpenses": 728500000,
    "otherExpenses": 1800000,
    "operatingExpenses": 730300000,
    "costAndExpenses": 2652700000,
    "interestIncome": 0,
    "interestExpense": 0,
    "depreciationAndAmortization": 167700000,
    "ebitda": 769100000,
    "ebitdaratio": 0.2364787996,
    "operatingIncome": 599600000,
    "operatingIncomeRatio": 0.1843618362,
    "totalOtherIncomeExpensesNet": -39700000,
    "incomeBeforeTax": 559900000,
    "incomeBeforeTaxRatio": 0.1721550902,
    "incomeTaxExpense": 134600000,
    "netIncome": 427000000,
    "netIncomeRatio": 0.1312917013,
    "eps": 2.03,
    "epsdiluted": 2.03,
    "weightedAverageShsOut": 210000000,
    "weightedAverageShsOutDil": 210800000,
    "link": "https://www.sec.gov/Archives/edgar/data/24545/000002454524000018/0000024545-24-000018-index.htm",
    "finalLink": "https://www.sec.gov/Archives/edgar/data/24545/000002454524000018/tap-20240630.htm"
  },
  {
    "date": "2024-03-31",
    "symbol": "TAP",
    "reportedCurrency": "USD",
    "cik": "0000024545",
    "fillingDate": "2024-04-30",
    "acceptedDate": "2024-04-30 11:13:22",
    "calendarYear": "2024",
    "period": "Q1",
    "revenue": 2596400000,
    "costOfRevenue": 1632900000,
    "grossProfit": 963500000,
    "grossProfitRatio": 0.371090741,
    "researchAndDevelopmentExpenses": 0,
    "generalAndAdministrativeExpenses": 654600000,
    "sellingAndMarketingExpenses": 0,
    "sellingGeneralAndAdministrativeExpenses": 654600000,
    "otherExpenses": -5400000,
    "operatingExpenses": 649200000,
    "costAndExpenses": 2282100000,
    "interestIncome": 0,
    "interestExpense": 0,
    "depreciationAndAmortization": 169000000,
    "ebitda": 477900000,
    "ebitdaratio": 0.1840625481,
    "operatingIncome": 314300000,
    "operatingIncomeRatio": 0.1210522262,
    "totalOtherIncomeExpensesNet": -48900000,
    "incomeBeforeTax": 265400000,
    "incomeBeforeTaxRatio": 0.1022184563,
    "incomeTaxExpense": 55500000,
    "netIncome": 207800000,
    "netIncomeRatio": 0.0800338931,
    "eps": 0.98,
    "epsdiluted": 0.97,
    "weightedAverageShsOut": 212700000,
    "weightedAverageShsOutDil": 214200000,
    "link": "https://www.sec.gov/Archives/edgar/data/24545/000002454524000012/0000024545-24-000012-index.htm",
    "finalLink": "https://www.sec.gov/Archives/edgar/data/24545/000002454524000012/tap-20240331.htm"
  },
  {
    "date": "2023-12-31",
    "symbol": "TAP",
    "reportedCurrency": "USD",
    "cik": "0000024545",
    "fillingDate": "2024-02-20",
    "acceptedDate": "2024-02-20 09:23:17",
    "calendarYear": "2023",
    "period": "Q4",
    "revenue": 2790800000,
    "costOfRevenue": 1757800000,
    "grossProfit": 1033000000,
    "grossProfitRatio": 0.3701447614,
    "researchAndDevelopmentExpenses": 0,
    "generalAndAdministrativeExpenses": 683200000,
    "sellingAndMarketingExpenses": 0,
    "sellingGeneralAndAdministrativeExpenses": 683200000,
    "otherExpenses": 150500000,
    "operatingExpenses": 833700000,
    "costAndExpenses": 2591500000,
    "interestIncome": 0,
    "interestExpense": 0,
    "depreciationAndAmortization": 174200000,
    "ebitda": 421600000,
    "ebitdaratio": 0.1510677942,
    "operatingIncome": 199300000,
    "operatingIncomeRatio": 0.0714132148,
    "totalOtherIncomeExpensesNet": -33800000,
    "incomeBeforeTax": 165500000,
    "incomeBeforeTaxRatio": 0.0593019923,
    "incomeTaxExpense": 60000000,
    "netIncome": 103300000,
    "netIncomeRatio": 0.0370144761,
    "eps": 0.48,
    "epsdiluted": 0.48,
    "weightedAverageShsOut": 215000000,
    "weightedAverageShsOutDil": 216600000,
    "link": "https://www.sec.gov/Archives/edgar/data/24545/000002454524000005/0000024545-24-000005-index.htm",
    "finalLink": "https://www.sec.gov/Archives/edgar/data/24545/000002454524000005/tap-20231231.htm"
  },
  {
    "date": "2023-09-30",
    "symbol": "TAP",
    "reportedCurrency": "USD",
    "cik": "0000024545",
    "fillingDate": "2023-11-02",
    "acceptedDate": "2023-11-02 11:11:53",
    "calendarYear": "2023",
    "period": "Q3",
    "revenue": 3298400000,
    "costOfRevenue": 1952200000,
    "grossProfit": 1346200000,
    "grossProfitRatio": 0.4081372787,
    "researchAndDevelopmentExpenses": 0,
    "generalAndAdministrativeExpenses": 746800000,
    "sellingAndMarketingExpenses": 0,
    "sellingGeneralAndAdministrativeExpenses": 746800000,
    "otherExpenses": 7200000,
    "operatingExpenses": 754000000,
    "costAndExpenses": 2706200000,
    "interestIncome": 0,
    "interestExpense": 0,
    "depreciationAndAmortization": 168700000,
    "ebitda": 768100000,
    "ebitdaratio": 0.2328704827,
    "operatingIncome": 592200000,
    "operatingIncomeRatio": 0.1795415959,
    "totalOtherIncomeExpensesNet": -48200000,
    "incomeBeforeTax": 544000000,
    "incomeBeforeTaxRatio": 0.1649284502,
    "incomeTaxExpense": 112400000,
    "netIncome": 430700000,
    "netIncomeRatio": 0.1305784623,
    "eps": 1.99,
    "epsdiluted": 1.98,
    "weightedAverageShsOut": 216100000,
    "weightedAverageShsOutDil": 217600000,
    "link": "https://www.sec.gov/Archives/edgar/data/24545/000002454523000020/0000024545-23-000020-index.htm",
    "finalLink": "https://www.sec.gov/Archives/edgar/data/24545/000002454523000020/tap-20230930.htm"
  },
  {
    "date": "2023-06-30",
    "symbol": "TAP",
    "reportedCurrency": "USD",
    "cik": "0000024545",
    "fillingDate": "2023-08-01",
    "acceptedDate": "2023-08-01 11:13:22",
    "calendarYear": "2023",
    "period": "Q2",
    "revenue": 3266600000,
    "costOfRevenue": 2047700000,
    "grossProfit": 1218900000,
    "grossProfitRatio": 0.3731402682,
    "researchAndDevelopmentExpenses": 0,
    "generalAndAdministrativeExpenses": 734900000,
    "sellingAndMarketingExpenses": 0,
    "sellingGeneralAndAdministrativeExpenses": 734900000,
    "otherExpenses": -4500000,
    "operatingExpenses": 730400000,
    "costAndExpenses": 2778100000,
    "interestIncome": 0,
    "interestExpense": 0,
    "depreciationAndAmortization": 168400000,
    "ebitda": 652400000,
    "ebitdaratio": 0.1997183616,
    "operatingIncome": 488500000,
    "operatingIncomeRatio": 0.1495438682,
    "totalOtherIncomeExpensesNet": -47400000,
    "incomeBeforeTax": 441100000,
    "incomeBeforeTaxRatio": 0.135033368,
    "incomeTaxExpense": 95000000,
    "netIncome": 342400000,
    "netIncomeRatio": 0.1048184657,
    "eps": 1.58,
    "epsdiluted": 1.57,
    "weightedAverageShsOut": 216400000,
    "weightedAverageShsOutDil": 217800000,
    "link": "https://www.sec.gov/Archives/edgar/data/24545/000002454523000016/0000024545-23-000016-index.htm",
    "finalLink": "https://www.sec.gov/Archives/edgar/data/24545/000002454523000016/tap-20230630.htm"
  },
  {
    "date": "2023-03-31",
    "symbol": "TAP",
    "reportedCurrency": "USD",
    "cik": "0000024545",
    "fillingDate": "2023-05-02",
    "acceptedDate": "2023-05-02 11:16:14",
    "calendarYear": "2023",
    "period": "Q1",
    "revenue": 2346300000,
    "costOfRevenue": 1575600000,
    "grossProfit": 770700000,
    "grossProfitRatio": 0.3284746196,
    "researchAndDevelopmentExpenses": 0,
    "generalAndAdministrativeExpenses": 615000000,
    "sellingAndMarketingExpenses": 0,
    "sellingGeneralAndAdministrativeExpenses": 615000000,
    "otherExpenses": -2500000,
    "operatingExpenses": 612500000,
    "costAndExpenses": 2188100000,
    "interestIncome": 0,
    "interestExpense": 0,
    "depreciationAndAmortization": 171500000,
    "ebitda": 327200000,
    "ebitdaratio": 0.1394536078,
    "operatingIncome": 158200000,
    "operatingIncomeRatio": 0.0674253079,
    "totalOtherIncomeExpensesNet": -56300000,
    "incomeBeforeTax": 101900000,
    "incomeBeforeTaxRatio": 0.0434300814,
    "incomeTaxExpense": 28700000,
    "netIncome": 72500000,
    "netIncomeRatio": 0.0308997144,
    "eps": 0.33,
    "epsdiluted": 0.33,
    "weightedAverageShsOut": 216500000,
    "weightedAverageShsOutDil": 217300000,
    "link": "https://www.sec.gov/Archives/edgar/data/24545/000002454523000011/0000024545-23-000011-index.htm",
    "finalLink": "https://www.sec.gov/Archives/edgar/data/24545/000002454523000011/tap-20230331.htm"
  },
  {
    "date": "2022-12-31",
    "symbol": "TAP",
    "reportedCurrency": "USD",
    "cik": "0000024545",
    "fillingDate": "2023-02-21",
    "acceptedDate": "2023-02-21 11:18:22",
    "calendarYear": "2022",
    "period": "Q4",
    "revenue": 2629500000,
    "costOfRevenue": 1705800000,
    "grossProfit": 923700000,
    "grossProfitRatio": 0.351283514,
    "researchAndDevelopmentExpenses": 0,
    "generalAndAdministrativeExpenses": 575500000,
    "sellingAndMarketingExpenses": 0,
    "sellingGeneralAndAdministrativeExpenses": 575500000,
    "otherExpenses": 859700000,
    "operatingExpenses": 1435200000,
    "costAndExpenses": 3141000000,
    "interestIncome": 0,
    "interestExpense": 0,
    "depreciationAndAmortization": 169200000,
    "ebitda": -330900000,
    "ebitdaratio": -0.1258414147,
    "operatingIncome": -511500000,
    "operatingIncomeRatio": -0.1945236737,
    "totalOtherIncomeExpensesNet": -52600000,
    "incomeBeforeTax": -564100000,
    "incomeBeforeTaxRatio": -0.2145274767,
    "incomeTaxExpense": 25700000,
    "netIncome": -589800000,
    "netIncomeRatio": -0.2243011979,
    "eps": -2.72,
    "epsdiluted": -2.72,
    "weightedAverageShsOut": 216600000,
    "weightedAverageShsOutDil": 216600000,
    "link": "https://www.sec.gov/Archives/edgar/data/24545/000002454523000006/0000024545-23-000006-index.htm",
    "finalLink": "https://www.sec.gov/Archives/edgar/data/24545/000002454523000006/tap-20221231.htm"
  },
  {
    "date": "2022-09-30",
    "symbol": "TAP",
    "reportedCurrency": "USD",
    "cik": "0000024545",
    "fillingDate": "2022-11-01",
    "acceptedDate": "2022-11-01 11:12:24",
    "calendarYear": "2022",
    "period": "Q3",
    "revenue": 2935200000,
    "costOfRevenue": 1951500000,
    "grossProfit": 983700000,
    "grossProfitRatio": 0.3351390025,
    "researchAndDevelopmentExpenses": 0,
    "generalAndAdministrativeExpenses": 660000000,
    "sellingAndMarketingExpenses": 0,
    "sellingGeneralAndAdministrativeExpenses": 660000000,
    "otherExpenses": -6400000,
    "operatingExpenses": 653600000,
    "costAndExpenses": 2605100000,
    "interestIncome": 0,
    "interestExpense": 0,
    "depreciationAndAmortization": 170200000,
    "ebitda": 493900000,
    "ebitdaratio": 0.1682679204,
    "operatingIncome": 330100000,
    "operatingIncomeRatio": 0.1124625238,
    "totalOtherIncomeExpensesNet": -57100000,
    "incomeBeforeTax": 273000000,
    "incomeBeforeTaxRatio": 0.0930089943,
    "incomeTaxExpense": 54900000,
    "netIncome": 216400000,
    "netIncomeRatio": 0.0737258108,
    "eps": 1,
    "epsdiluted": 0.99,
    "weightedAverageShsOut": 216800000,
    "weightedAverageShsOutDil": 217600000,
    "link": "https://www.sec.gov/Archives/edgar/data/24545/000002454522000018/0000024545-22-000018-index.htm",
    "finalLink": "https://www.sec.gov/Archives/edgar/data/24545/000002454522000018/tap-20220930.htm"
  },
  {
    "date": "2022-06-30",
    "symbol": "TAP",
    "reportedCurrency": "USD",
    "cik": "0000024545",
    "fillingDate": "2022-08-02",
    "acceptedDate": "2022-08-02 11:14:49",
    "calendarYear": "2022",
    "period": "Q2",
    "revenue": 2921700000,
    "costOfRevenue": 2101700000,
    "grossProfit": 820000000,
    "grossProfitRatio": 0.2806585207,
    "researchAndDevelopmentExpenses": 0,
    "generalAndAdministrativeExpenses": 707600000,
    "sellingAndMarketingExpenses": 0,
    "sellingGeneralAndAdministrativeExpenses": 707600000,
    "otherExpenses": -2100000,
    "operatingExpenses": 705500000,
    "costAndExpenses": 2807200000,
    "interestIncome": 0,
    "interestExpense": 0,
    "depreciationAndAmortization": 171700000,
    "ebitda": 284100000,
    "ebitdaratio": 0.0972379094,
    "operatingIncome": 114500000,
    "operatingIncomeRatio": 0.039189513,
    "totalOtherIncomeExpensesNet": -59600000,
    "incomeBeforeTax": 54900000,
    "incomeBeforeTaxRatio": 0.0187904302,
    "incomeTaxExpense": 7000000,
    "netIncome": 47300000,
    "netIncomeRatio": 0.0161892049,
    "eps": 0.22,
    "epsdiluted": 0.22,
    "weightedAverageShsOut": 217000000,
    "weightedAverageShsOutDil": 217800000,
    "link": "https://www.sec.gov/Archives/edgar/data/24545/000002454522000014/0000024545-22-000014-index.htm",
    "finalLink": "https://www.sec.gov/Archives/edgar/data/24545/000002454522000014/tap-20220630.htm"
  },
  {
    "date": "2022-03-31",
    "symbol": "TAP",
    "reportedCurrency": "USD",
    "cik": "0000024545",
    "fillingDate": "2022-05-03",
    "acceptedDate": "2022-05-03 11:19:01",
    "calendarYear": "2022",
    "period": "Q1",
    "revenue": 2214600000,
    "costOfRevenue": 1286800000,
    "grossProfit": 927800000,
    "grossProfitRatio": 0.4189469882,
    "researchAndDevelopmentExpenses": 0,
    "generalAndAdministrativeExpenses": 675700000,
    "sellingAndMarketingExpenses": 0,
    "sellingGeneralAndAdministrativeExpenses": 675700000,
    "otherExpenses": 27700000,
    "operatingExpenses": 703400000,
    "costAndExpenses": 1990200000,
    "interestIncome": 0,
    "interestExpense": 0,
    "depreciationAndAmortization": 173700000,
    "ebitda": 425800000,
    "ebitdaratio": 0.1922694843,
    "operatingIncome": 224400000,
    "operatingIncomeRatio": 0.1013275535,
    "totalOtherIncomeExpensesNet": -50700000,
    "incomeBeforeTax": 173700000,
    "incomeBeforeTaxRatio": 0.0784340287,
    "incomeTaxExpense": 36400000,
    "netIncome": 151500000,
    "netIncomeRatio": 0.0684096451,
    "eps": 0.7,
    "epsdiluted": 0.7,
    "weightedAverageShsOut": 217200000,
    "weightedAverageShsOutDil": 217800000,
    "link": "https://www.sec.gov/Archives/edgar/data/24545/000002454522000010/0000024545-22-000010-index.htm",
    "finalLink": "https://www.sec.gov/Archives/edgar/data/24545/000002454522000010/tap-20220331.htm"
  },
  {
    "date": "2021-12-31",
    "symbol": "TAP",
    "reportedCurrency": "USD",
    "cik": "0000024545",
    "fillingDate": "2022-02-23",
    "acceptedDate": "2022-02-23 11:15:53",
    "calendarYear": "2021",
    "period": "Q4",
    "revenue": 2619200000,
    "costOfRevenue": 1761900000,
    "grossProfit": 857300000,
    "grossProfitRatio": 0.3273136836,
    "researchAndDevelopmentExpenses": 0,
    "generalAndAdministrativeExpenses": 665100000,
    "sellingAndMarketingExpenses": 0,
    "sellingGeneralAndAdministrativeExpenses": 665100000,
    "otherExpenses": 27200000,
    "operatingExpenses": 692300000,
    "costAndExpenses": 2454200000,
    "interestIncome": 0,
    "interestExpense": 0,
    "depreciationAndAmortization": 181900000,
    "ebitda": 374500000,
    "ebitdaratio": 0.1429825901,
    "operatingIncome": 165000000,
    "operatingIncomeRatio": 0.0629963348,
    "totalOtherIncomeExpensesNet": -55500000,
    "incomeBeforeTax": 109500000,
    "incomeBeforeTaxRatio": 0.0418066585,
    "incomeTaxExpense": 27100000,
    "netIncome": 80000000,
    "netIncomeRatio": 0.0305436775,
    "eps": 0.37,
    "epsdiluted": 0.37,
    "weightedAverageShsOut": 217200000,
    "weightedAverageShsOutDil": 217600000,
    "link": "https://www.sec.gov/Archives/edgar/data/24545/000002454522000005/0000024545-22-000005-index.htm",
    "finalLink": "https://www.sec.gov/Archives/edgar/data/24545/000002454522000005/tap-20211231.htm"
  },
  {
    "date": "2021-09-30",
    "symbol": "TAP",
    "reportedCurrency": "USD",
    "cik": "0000024545",
    "fillingDate": "2021-10-28",
    "acceptedDate": "2021-10-28 11:16:35",
    "calendarYear": "2021",
    "period": "Q3",
    "revenue": 2822700000,
    "costOfRevenue": 1629100000,
    "grossProfit": 1193600000,
    "grossProfitRatio": 0.4228575477,
    "researchAndDevelopmentExpenses": 0,
    "generalAndAdministrativeExpenses": 664800000,
    "sellingAndMarketingExpenses": 0,
    "sellingGeneralAndAdministrativeExpenses": 664800000,
    "otherExpenses": -2600000,
    "operatingExpenses": 662200000,
    "costAndExpenses": 2291300000,
    "interestIncome": 0,
    "interestExpense": 0,
    "depreciationAndAmortization": 200300000,
    "ebitda": 729100000,
    "ebitdaratio": 0.2582987919,
    "operatingIncome": 531400000,
    "operatingIncomeRatio": 0.1882594679,
    "totalOtherIncomeExpensesNet": -50800000,
    "incomeBeforeTax": 480600000,
    "incomeBeforeTaxRatio": 0.1702625146,
    "incomeTaxExpense": 26800000,
    "netIncome": 453000000,
    "netIncomeRatio": 0.1604846424,
    "eps": 2.09,
    "epsdiluted": 2.08,
    "weightedAverageShsOut": 217200000,
    "weightedAverageShsOutDil": 217600000,
    "link": "https://www.sec.gov/Archives/edgar/data/24545/000002454521000027/0000024545-21-000027-index.htm",
    "finalLink": "https://www.sec.gov/Archives/edgar/data/24545/000002454521000027/tap-20210930.htm"
  },
  {
    "date": "2021-06-30",
    "symbol": "TAP",
    "reportedCurrency": "USD",
    "cik": "0000024545",
    "fillingDate": "2021-07-29",
    "acceptedDate": "2021-07-29 11:21:11",
    "calendarYear": "2021",
    "period": "Q2",
    "revenue": 2939400000,
    "costOfRevenue": 1667900000,
    "grossProfit": 1271500000,
    "grossProfitRatio": 0.432571273,
    "researchAndDevelopmentExpenses": 0,
    "generalAndAdministrativeExpenses": 681700000,
    "sellingAndMarketingExpenses": 0,
    "sellingGeneralAndAdministrativeExpenses": 681700000,
    "otherExpenses": 9000000,
    "operatingExpenses": 690700000,
    "costAndExpenses": 2358600000,
    "interestIncome": 0,
    "interestExpense": 0,
    "depreciationAndAmortization": 201600000,
    "ebitda": 791400000,
    "ebitdaratio": 0.2692386201,
    "operatingIncome": 580800000,
    "operatingIncomeRatio": 0.1975913452,
    "totalOtherIncomeExpensesNet": -58200000,
    "incomeBeforeTax": 522600000,
    "incomeBeforeTaxRatio": 0.177791386,
    "incomeTaxExpense": 132300000,
    "netIncome": 388600000,
    "netIncomeRatio": 0.1322038511,
    "eps": 1.79,
    "epsdiluted": 1.79,
    "weightedAverageShsOut": 217100000,
    "weightedAverageShsOutDil": 217600000,
    "link": "https://www.sec.gov/Archives/edgar/data/24545/000002454521000016/0000024545-21-000016-index.htm",
    "finalLink": "https://www.sec.gov/Archives/edgar/data/24545/000002454521000016/tap-20210630.htm"
  },
  {
    "date": "2021-03-31",
    "symbol": "TAP",
    "reportedCurrency": "USD",
    "cik": "0000024545",
    "fillingDate": "2021-04-29",
    "acceptedDate": "2021-04-29 11:11:31",
    "calendarYear": "2021",
    "period": "Q1",
    "revenue": 1898400000,
    "costOfRevenue": 1167400000,
    "grossProfit": 731000000,
    "grossProfitRatio": 0.3850611041,
    "researchAndDevelopmentExpenses": 0,
    "generalAndAdministrativeExpenses": 542900000,
    "sellingAndMarketingExpenses": 0,
    "sellingGeneralAndAdministrativeExpenses": 542900000,
    "otherExpenses": 10900000,
    "operatingExpenses": 553800000,
    "costAndExpenses": 1721200000,
    "interestIncome": 0,
    "interestExpense": 0,
    "depreciationAndAmortization": 202300000,
    "ebitda": 390400000,
    "ebitdaratio": 0.2056468605,
    "operatingIncome": 177200000,
    "operatingIncomeRatio": 0.0933417615,
    "totalOtherIncomeExpensesNet": -50900000,
    "incomeBeforeTax": 126300000,
    "incomeBeforeTaxRatio": 0.0665297092,
    "incomeTaxExpense": 44300000,
    "netIncome": 84100000,
    "netIncomeRatio": 0.0443004635,
    "eps": 0.39,
    "epsdiluted": 0.39,
    "weightedAverageShsOut": 217000000,
    "weightedAverageShsOutDil": 217400000,
    "link": "https://www.sec.gov/Archives/edgar/data/24545/000002454521000008/0000024545-21-000008-index.htm",
    "finalLink": "https://www.sec.gov/Archives/edgar/data/24545/000002454521000008/tap-20210331.htm"
  },
  {
    "date": "2020-12-31",
    "symbol": "TAP",
    "reportedCurrency": "USD",
    "cik": "0000024545",
    "fillingDate": "2021-02-11",
    "acceptedDate": "2021-02-11 11:16:53",
    "calendarYear": "2020",
    "period": "Q4",
    "revenue": 2294300000,
    "costOfRevenue": 1399100000,
    "grossProfit": 895200000,
    "grossProfitRatio": 0.39018437,
    "researchAndDevelopmentExpenses": 0,
    "generalAndAdministrativeExpenses": 648300000,
    "sellingAndMarketingExpenses": 0,
    "sellingGeneralAndAdministrativeExpenses": 648300000,
    "otherExpenses": 1529600000,
    "operatingExpenses": 2177900000,
    "costAndExpenses": 3577000000,
    "interestIncome": 0,
    "interestExpense": 0,
    "depreciationAndAmortization": 207100000,
    "ebitda": -1246600000,
    "ebitdaratio": -0.5433465545,
    "operatingIncome": -1282700000,
    "operatingIncomeRatio": -0.5590812012,
    "totalOtherIncomeExpensesNet": -54600000,
    "incomeBeforeTax": -1337300000,
    "incomeBeforeTaxRatio": -0.5828793096,
    "incomeTaxExpense": 36600000,
    "netIncome": -1369800000,
    "netIncomeRatio": -0.5970448503,
    "eps": -6.31,
    "epsdiluted": -6.3,
    "weightedAverageShsOut": 217000000,
    "weightedAverageShsOutDil": 217400000,
    "link": "https://www.sec.gov/Archives/edgar/data/24545/000002454521000004/0000024545-21-000004-index.htm",
    "finalLink": "https://www.sec.gov/Archives/edgar/data/24545/000002454521000004/tap-20201231.htm"
  },
  {
    "date": "2020-09-30",
    "symbol": "TAP",
    "reportedCurrency": "USD",
    "cik": "0000024545",
    "fillingDate": "2020-10-29",
    "acceptedDate": "2020-10-29 11:14:40",
    "calendarYear": "2020",
    "period": "Q3",
    "revenue": 2753500000,
    "costOfRevenue": 1551000000,
    "grossProfit": 1202500000,
    "grossProfitRatio": 0.4367169058,
    "researchAndDevelopmentExpenses": 0,
    "generalAndAdministrativeExpenses": 634500000,
    "sellingAndMarketingExpenses": 0,
    "sellingGeneralAndAdministrativeExpenses": 634500000,
    "otherExpenses": 59700000,
    "operatingExpenses": 694200000,
    "costAndExpenses": 2245200000,
    "interestIncome": 0,
    "interestExpense": 0,
    "depreciationAndAmortization": 220700000,
    "ebitda": 788700000,
    "ebitdaratio": 0.2864354458,
    "operatingIncome": 508300000,
    "operatingIncomeRatio": 0.1846014164,
    "totalOtherIncomeExpensesNet": -57900000,
    "incomeBeforeTax": 450400000,
    "incomeBeforeTaxRatio": 0.1635736336,
    "incomeTaxExpense": 104000000,
    "netIncome": 342800000,
    "netIncomeRatio": 0.1244960959,
    "eps": 1.58,
    "epsdiluted": 1.58,
    "weightedAverageShsOut": 216900000,
    "weightedAverageShsOutDil": 217000000,
    "link": "https://www.sec.gov/Archives/edgar/data/24545/000002454520000022/0000024545-20-000022-index.htm",
    "finalLink": "https://www.sec.gov/Archives/edgar/data/24545/000002454520000022/tap-20200930.htm"
  },
  {
    "date": "2020-06-30",
    "symbol": "TAP",
    "reportedCurrency": "USD",
    "cik": "0000024545",
    "fillingDate": "2020-07-30",
    "acceptedDate": "2020-07-30 11:52:50",
    "calendarYear": "2020",
    "period": "Q2",
    "revenue": 2503400000,
    "costOfRevenue": 1456600000,
    "grossProfit": 1046800000,
    "grossProfitRatio": 0.4181513142,
    "researchAndDevelopmentExpenses": 0,
    "generalAndAdministrativeExpenses": 524500000,
    "sellingAndMarketingExpenses": 0,
    "sellingGeneralAndAdministrativeExpenses": 524500000,
    "otherExpenses": 64300000,
    "operatingExpenses": 588800000,
    "costAndExpenses": 2045400000,
    "interestIncome": 0,
    "interestExpense": 0,
    "depreciationAndAmortization": 237700000,
    "ebitda": 760000000,
    "ebitdaratio": 0.3035871215,
    "operatingIncome": 458000000,
    "operatingIncomeRatio": 0.1829511864,
    "totalOtherIncomeExpensesNet": -56300000,
    "incomeBeforeTax": 401700000,
    "incomeBeforeTaxRatio": 0.160461772,
    "incomeTaxExpense": 204500000,
    "netIncome": 195000000,
    "netIncomeRatio": 0.0778940641,
    "eps": 0.9,
    "epsdiluted": 0.9,
    "weightedAverageShsOut": 216900000,
    "weightedAverageShsOutDil": 217000000,
    "link": "https://www.sec.gov/Archives/edgar/data/24545/000002454520000018/0000024545-20-000018-index.htm",
    "finalLink": "https://www.sec.gov/Archives/edgar/data/24545/000002454520000018/tap-20200630.htm"
  },
  {
    "date": "2020-03-31",
    "symbol": "TAP",
    "reportedCurrency": "USD",
    "cik": "0000024545",
    "fillingDate": "2020-04-30",
    "acceptedDate": "2020-04-30 11:34:36",
    "calendarYear": "2020",
    "period": "Q1",
    "revenue": 2102800000,
    "costOfRevenue": 1479000000,
    "grossProfit": 623800000,
    "grossProfitRatio": 0.2966520829,
    "researchAndDevelopmentExpenses": 0,
    "generalAndAdministrativeExpenses": 629700000,
    "sellingAndMarketingExpenses": 0,
    "sellingGeneralAndAdministrativeExpenses": 629700000,
    "otherExpenses": 86600000,
    "operatingExpenses": 716300000,
    "costAndExpenses": 2195300000,
    "interestIncome": 0,
    "interestExpense": 0,
    "depreciationAndAmortization": 256500000,
    "ebitda": 250600000,
    "ebitdaratio": 0.1191744341,
    "operatingIncome": -92500000,
    "operatingIncomeRatio": -0.0439889671,
    "totalOtherIncomeExpensesNet": -66200000,
    "incomeBeforeTax": -158700000,
    "incomeBeforeTaxRatio": -0.0754708008,
    "incomeTaxExpense": -43300000,
    "netIncome": -117000000,
    "netIncomeRatio": -0.0556400989,
    "eps": -0.54,
    "epsdiluted": -0.54,
    "weightedAverageShsOut": 216666666,
    "weightedAverageShsOutDil": 216700000,
    "link": "https://www.sec.gov/Archives/edgar/data/24545/000002454520000009/0000024545-20-000009-index.htm",
    "finalLink": "https://www.sec.gov/Archives/edgar/data/24545/000002454520000009/tap202033110q.htm"
  },
  {
    "date": "2019-12-31",
    "symbol": "TAP",
    "reportedCurrency": "USD",
    "cik": "0000024545",
    "fillingDate": "2020-02-12",
    "acceptedDate": "2020-02-12 12:57:07",
    "calendarYear": "2019",
    "period": "Q4",
    "revenue": 2486200000,
    "costOfRevenue": 1520000000,
    "grossProfit": 966200000,
    "grossProfitRatio": 0.3886252112,
    "researchAndDevelopmentExpenses": 0,
    "generalAndAdministrativeExpenses": 612900000,
    "sellingAndMarketingExpenses": 0,
    "sellingGeneralAndAdministrativeExpenses": 612900000,
    "otherExpenses": 42400000,
    "operatingExpenses": 655300000,
    "costAndExpenses": 2175300000,
    "interestIncome": 0,
    "interestExpense": 0,
    "depreciationAndAmortization": 217600000,
    "ebitda": -141500000,
    "ebitdaratio": -0.0569141662,
    "operatingIncome": 310900000,
    "operatingIncomeRatio": 0.1250502775,
    "totalOtherIncomeExpensesNet": -104300000,
    "incomeBeforeTax": 206600000,
    "incomeBeforeTaxRatio": 0.0830987049,
    "incomeTaxExpense": 40400000,
    "netIncome": 163700000,
    "netIncomeRatio": 0.0658434559,
    "eps": 0.76,
    "epsdiluted": 0.75,
    "weightedAverageShsOut": 216700000,
    "weightedAverageShsOutDil": 217000000,
    "link": "https://www.sec.gov/Archives/edgar/data/24545/000002454520000005/0000024545-20-000005-index.htm",
    "finalLink": "https://www.sec.gov/Archives/edgar/data/24545/000002454520000005/tap2019123110-k.htm"
  },
  {
    "date": "2019-09-30",
    "symbol": "TAP",
    "reportedCurrency": "USD",
    "cik": "0000024545",
    "fillingDate": "2019-10-30",
    "acceptedDate": "2019-10-30 12:22:39",
    "calendarYear": "2019",
    "period": "Q3",
    "revenue": 2841600000,
    "costOfRevenue": 1685400000,
    "grossProfit": 1156200000,
    "grossProfitRatio": 0.4068834459,
    "researchAndDevelopmentExpenses": 0,
    "generalAndAdministrativeExpenses": 690200000,
    "sellingAndMarketingExpenses": 0,
    "sellingGeneralAndAdministrativeExpenses": 690200000,
    "otherExpenses": 703300000,
    "operatingExpenses": 1393500000,
    "costAndExpenses": 3078900000,
    "interestIncome": 0,
    "interestExpense": 0,
    "depreciationAndAmortization": 211700000,
    "ebitda": 677700000,
    "ebitdaratio": 0.2384923986,
    "operatingIncome": -237300000,
    "operatingIncomeRatio": -0.0835092905,
    "totalOtherIncomeExpensesNet": -71300000,
    "incomeBeforeTax": -308600000,
    "incomeBeforeTaxRatio": -0.1086007883,
    "incomeTaxExpense": 90700000,
    "netIncome": -402800000,
    "netIncomeRatio": -0.1417511261,
    "eps": -1.86,
    "epsdiluted": -1.86,
    "weightedAverageShsOut": 216559139,
    "weightedAverageShsOutDil": 216600000,
    "link": "https://www.sec.gov/Archives/edgar/data/24545/000002454519000036/0000024545-19-000036-index.htm",
    "finalLink": "https://www.sec.gov/Archives/edgar/data/24545/000002454519000036/tap201993010q.htm"
  },
  {
    "date": "2019-06-30",
    "symbol": "TAP",
    "reportedCurrency": "USD",
    "cik": "0000024545",
    "fillingDate": "2019-07-31",
    "acceptedDate": "2019-07-31 11:24:35",
    "calendarYear": "2019",
    "period": "Q2",
    "revenue": 2948300000,
    "costOfRevenue": 1759800000,
    "grossProfit": 1188500000,
    "grossProfitRatio": 0.4031136587,
    "researchAndDevelopmentExpenses": 0,
    "generalAndAdministrativeExpenses": 769700000,
    "sellingAndMarketingExpenses": 0,
    "sellingGeneralAndAdministrativeExpenses": 769700000,
    "otherExpenses": -49900000,
    "operatingExpenses": 719800000,
    "costAndExpenses": 2479600000,
    "interestIncome": 0,
    "interestExpense": 0,
    "depreciationAndAmortization": 216800000,
    "ebitda": 635600000,
    "ebitdaratio": 0.2155818607,
    "operatingIncome": 468700000,
    "operatingIncomeRatio": 0.1589729675,
    "totalOtherIncomeExpensesNet": -68100000,
    "incomeBeforeTax": 400600000,
    "incomeBeforeTaxRatio": 0.135874911,
    "incomeTaxExpense": 70400000,
    "netIncome": 329400000,
    "netIncomeRatio": 0.1117254011,
    "eps": 1.52,
    "epsdiluted": 1.52,
    "weightedAverageShsOut": 216600000,
    "weightedAverageShsOutDil": 216900000,
    "link": "https://www.sec.gov/Archives/edgar/data/24545/000002454519000031/0000024545-19-000031-index.htm",
    "finalLink": "https://www.sec.gov/Archives/edgar/data/24545/000002454519000031/tap201963010q.htm"
  },
  {
    "date": "2019-03-31",
    "symbol": "TAP",
    "reportedCurrency": "USD",
    "cik": "0000024545",
    "fillingDate": "2019-05-01",
    "acceptedDate": "2019-05-01 11:12:49",
    "calendarYear": "2019",
    "period": "Q1",
    "revenue": 2303300000,
    "costOfRevenue": 1413000000,
    "grossProfit": 890300000,
    "grossProfitRatio": 0.3865323666,
    "researchAndDevelopmentExpenses": 0,
    "generalAndAdministrativeExpenses": 655200000,
    "sellingAndMarketingExpenses": 0,
    "sellingGeneralAndAdministrativeExpenses": 655200000,
    "otherExpenses": 13000000,
    "operatingExpenses": 668200000,
    "costAndExpenses": 2081200000,
    "interestIncome": 0,
    "interestExpense": 0,
    "depreciationAndAmortization": 212900000,
    "ebitda": 448000000,
    "ebitdaratio": 0.1945035384,
    "operatingIncome": 222100000,
    "operatingIncomeRatio": 0.0964268658,
    "totalOtherIncomeExpensesNet": -40800000,
    "incomeBeforeTax": 181300000,
    "incomeBeforeTaxRatio": 0.0787131507,
    "incomeTaxExpense": 32200000,
    "netIncome": 151400000,
    "netIncomeRatio": 0.0657317761,
    "eps": 0.7,
    "epsdiluted": 0.7,
    "weightedAverageShsOut": 216500000,
    "weightedAverageShsOutDil": 216900000,
    "link": "https://www.sec.gov/Archives/edgar/data/24545/000002454519000010/0000024545-19-000010-index.htm",
    "finalLink": "https://www.sec.gov/Archives/edgar/data/24545/000002454519000010/tap201933110q.htm"
  },
  {
    "date": "2018-12-31",
    "symbol": "TAP",
    "reportedCurrency": "USD",
    "cik": "0000024545",
    "fillingDate": "2019-02-12",
    "acceptedDate": "2019-02-12 07:18:23",
    "calendarYear": "2018",
    "period": "Q4",
    "revenue": 2418700000,
    "costOfRevenue": 1596000000,
    "grossProfit": 822700000,
    "grossProfitRatio": 0.3401413983,
    "researchAndDevelopmentExpenses": 0,
    "generalAndAdministrativeExpenses": 663000000,
    "sellingAndMarketingExpenses": 0,
    "sellingGeneralAndAdministrativeExpenses": 663000000,
    "otherExpenses": 18000000,
    "operatingExpenses": 681000000,
    "costAndExpenses": 2277000000,
    "interestIncome": 0,
    "interestExpense": 0,
    "depreciationAndAmortization": 213300000,
    "ebitda": 656900000,
    "ebitdaratio": 0.2715921776,
    "operatingIncome": 141700000,
    "operatingIncomeRatio": 0.0585851904,
    "totalOtherIncomeExpensesNet": -72400000,
    "incomeBeforeTax": 69300000,
    "incomeBeforeTaxRatio": 0.0286517551,
    "incomeTaxExpense": -6400000,
    "netIncome": 76000000,
    "netIncomeRatio": 0.0314218382,
    "eps": 0.35,
    "epsdiluted": 0.35,
    "weightedAverageShsOut": 216100000,
    "weightedAverageShsOutDil": 216700000,
    "link": "https://www.sec.gov/Archives/edgar/data/24545/000002454519000007/0000024545-19-000007-index.htm",
    "finalLink": "https://www.sec.gov/Archives/edgar/data/24545/000002454519000007/tap2018123110-k.htm"
  },
  {
    "date": "2018-09-30",
    "symbol": "TAP",
    "reportedCurrency": "USD",
    "cik": "0000024545",
    "fillingDate": "2018-10-31",
    "acceptedDate": "2018-10-31 11:19:20",
    "calendarYear": "2018",
    "period": "Q3",
    "revenue": 2934200000,
    "costOfRevenue": 1714000000,
    "grossProfit": 1220200000,
    "grossProfitRatio": 0.4158544067,
    "researchAndDevelopmentExpenses": 0,
    "generalAndAdministrativeExpenses": 713900000,
    "sellingAndMarketingExpenses": 0,
    "sellingGeneralAndAdministrativeExpenses": 713900000,
    "otherExpenses": 36600000,
    "operatingExpenses": 750500000,
    "costAndExpenses": 2464500000,
    "interestIncome": 0,
    "interestExpense": 0,
    "depreciationAndAmortization": 214600000,
    "ebitda": 720900000,
    "ebitdaratio": 0.2456887738,
    "operatingIncome": 469700000,
    "operatingIncomeRatio": 0.1600777043,
    "totalOtherIncomeExpensesNet": -59600000,
    "incomeBeforeTax": 410100000,
    "incomeBeforeTaxRatio": 0.1397655238,
    "incomeTaxExpense": 64500000,
    "netIncome": 338300000,
    "netIncomeRatio": 0.1152954809,
    "eps": 1.57,
    "epsdiluted": 1.56,
    "weightedAverageShsOut": 216000000,
    "weightedAverageShsOutDil": 216600000,
    "link": "https://www.sec.gov/Archives/edgar/data/24545/000002454518000029/0000024545-18-000029-index.htm",
    "finalLink": "https://www.sec.gov/Archives/edgar/data/24545/000002454518000029/tap201893010q.htm"
  },
  {
    "date": "2018-06-30",
    "symbol": "TAP",
    "reportedCurrency": "USD",
    "cik": "0000024545",
    "fillingDate": "2018-08-01",
    "acceptedDate": "2018-08-01 14:45:38",
    "calendarYear": "2018",
    "period": "Q2",
    "revenue": 3085200000,
    "costOfRevenue": 1739100000,
    "grossProfit": 1346100000,
    "grossProfitRatio": 0.4363088292,
    "researchAndDevelopmentExpenses": 0,
    "generalAndAdministrativeExpenses": 744700000,
    "sellingAndMarketingExpenses": 0,
    "sellingGeneralAndAdministrativeExpenses": 744700000,
    "otherExpenses": 10500000,
    "operatingExpenses": 755200000,
    "costAndExpenses": 2494300000,
    "interestIncome": 0,
    "interestExpense": 0,
    "depreciationAndAmortization": 215900000,
    "ebitda": 817300000,
    "ebitdaratio": 0.2649098924,
    "operatingIncome": 590900000,
    "operatingIncomeRatio": 0.1915272916,
    "totalOtherIncomeExpensesNet": -67900000,
    "incomeBeforeTax": 523000000,
    "incomeBeforeTaxRatio": 0.1695189939,
    "incomeTaxExpense": 92200000,
    "netIncome": 424100000,
    "netIncomeRatio": 0.1374627253,
    "eps": 1.96,
    "epsdiluted": 1.96,
    "weightedAverageShsOut": 216000000,
    "weightedAverageShsOutDil": 216500000,
    "link": "https://www.sec.gov/Archives/edgar/data/24545/000002454518000026/0000024545-18-000026-index.htm",
    "finalLink": "https://www.sec.gov/Archives/edgar/data/24545/000002454518000026/tap201863010q.htm"
  },
  {
    "date": "2018-03-31",
    "symbol": "TAP",
    "reportedCurrency": "USD",
    "cik": "0000024545",
    "fillingDate": "2018-05-02",
    "acceptedDate": "2018-05-02 11:05:38",
    "calendarYear": "2018",
    "period": "Q1",
    "revenue": 2331500000,
    "costOfRevenue": 1535700000,
    "grossProfit": 795800000,
    "grossProfitRatio": 0.341325327,
    "researchAndDevelopmentExpenses": 0,
    "generalAndAdministrativeExpenses": 681100000,
    "sellingAndMarketingExpenses": 0,
    "sellingGeneralAndAdministrativeExpenses": 681100000,
    "otherExpenses": -314800000,
    "operatingExpenses": 366300000,
    "costAndExpenses": 1902000000,
    "interestIncome": 0,
    "interestExpense": 0,
    "depreciationAndAmortization": 213700000,
    "ebitda": 328400000,
    "ebitdaratio": 0.1408535278,
    "operatingIncome": 429500000,
    "operatingIncomeRatio": 0.1842161698,
    "totalOtherIncomeExpensesNet": -72100000,
    "incomeBeforeTax": 357400000,
    "incomeBeforeTaxRatio": 0.1532918722,
    "incomeTaxExpense": 74900000,
    "netIncome": 278100000,
    "netIncomeRatio": 0.1192794338,
    "eps": 1.29,
    "epsdiluted": 1.28,
    "weightedAverageShsOut": 215800000,
    "weightedAverageShsOutDil": 216600000,
    "link": "https://www.sec.gov/Archives/edgar/data/24545/000002454518000014/0000024545-18-000014-index.htm",
    "finalLink": "https://www.sec.gov/Archives/edgar/data/24545/000002454518000014/tap201833110q.htm"
  },
  {
    "date": "2017-12-31",
    "symbol": "TAP",
    "reportedCurrency": "USD",
    "cik": "0000024545",
    "fillingDate": "2018-02-14",
    "acceptedDate": "2018-02-14 11:48:50",
    "calendarYear": "2017",
    "period": "Q4",
    "revenue": 2579600000,
    "costOfRevenue": 1498600000,
    "grossProfit": 1081000000,
    "grossProfitRatio": 0.4190572182,
    "researchAndDevelopmentExpenses": 0,
    "generalAndAdministrativeExpenses": 765600000,
    "sellingAndMarketingExpenses": 0,
    "sellingGeneralAndAdministrativeExpenses": 765600000,
    "otherExpenses": 3700000,
    "operatingExpenses": 769300000,
    "costAndExpenses": 2267900000,
    "interestIncome": 0,
    "interestExpense": 0,
    "depreciationAndAmortization": 208500000,
    "ebitda": 501700000,
    "ebitdaratio": 0.1944875174,
    "operatingIncome": 311700000,
    "operatingIncomeRatio": 0.1208326872,
    "totalOtherIncomeExpensesNet": -58000000,
    "incomeBeforeTax": 200900000,
    "incomeBeforeTaxRatio": 0.0778802915,
    "incomeTaxExpense": -391700000,
    "netIncome": 588800000,
    "netIncomeRatio": 0.2282524422,
    "eps": 2.73,
    "epsdiluted": 2.72,
    "weightedAverageShsOut": 215500000,
    "weightedAverageShsOutDil": 216500000,
    "link": "https://www.sec.gov/Archives/edgar/data/24545/000002454518000009/0000024545-18-000009-index.htm",
    "finalLink": "https://www.sec.gov/Archives/edgar/data/24545/000002454518000009/tap2017123110-k.htm"
  },
  {
    "date": "2017-09-30",
    "symbol": "TAP",
    "reportedCurrency": "USD",
    "cik": "0000024545",
    "fillingDate": "2017-11-01",
    "acceptedDate": "2017-11-01 16:07:13",
    "calendarYear": "2017",
    "period": "Q3",
    "revenue": 2883200000,
    "costOfRevenue": 1589100000,
    "grossProfit": 1294100000,
    "grossProfitRatio": 0.4488415649,
    "researchAndDevelopmentExpenses": 0,
    "generalAndAdministrativeExpenses": 783800000,
    "sellingAndMarketingExpenses": 0,
    "sellingGeneralAndAdministrativeExpenses": 783800000,
    "otherExpenses": 4100000,
    "operatingExpenses": 787900000,
    "costAndExpenses": 2377000000,
    "interestIncome": 0,
    "interestExpense": 0,
    "depreciationAndAmortization": 208300000,
    "ebitda": 718600000,
    "ebitdaratio": 0.2492369589,
    "operatingIncome": 506200000,
    "operatingIncomeRatio": 0.1755688124,
    "totalOtherIncomeExpensesNet": -74600000,
    "incomeBeforeTax": 431600000,
    "incomeBeforeTaxRatio": 0.1496947836,
    "incomeTaxExpense": 145300000,
    "netIncome": 280000000,
    "netIncomeRatio": 0.0971143174,
    "eps": 1.33,
    "epsdiluted": 1.33,
    "weightedAverageShsOut": 215500000,
    "weightedAverageShsOutDil": 216500000,
    "link": "https://www.sec.gov/Archives/edgar/data/24545/000002454517000020/0000024545-17-000020-index.htm",
    "finalLink": "https://www.sec.gov/Archives/edgar/data/24545/000002454517000020/tap201793010q.htm"
  },
  {
    "date": "2017-06-30",
    "symbol": "TAP",
    "reportedCurrency": "USD",
    "cik": "0000024545",
    "fillingDate": "2017-08-02",
    "acceptedDate": "2017-08-02 11:22:07",
    "calendarYear": "2017",
    "period": "Q2",
    "revenue": 3091300000,
    "costOfRevenue": 1755500000,
    "grossProfit": 1335800000,
    "grossProfitRatio": 0.4321159383,
    "researchAndDevelopmentExpenses": 0,
    "generalAndAdministrativeExpenses": 782400000,
    "sellingAndMarketingExpenses": 0,
    "sellingGeneralAndAdministrativeExpenses": 782400000,
    "otherExpenses": 16500000,
    "operatingExpenses": 798900000,
    "costAndExpenses": 2554400000,
    "interestIncome": 0,
    "interestExpense": 0,
    "depreciationAndAmortization": 198900000,
    "ebitda": 752300000,
    "ebitdaratio": 0.2433603985,
    "operatingIncome": 536900000,
    "operatingIncomeRatio": 0.1736809756,
    "totalOtherIncomeExpensesNet": -87100000,
    "incomeBeforeTax": 449800000,
    "incomeBeforeTaxRatio": 0.1455051273,
    "incomeTaxExpense": 123000000,
    "netIncome": 323300000,
    "netIncomeRatio": 0.104583832,
    "eps": 1.53,
    "epsdiluted": 1.52,
    "weightedAverageShsOut": 215400000,
    "weightedAverageShsOutDil": 216400000,
    "link": "https://www.sec.gov/Archives/edgar/data/24545/000002454517000015/0000024545-17-000015-index.htm",
    "finalLink": "https://www.sec.gov/Archives/edgar/data/24545/000002454517000015/tap201763010q.htm"
  },
  {
    "date": "2017-03-31",
    "symbol": "TAP",
    "reportedCurrency": "USD",
    "cik": "0000024545",
    "fillingDate": "2017-05-03",
    "acceptedDate": "2017-05-03 11:53:49",
    "calendarYear": "2017",
    "period": "Q1",
    "revenue": 2448700000,
    "costOfRevenue": 1372300000,
    "grossProfit": 1076400000,
    "grossProfitRatio": 0.4395801854,
    "researchAndDevelopmentExpenses": 0,
    "generalAndAdministrativeExpenses": 705300000,
    "sellingAndMarketingExpenses": 0,
    "sellingGeneralAndAdministrativeExpenses": 705300000,
    "otherExpenses": 6700000,
    "operatingExpenses": 712000000,
    "costAndExpenses": 2084300000,
    "interestIncome": 0,
    "interestExpense": 0,
    "depreciationAndAmortization": 197100000,
    "ebitda": 568200000,
    "ebitdaratio": 0.2320414914,
    "operatingIncome": 364400000,
    "operatingIncomeRatio": 0.1488136562,
    "totalOtherIncomeExpensesNet": -91400000,
    "incomeBeforeTax": 273000000,
    "incomeBeforeTaxRatio": 0.1114877282,
    "incomeTaxExpense": 64600000,
    "netIncome": 201300000,
    "netIncomeRatio": 0.0822068853,
    "eps": 0.97,
    "epsdiluted": 0.96,
    "weightedAverageShsOut": 215000000,
    "weightedAverageShsOutDil": 216500000,
    "link": "https://www.sec.gov/Archives/edgar/data/24545/000002454517000009/0000024545-17-000009-index.htm",
    "finalLink": "https://www.sec.gov/Archives/edgar/data/24545/000002454517000009/tap201733110q.htm"
  },
  {
    "date": "2016-12-31",
    "symbol": "TAP",
    "reportedCurrency": "USD",
    "cik": "0000024545",
    "fillingDate": "2017-02-14",
    "acceptedDate": "2017-02-14 12:55:59",
    "calendarYear": "2016",
    "period": "Q4",
    "revenue": 2294000000,
    "costOfRevenue": 1485600000,
    "grossProfit": 808400000,
    "grossProfitRatio": 0.3523975588,
    "researchAndDevelopmentExpenses": 0,
    "generalAndAdministrativeExpenses": 753900000,
    "sellingAndMarketingExpenses": 0,
    "sellingGeneralAndAdministrativeExpenses": 753900000,
    "otherExpenses": -2454600000,
    "operatingExpenses": -1700700000,
    "costAndExpenses": -215100000,
    "interestIncome": 0,
    "interestExpense": 0,
    "depreciationAndAmortization": 184100000,
    "ebitda": 3260900000,
    "ebitdaratio": 1.4214908457,
    "operatingIncome": 2509100000,
    "operatingIncomeRatio": 1.093766347,
    "totalOtherIncomeExpensesNet": -74800000,
    "incomeBeforeTax": 2434300000,
    "incomeBeforeTaxRatio": 1.0611595466,
    "incomeTaxExpense": 993200000,
    "netIncome": 1438400000,
    "netIncomeRatio": 0.627027027,
    "eps": 6.7,
    "epsdiluted": 6.65,
    "weightedAverageShsOut": 214800000,
    "weightedAverageShsOutDil": 216400000,
    "link": "https://www.sec.gov/Archives/edgar/data/24545/000002454517000005/0000024545-17-000005-index.htm",
    "finalLink": "https://www.sec.gov/Archives/edgar/data/24545/000002454517000005/tap2016123110-k.htm"
  },
  {
    "date": "2016-09-30",
    "symbol": "TAP",
    "reportedCurrency": "USD",
    "cik": "0000024545",
    "fillingDate": "2016-11-01",
    "acceptedDate": "2016-11-01 12:43:07",
    "calendarYear": "2016",
    "period": "Q3",
    "revenue": 947600000,
    "costOfRevenue": 541300000,
    "grossProfit": 406300000,
    "grossProfitRatio": 0.4287674124,
    "researchAndDevelopmentExpenses": 0,
    "generalAndAdministrativeExpenses": 278900000,
    "sellingAndMarketingExpenses": 0,
    "sellingGeneralAndAdministrativeExpenses": 278900000,
    "otherExpenses": -161800000,
    "operatingExpenses": 117100000,
    "costAndExpenses": 658400000,
    "interestIncome": 0,
    "interestExpense": 0,
    "depreciationAndAmortization": 66600000,
    "ebitda": 194000000,
    "ebitdaratio": 0.2047277332,
    "operatingIncome": 289200000,
    "operatingIncomeRatio": 0.3051920642,
    "totalOtherIncomeExpensesNet": -65800000,
    "incomeBeforeTax": 223400000,
    "incomeBeforeTaxRatio": 0.2357534825,
    "incomeTaxExpense": 19600000,
    "netIncome": 202500000,
    "netIncomeRatio": 0.2136977628,
    "eps": 0.94,
    "epsdiluted": 0.94,
    "weightedAverageShsOut": 214800000,
    "weightedAverageShsOutDil": 216300000,
    "link": "https://www.sec.gov/Archives/edgar/data/24545/000002454516000112/0000024545-16-000112-index.htm",
    "finalLink": "https://www.sec.gov/Archives/edgar/data/24545/000002454516000112/tap201693010q.htm"
  },
  {
    "date": "2016-06-30",
    "symbol": "TAP",
    "reportedCurrency": "USD",
    "cik": "0000024545",
    "fillingDate": "2016-08-02",
    "acceptedDate": "2016-08-02 11:40:08",
    "calendarYear": "2016",
    "period": "Q2",
    "revenue": 986200000,
    "costOfRevenue": 562200000,
    "grossProfit": 424000000,
    "grossProfitRatio": 0.4299330765,
    "researchAndDevelopmentExpenses": 0,
    "generalAndAdministrativeExpenses": 313600000,
    "sellingAndMarketingExpenses": 0,
    "sellingGeneralAndAdministrativeExpenses": 313600000,
    "otherExpenses": -157400000,
    "operatingExpenses": 156200000,
    "costAndExpenses": 718400000,
    "interestIncome": 0,
    "interestExpense": 0,
    "depreciationAndAmortization": 70200000,
    "ebitda": 180600000,
    "ebitdaratio": 0.1831271547,
    "operatingIncome": 267800000,
    "operatingIncomeRatio": 0.2715473535,
    "totalOtherIncomeExpensesNet": -70900000,
    "incomeBeforeTax": 196900000,
    "incomeBeforeTaxRatio": 0.1996552423,
    "incomeTaxExpense": 21200000,
    "netIncome": 172300000,
    "netIncomeRatio": 0.174711012,
    "eps": 0.8,
    "epsdiluted": 0.8,
    "weightedAverageShsOut": 214700000,
    "weightedAverageShsOutDil": 216000000,
    "link": "https://www.sec.gov/Archives/edgar/data/24545/000002454516000101/0000024545-16-000101-index.htm",
    "finalLink": "https://www.sec.gov/Archives/edgar/data/24545/000002454516000101/tap201663010q.htm"
  },
  {
    "date": "2016-03-31",
    "symbol": "TAP",
    "reportedCurrency": "USD",
    "cik": "0000024545",
    "fillingDate": "2016-05-03",
    "acceptedDate": "2016-05-03 11:01:34",
    "calendarYear": "2016",
    "period": "Q1",
    "revenue": 657200000,
    "costOfRevenue": 414000000,
    "grossProfit": 243200000,
    "grossProfitRatio": 0.3700547778,
    "researchAndDevelopmentExpenses": 0,
    "generalAndAdministrativeExpenses": 250900000,
    "sellingAndMarketingExpenses": 0,
    "sellingGeneralAndAdministrativeExpenses": 250900000,
    "otherExpenses": -251000000,
    "operatingExpenses": -100000,
    "costAndExpenses": 413900000,
    "interestIncome": 0,
    "interestExpense": 0,
    "depreciationAndAmortization": 67500000,
    "ebitda": 59800000,
    "ebitdaratio": 0.0909920876,
    "operatingIncome": 243300000,
    "operatingIncomeRatio": 0.3702069385,
    "totalOtherIncomeExpensesNet": -62600000,
    "incomeBeforeTax": 180700000,
    "incomeBeforeTaxRatio": 0.2749543518,
    "incomeTaxExpense": 20600000,
    "netIncome": 158800000,
    "netIncomeRatio": 0.2416311625,
    "eps": 0.8,
    "epsdiluted": 0.8,
    "weightedAverageShsOut": 203600000,
    "weightedAverageShsOutDil": 205100000,
    "link": "https://www.sec.gov/Archives/edgar/data/24545/000002454516000077/0000024545-16-000077-index.htm",
    "finalLink": "https://www.sec.gov/Archives/edgar/data/24545/000002454516000077/tap201633110q.htm"
  },
  {
    "date": "2015-12-31",
    "symbol": "TAP",
    "reportedCurrency": "USD",
    "cik": "0000024545",
    "fillingDate": "2016-02-11",
    "acceptedDate": "2016-02-11 16:11:16",
    "calendarYear": "2015",
    "period": "Q4",
    "revenue": 844400000,
    "costOfRevenue": 542900000,
    "grossProfit": 301500000,
    "grossProfitRatio": 0.3570582662,
    "researchAndDevelopmentExpenses": 0,
    "generalAndAdministrativeExpenses": 262700000,
    "sellingAndMarketingExpenses": 0,
    "sellingGeneralAndAdministrativeExpenses": 262700000,
    "otherExpenses": -35300000,
    "operatingExpenses": 227400000,
    "costAndExpenses": 770300000,
    "interestIncome": 0,
    "interestExpense": 0,
    "depreciationAndAmortization": 72500000,
    "ebitda": 290100000,
    "ebitdaratio": 0.3435575557,
    "operatingIncome": 74100000,
    "operatingIncomeRatio": 0.0877546187,
    "totalOtherIncomeExpensesNet": -31900000,
    "incomeBeforeTax": 42200000,
    "incomeBeforeTaxRatio": 0.0499763145,
    "incomeTaxExpense": 7900000,
    "netIncome": 32800000,
    "netIncomeRatio": 0.0388441497,
    "eps": 0.18,
    "epsdiluted": 0.18,
    "weightedAverageShsOut": 184500000,
    "weightedAverageShsOutDil": 185700000,
    "link": "https://www.sec.gov/Archives/edgar/data/24545/000002454516000054/0000024545-16-000054-index.htm",
    "finalLink": "https://www.sec.gov/Archives/edgar/data/24545/000002454516000054/tap2015123110-k.htm"
  },
  {
    "date": "2015-09-30",
    "symbol": "TAP",
    "reportedCurrency": "USD",
    "cik": "0000024545",
    "fillingDate": "2015-11-05",
    "acceptedDate": "2015-11-05 11:13:51",
    "calendarYear": "2015",
    "period": "Q3",
    "revenue": 1017400000,
    "costOfRevenue": 585900000,
    "grossProfit": 431500000,
    "grossProfitRatio": 0.4241203067,
    "researchAndDevelopmentExpenses": 0,
    "generalAndAdministrativeExpenses": 265200000,
    "sellingAndMarketingExpenses": 0,
    "sellingGeneralAndAdministrativeExpenses": 265200000,
    "otherExpenses": 158200000,
    "operatingExpenses": 423400000,
    "costAndExpenses": 1009300000,
    "interestIncome": 0,
    "interestExpense": 0,
    "depreciationAndAmortization": 83000000,
    "ebitda": 249300000,
    "ebitdaratio": 0.2450363672,
    "operatingIncome": 8100000,
    "operatingIncomeRatio": 0.0079614704,
    "totalOtherIncomeExpensesNet": -23100000,
    "incomeBeforeTax": -15000000,
    "incomeBeforeTaxRatio": -0.0147434637,
    "incomeTaxExpense": -27300000,
    "netIncome": 16600000,
    "netIncomeRatio": 0.0163160999,
    "eps": 0.09,
    "epsdiluted": 0.09,
    "weightedAverageShsOut": 185000000,
    "weightedAverageShsOutDil": 186000000,
    "link": "https://www.sec.gov/Archives/edgar/data/24545/000002454515000043/0000024545-15-000043-index.htm",
    "finalLink": "https://www.sec.gov/Archives/edgar/data/24545/000002454515000043/tap201593010q.htm"
  },
  {
    "date": "2015-06-30",
    "symbol": "TAP",
    "reportedCurrency": "USD",
    "cik": "0000024545",
    "fillingDate": "2015-08-06",
    "acceptedDate": "2015-08-06 11:24:16",
    "calendarYear": "2015",
    "period": "Q2",
    "revenue": 1005700000,
    "costOfRevenue": 579900000,
    "grossProfit": 425800000,
    "grossProfitRatio": 0.4233866958,
    "researchAndDevelopmentExpenses": 0,
    "generalAndAdministrativeExpenses": 283300000,
    "sellingAndMarketingExpenses": 0,
    "sellingGeneralAndAdministrativeExpenses": 283300000,
    "otherExpenses": -171800000,
    "operatingExpenses": 111500000,
    "costAndExpenses": 691400000,
    "interestIncome": 0,
    "interestExpense": 0,
    "depreciationAndAmortization": 81400000,
    "ebitda": 223900000,
    "ebitdaratio": 0.2226310033,
    "operatingIncome": 314300000,
    "operatingIncomeRatio": 0.3125186437,
    "totalOtherIncomeExpensesNet": -24300000,
    "incomeBeforeTax": 290000000,
    "incomeBeforeTaxRatio": 0.2883563687,
    "incomeTaxExpense": 58400000,
    "netIncome": 229000000,
    "netIncomeRatio": 0.227702098,
    "eps": 1.23,
    "epsdiluted": 1.23,
    "weightedAverageShsOut": 185700000,
    "weightedAverageShsOutDil": 186500000,
    "link": "https://www.sec.gov/Archives/edgar/data/24545/000002454515000029/0000024545-15-000029-index.htm",
    "finalLink": "https://www.sec.gov/Archives/edgar/data/24545/000002454515000029/tap201563010q.htm"
  },
  {
    "date": "2015-03-31",
    "symbol": "TAP",
    "reportedCurrency": "USD",
    "cik": "0000024545",
    "fillingDate": "2015-05-07",
    "acceptedDate": "2015-05-07 13:05:09",
    "calendarYear": "2015",
    "period": "Q1",
    "revenue": 700000000,
    "costOfRevenue": 454800000,
    "grossProfit": 245200000,
    "grossProfitRatio": 0.3502857143,
    "researchAndDevelopmentExpenses": 0,
    "generalAndAdministrativeExpenses": 240600000,
    "sellingAndMarketingExpenses": 0,
    "sellingGeneralAndAdministrativeExpenses": 240600000,
    "otherExpenses": -120700000,
    "operatingExpenses": 119900000,
    "costAndExpenses": 574700000,
    "interestIncome": 0,
    "interestExpense": 0,
    "depreciationAndAmortization": 77500000,
    "ebitda": 82100000,
    "ebitdaratio": 0.1172857143,
    "operatingIncome": 125300000,
    "operatingIncomeRatio": 0.179,
    "totalOtherIncomeExpensesNet": -31800000,
    "incomeBeforeTax": 93500000,
    "incomeBeforeTaxRatio": 0.1335714286,
    "incomeTaxExpense": 12800000,
    "netIncome": 81100000,
    "netIncomeRatio": 0.1158571429,
    "eps": 0.44,
    "epsdiluted": 0.43,
    "weightedAverageShsOut": 185800000,
    "weightedAverageShsOutDil": 186900000,
    "link": "https://www.sec.gov/Archives/edgar/data/24545/000002454515000016/0000024545-15-000016-index.htm",
    "finalLink": "https://www.sec.gov/Archives/edgar/data/24545/000002454515000016/tap201533110q.htm"
  },
  {
    "date": "2014-12-31",
    "symbol": "TAP",
    "reportedCurrency": "USD",
    "cik": "0000024545",
    "fillingDate": "2015-02-12",
    "acceptedDate": "2015-02-12 13:07:23",
    "calendarYear": "2014",
    "period": "Q4",
    "revenue": 973800000,
    "costOfRevenue": 620200000,
    "grossProfit": 353600000,
    "grossProfitRatio": 0.3631135757,
    "researchAndDevelopmentExpenses": 0,
    "generalAndAdministrativeExpenses": 282600000,
    "sellingAndMarketingExpenses": 0,
    "sellingGeneralAndAdministrativeExpenses": 282600000,
    "otherExpenses": -83400000,
    "operatingExpenses": 199200000,
    "costAndExpenses": 819400000,
    "interestIncome": 0,
    "interestExpense": 0,
    "depreciationAndAmortization": 80000000,
    "ebitda": 393200000,
    "ebitdaratio": 0.4037790101,
    "operatingIncome": 154400000,
    "operatingIncomeRatio": 0.1585541179,
    "totalOtherIncomeExpensesNet": -33800000,
    "incomeBeforeTax": 120600000,
    "incomeBeforeTaxRatio": 0.123844732,
    "incomeTaxExpense": 27100000,
    "netIncome": 94100000,
    "netIncomeRatio": 0.0966317519,
    "eps": 0.5,
    "epsdiluted": 0.5,
    "weightedAverageShsOut": 185300000,
    "weightedAverageShsOutDil": 186500000,
    "link": "https://www.sec.gov/Archives/edgar/data/24545/000002454515000004/0000024545-15-000004-index.htm",
    "finalLink": "https://www.sec.gov/Archives/edgar/data/24545/000002454515000004/tap2014123110-k.htm"
  },
  {
    "date": "2014-09-30",
    "symbol": "TAP",
    "reportedCurrency": "USD",
    "cik": "0000024545",
    "fillingDate": "2014-11-06",
    "acceptedDate": "2014-11-06 11:57:57",
    "calendarYear": "2014",
    "period": "Q3",
    "revenue": 1168000000,
    "costOfRevenue": 666600000,
    "grossProfit": 501400000,
    "grossProfitRatio": 0.4292808219,
    "researchAndDevelopmentExpenses": 0,
    "generalAndAdministrativeExpenses": 289600000,
    "sellingAndMarketingExpenses": 0,
    "sellingGeneralAndAdministrativeExpenses": 289600000,
    "otherExpenses": 208700000,
    "operatingExpenses": 498300000,
    "costAndExpenses": 1164900000,
    "interestIncome": 0,
    "interestExpense": 0,
    "depreciationAndAmortization": 74600000,
    "ebitda": 286400000,
    "ebitdaratio": 0.2452054795,
    "operatingIncome": 3100000,
    "operatingIncomeRatio": 0.0026541096,
    "totalOtherIncomeExpensesNet": -36300000,
    "incomeBeforeTax": -33200000,
    "incomeBeforeTaxRatio": -0.0284246575,
    "incomeTaxExpense": 700000,
    "netIncome": -34400000,
    "netIncomeRatio": -0.0294520548,
    "eps": -0.19,
    "epsdiluted": -0.19,
    "weightedAverageShsOut": 178500000,
    "weightedAverageShsOutDil": 185100000,
    "link": "https://www.sec.gov/Archives/edgar/data/24545/000002454514000020/0000024545-14-000020-index.htm",
    "finalLink": "https://www.sec.gov/Archives/edgar/data/24545/000002454514000020/tap201493010q.htm"
  },
  {
    "date": "2014-06-30",
    "symbol": "TAP",
    "reportedCurrency": "USD",
    "cik": "0000024545",
    "fillingDate": "2014-08-06",
    "acceptedDate": "2014-08-06 13:09:33",
    "calendarYear": "2014",
    "period": "Q2",
    "revenue": 1188500000,
    "costOfRevenue": 683300000,
    "grossProfit": 505200000,
    "grossProfitRatio": 0.4250736222,
    "researchAndDevelopmentExpenses": 0,
    "generalAndAdministrativeExpenses": 327800000,
    "sellingAndMarketingExpenses": 0,
    "sellingGeneralAndAdministrativeExpenses": 327800000,
    "otherExpenses": -187400000,
    "operatingExpenses": 140400000,
    "costAndExpenses": 823700000,
    "interestIncome": 0,
    "interestExpense": 0,
    "depreciationAndAmortization": 77200000,
    "ebitda": 254600000,
    "ebitdaratio": 0.2142196045,
    "operatingIncome": 364800000,
    "operatingIncomeRatio": 0.3069415229,
    "totalOtherIncomeExpensesNet": -35500000,
    "incomeBeforeTax": 329300000,
    "incomeBeforeTaxRatio": 0.2770719394,
    "incomeTaxExpense": 36400000,
    "netIncome": 290900000,
    "netIncomeRatio": 0.2447623054,
    "eps": 1.57,
    "epsdiluted": 1.56,
    "weightedAverageShsOut": 184800000,
    "weightedAverageShsOutDil": 185900000,
    "link": "https://www.sec.gov/Archives/edgar/data/24545/000002454514000017/0000024545-14-000017-index.htm",
    "finalLink": "https://www.sec.gov/Archives/edgar/data/24545/000002454514000017/tap201463010q.htm"
  },
  {
    "date": "2014-03-31",
    "symbol": "TAP",
    "reportedCurrency": "USD",
    "cik": "0000024545",
    "fillingDate": "2014-05-07",
    "acceptedDate": "2014-05-07 14:10:49",
    "calendarYear": "2014",
    "period": "Q1",
    "revenue": 816000000,
    "costOfRevenue": 523200000,
    "grossProfit": 292800000,
    "grossProfitRatio": 0.3588235294,
    "researchAndDevelopmentExpenses": 0,
    "generalAndAdministrativeExpenses": 263900000,
    "sellingAndMarketingExpenses": 0,
    "sellingGeneralAndAdministrativeExpenses": 263900000,
    "otherExpenses": -175300000,
    "operatingExpenses": 88600000,
    "costAndExpenses": 611800000,
    "interestIncome": 0,
    "interestExpense": 0,
    "depreciationAndAmortization": 81200000,
    "ebitda": 110100000,
    "ebitdaratio": 0.1349264706,
    "operatingIncome": 204200000,
    "operatingIncomeRatio": 0.250245098,
    "totalOtherIncomeExpensesNet": -34600000,
    "incomeBeforeTax": 169600000,
    "incomeBeforeTaxRatio": 0.2078431373,
    "incomeTaxExpense": 4800000,
    "netIncome": 163400000,
    "netIncomeRatio": 0.200245098,
    "eps": 0.89,
    "epsdiluted": 0.88,
    "weightedAverageShsOut": 184300000,
    "weightedAverageShsOutDil": 185500000,
    "link": "https://www.sec.gov/Archives/edgar/data/24545/000002454514000008/0000024545-14-000008-index.htm",
    "finalLink": "https://www.sec.gov/Archives/edgar/data/24545/000002454514000008/tap201433110q.htm"
  },
  {
    "date": "2013-12-31",
    "symbol": "TAP",
    "reportedCurrency": "USD",
    "cik": "0000024545",
    "fillingDate": "2014-02-14",
    "acceptedDate": "2014-02-14 14:51:23",
    "calendarYear": "2013",
    "period": "Q4",
    "revenue": 1028400000,
    "costOfRevenue": 644400000,
    "grossProfit": 384000000,
    "grossProfitRatio": 0.3733955659,
    "researchAndDevelopmentExpenses": 0,
    "generalAndAdministrativeExpenses": 296400000,
    "sellingAndMarketingExpenses": 0,
    "sellingGeneralAndAdministrativeExpenses": 296400000,
    "otherExpenses": -66500000,
    "operatingExpenses": 229900000,
    "costAndExpenses": 874300000,
    "interestIncome": 0,
    "interestExpense": 0,
    "depreciationAndAmortization": 82400000,
    "ebitda": 541600000,
    "ebitdaratio": 0.5266433294,
    "operatingIncome": 154100000,
    "operatingIncomeRatio": 0.1498444185,
    "totalOtherIncomeExpensesNet": -8800000,
    "incomeBeforeTax": 145300000,
    "incomeBeforeTaxRatio": 0.1412874368,
    "incomeTaxExpense": 13700000,
    "netIncome": 131500000,
    "netIncomeRatio": 0.1278685336,
    "eps": 0.72,
    "epsdiluted": 0.71,
    "weightedAverageShsOut": 183900000,
    "weightedAverageShsOutDil": 185000000,
    "link": "https://www.sec.gov/Archives/edgar/data/24545/000002454514000004/0000024545-14-000004-index.htm",
    "finalLink": "https://www.sec.gov/Archives/edgar/data/24545/000002454514000004/tap2013123110-k.htm"
  },
  {
    "date": "2013-09-28",
    "symbol": "TAP",
    "reportedCurrency": "USD",
    "cik": "0000024545",
    "fillingDate": "2013-11-06",
    "acceptedDate": "2013-11-06 11:04:47",
    "calendarYear": "2013",
    "period": "Q3",
    "revenue": 1171200000,
    "costOfRevenue": 670000000,
    "grossProfit": 501200000,
    "grossProfitRatio": 0.4279371585,
    "researchAndDevelopmentExpenses": 0,
    "generalAndAdministrativeExpenses": 290800000,
    "sellingAndMarketingExpenses": 0,
    "sellingGeneralAndAdministrativeExpenses": 290800000,
    "otherExpenses": 14700000,
    "operatingExpenses": 305500000,
    "costAndExpenses": 975500000,
    "interestIncome": 0,
    "interestExpense": 0,
    "depreciationAndAmortization": 77200000,
    "ebitda": 287600000,
    "ebitdaratio": 0.2455601093,
    "operatingIncome": 195700000,
    "operatingIncomeRatio": 0.1670935792,
    "totalOtherIncomeExpensesNet": -23300000,
    "incomeBeforeTax": 155400000,
    "incomeBeforeTaxRatio": 0.1326844262,
    "incomeTaxExpense": 32700000,
    "netIncome": 121800000,
    "netIncomeRatio": 0.1039959016,
    "eps": 0.74,
    "epsdiluted": 0.73,
    "weightedAverageShsOut": 183500000,
    "weightedAverageShsOutDil": 184600000,
    "link": "https://www.sec.gov/Archives/edgar/data/24545/000002454513000017/0000024545-13-000017-index.htm",
    "finalLink": "https://www.sec.gov/Archives/edgar/data/24545/000002454513000017/tap201392810q.htm"
  },
  {
    "date": "2013-06-29",
    "symbol": "TAP",
    "reportedCurrency": "USD",
    "cik": "0000024545",
    "fillingDate": "2013-08-06",
    "acceptedDate": "2013-08-06 07:41:26",
    "calendarYear": "2013",
    "period": "Q2",
    "revenue": 1178000000,
    "costOfRevenue": 684100000,
    "grossProfit": 493900000,
    "grossProfitRatio": 0.4192699491,
    "researchAndDevelopmentExpenses": 0,
    "generalAndAdministrativeExpenses": 319500000,
    "sellingAndMarketingExpenses": 0,
    "sellingGeneralAndAdministrativeExpenses": 319500000,
    "otherExpenses": -171300000,
    "operatingExpenses": 148200000,
    "costAndExpenses": 832300000,
    "interestIncome": 0,
    "interestExpense": 0,
    "depreciationAndAmortization": 80700000,
    "ebitda": 255100000,
    "ebitdaratio": 0.2165534805,
    "operatingIncome": 345700000,
    "operatingIncomeRatio": 0.2934634975,
    "totalOtherIncomeExpensesNet": 121200000,
    "incomeBeforeTax": 312400000,
    "incomeBeforeTaxRatio": 0.2651952462,
    "incomeTaxExpense": 34100000,
    "netIncome": 278400000,
    "netIncomeRatio": 0.2363327674,
    "eps": 1.46,
    "epsdiluted": 1.45,
    "weightedAverageShsOut": 182900000,
    "weightedAverageShsOutDil": 184100000,
    "link": "https://www.sec.gov/Archives/edgar/data/24545/000002454513000014/0000024545-13-000014-index.htm",
    "finalLink": "https://www.sec.gov/Archives/edgar/data/24545/000002454513000014/tap201362910q.htm"
  },
  {
    "date": "2013-03-30",
    "symbol": "TAP",
    "reportedCurrency": "USD",
    "cik": "0000024545",
    "fillingDate": "2013-05-07",
    "acceptedDate": "2013-05-07 17:01:45",
    "calendarYear": "2013",
    "period": "Q1",
    "revenue": 828500000,
    "costOfRevenue": 547100000,
    "grossProfit": 281400000,
    "grossProfitRatio": 0.3396499698,
    "researchAndDevelopmentExpenses": 0,
    "generalAndAdministrativeExpenses": 293900000,
    "sellingAndMarketingExpenses": 0,
    "sellingGeneralAndAdministrativeExpenses": 293900000,
    "otherExpenses": -115900000,
    "operatingExpenses": 178000000,
    "costAndExpenses": 725100000,
    "interestIncome": 0,
    "interestExpense": 0,
    "depreciationAndAmortization": 80200000,
    "ebitda": 67700000,
    "ebitdaratio": 0.0817139409,
    "operatingIncome": 103400000,
    "operatingIncomeRatio": 0.1248038624,
    "totalOtherIncomeExpensesNet": 43500000,
    "incomeBeforeTax": 41400000,
    "incomeBeforeTaxRatio": 0.049969825,
    "incomeTaxExpense": 3500000,
    "netIncome": 35600000,
    "netIncomeRatio": 0.0429692215,
    "eps": 0.16,
    "epsdiluted": 0.16,
    "weightedAverageShsOut": 181700000,
    "weightedAverageShsOutDil": 182900000,
    "link": "https://www.sec.gov/Archives/edgar/data/24545/000002454513000009/0000024545-13-000009-index.htm",
    "finalLink": "https://www.sec.gov/Archives/edgar/data/24545/000002454513000009/tap201333010q.htm"
  },
  {
    "date": "2012-12-29",
    "symbol": "TAP",
    "reportedCurrency": "USD",
    "cik": "0000024545",
    "fillingDate": "2013-02-22",
    "acceptedDate": "2013-02-22 15:23:58",
    "calendarYear": "2012",
    "period": "Q4",
    "revenue": 1030200000,
    "costOfRevenue": 646600000,
    "grossProfit": 383600000,
    "grossProfitRatio": 0.3723548825,
    "researchAndDevelopmentExpenses": 0,
    "generalAndAdministrativeExpenses": 0,
    "sellingAndMarketingExpenses": 0,
    "sellingGeneralAndAdministrativeExpenses": 272500000,
    "otherExpenses": -51600000,
    "operatingExpenses": 220900000,
    "costAndExpenses": 867500000,
    "interestIncome": 0,
    "interestExpense": 0,
    "depreciationAndAmortization": 80700000,
    "ebitda": 542300000,
    "ebitdaratio": 0.5264026403,
    "operatingIncome": 162700000,
    "operatingIncomeRatio": 0.1579304989,
    "totalOtherIncomeExpensesNet": -34200000,
    "incomeBeforeTax": 128500000,
    "incomeBeforeTaxRatio": 0.1247330615,
    "incomeTaxExpense": 68800000,
    "netIncome": 60000000,
    "netIncomeRatio": 0.0582411182,
    "eps": 0.33,
    "epsdiluted": 0.33,
    "weightedAverageShsOut": 181300000,
    "weightedAverageShsOutDil": 182200000,
    "link": "https://www.sec.gov/Archives/edgar/data/24545/000002454513000005/0000024545-13-000005-index.htm",
    "finalLink": "https://www.sec.gov/Archives/edgar/data/24545/000002454513000005/tap2012122910-k.htm"
  },
  {
    "date": "2012-09-29",
    "symbol": "TAP",
    "reportedCurrency": "USD",
    "cik": "0000024545",
    "fillingDate": "2012-11-08",
    "acceptedDate": "2012-11-07 20:31:39",
    "calendarYear": "2012",
    "period": "Q3",
    "revenue": 1195500000,
    "costOfRevenue": 687000000,
    "grossProfit": 508500000,
    "grossProfitRatio": 0.4253450439,
    "researchAndDevelopmentExpenses": 0,
    "generalAndAdministrativeExpenses": 300600000,
    "sellingAndMarketingExpenses": 0,
    "sellingGeneralAndAdministrativeExpenses": 300600000,
    "otherExpenses": -96100000,
    "operatingExpenses": 204500000,
    "costAndExpenses": 891500000,
    "interestIncome": 0,
    "interestExpense": 0,
    "depreciationAndAmortization": 80200000,
    "ebitda": 288100000,
    "ebitdaratio": 0.2409870347,
    "operatingIncome": 304000000,
    "operatingIncomeRatio": 0.2542869092,
    "totalOtherIncomeExpensesNet": -60800000,
    "incomeBeforeTax": 243200000,
    "incomeBeforeTaxRatio": 0.2034295274,
    "incomeTaxExpense": 42500000,
    "netIncome": 198400000,
    "netIncomeRatio": 0.1659556671,
    "eps": 1.09,
    "epsdiluted": 1.09,
    "weightedAverageShsOut": 181000000,
    "weightedAverageShsOutDil": 182000000,
    "link": "https://www.sec.gov/Archives/edgar/data/24545/000002454512000010/0000024545-12-000010-index.htm",
    "finalLink": "https://www.sec.gov/Archives/edgar/data/24545/000002454512000010/tap201292910q.htm"
  },
  {
    "date": "2012-06-30",
    "symbol": "TAP",
    "reportedCurrency": "USD",
    "cik": "0000024545",
    "fillingDate": "2012-08-08",
    "acceptedDate": "2012-08-07 18:07:21",
    "calendarYear": "2012",
    "period": "Q2",
    "revenue": 999400000,
    "costOfRevenue": 580100000,
    "grossProfit": 419300000,
    "grossProfitRatio": 0.419551731,
    "researchAndDevelopmentExpenses": 0,
    "generalAndAdministrativeExpenses": 304800000,
    "sellingAndMarketingExpenses": 0,
    "sellingGeneralAndAdministrativeExpenses": 304800000,
    "otherExpenses": -164400000,
    "operatingExpenses": 140400000,
    "costAndExpenses": 720500000,
    "interestIncome": 0,
    "interestExpense": 0,
    "depreciationAndAmortization": 58400000,
    "ebitda": 172900000,
    "ebitdaratio": 0.1730038023,
    "operatingIncome": 278900000,
    "operatingIncomeRatio": 0.2790674405,
    "totalOtherIncomeExpensesNet": -155100000,
    "incomeBeforeTax": 123800000,
    "incomeBeforeTaxRatio": 0.1238743246,
    "incomeTaxExpense": 25900000,
    "netIncome": 105100000,
    "netIncomeRatio": 0.1051630979,
    "eps": 0.58,
    "epsdiluted": 0.57,
    "weightedAverageShsOut": 180800000,
    "weightedAverageShsOutDil": 181600000,
    "link": "https://www.sec.gov/Archives/edgar/data/24545/000002454512000005/0000024545-12-000005-index.htm",
    "finalLink": "https://www.sec.gov/Archives/edgar/data/24545/000002454512000005/tap201263010q.htm"
  },
  {
    "date": "2012-03-31",
    "symbol": "TAP",
    "reportedCurrency": "USD",
    "cik": "0000024545",
    "fillingDate": "2012-05-09",
    "acceptedDate": "2012-05-09 13:39:48",
    "calendarYear": "2012",
    "period": "Q1",
    "revenue": 691400000,
    "costOfRevenue": 438800000,
    "grossProfit": 252600000,
    "grossProfitRatio": 0.3653456754,
    "researchAndDevelopmentExpenses": 0,
    "generalAndAdministrativeExpenses": 248200000,
    "sellingAndMarketingExpenses": 0,
    "sellingGeneralAndAdministrativeExpenses": 248200000,
    "otherExpenses": -117400000,
    "operatingExpenses": 130800000,
    "costAndExpenses": 569600000,
    "interestIncome": 0,
    "interestExpense": 0,
    "depreciationAndAmortization": 53400000,
    "ebitda": 57800000,
    "ebitdaratio": 0.0835984958,
    "operatingIncome": 121800000,
    "operatingIncomeRatio": 0.1761643043,
    "totalOtherIncomeExpensesNet": -25200000,
    "incomeBeforeTax": 96600000,
    "incomeBeforeTaxRatio": 0.1397165172,
    "incomeTaxExpense": 17300000,
    "netIncome": 79500000,
    "netIncomeRatio": 0.1149840903,
    "eps": 0.44,
    "epsdiluted": 0.44,
    "weightedAverageShsOut": 180300000,
    "weightedAverageShsOutDil": 181700000,
    "link": "https://www.sec.gov/Archives/edgar/data/24545/000144530512001599/0001445305-12-001599-index.htm",
    "finalLink": "https://www.sec.gov/Archives/edgar/data/24545/000144530512001599/tap201233110q.htm"
  },
  {
    "date": "2011-12-31",
    "symbol": "TAP",
    "reportedCurrency": "USD",
    "cik": "0000024545",
    "fillingDate": "2012-02-27",
    "acceptedDate": "2012-02-24 18:47:26",
    "calendarYear": "2011",
    "period": "Q4",
    "revenue": 937300000,
    "costOfRevenue": 547500000,
    "grossProfit": 389800000,
    "grossProfitRatio": 0.4158753867,
    "researchAndDevelopmentExpenses": 0,
    "generalAndAdministrativeExpenses": 0,
    "sellingAndMarketingExpenses": 0,
    "sellingGeneralAndAdministrativeExpenses": 259900000,
    "otherExpenses": -84300000,
    "operatingExpenses": 175600000,
    "costAndExpenses": 723100000,
    "interestIncome": 0,
    "interestExpense": 0,
    "depreciationAndAmortization": 55800000,
    "ebitda": 631000000,
    "ebitdaratio": 0.6732102849,
    "operatingIncome": 214200000,
    "operatingIncomeRatio": 0.2285287528,
    "totalOtherIncomeExpensesNet": -32400000,
    "incomeBeforeTax": 181800000,
    "incomeBeforeTaxRatio": 0.1939613784,
    "incomeTaxExpense": 9000000,
    "netIncome": 173200000,
    "netIncomeRatio": 0.1847860877,
    "eps": 0.96,
    "epsdiluted": 0.95,
    "weightedAverageShsOut": 180300000,
    "weightedAverageShsOutDil": 181700000,
    "link": "https://www.sec.gov/Archives/edgar/data/24545/000144530512000454/0001445305-12-000454-index.htm",
    "finalLink": "https://www.sec.gov/Archives/edgar/data/24545/000144530512000454/tap2011123110-k.htm"
  },
  {
    "date": "2011-09-24",
    "symbol": "TAP",
    "reportedCurrency": "USD",
    "cik": "0000024545",
    "fillingDate": "2011-11-03",
    "acceptedDate": "2011-11-03 16:57:45",
    "calendarYear": "2011",
    "period": "Q3",
    "revenue": 954400000,
    "costOfRevenue": 550500000,
    "grossProfit": 403900000,
    "grossProfitRatio": 0.4231978206,
    "researchAndDevelopmentExpenses": 0,
    "generalAndAdministrativeExpenses": 0,
    "sellingAndMarketingExpenses": 0,
    "sellingGeneralAndAdministrativeExpenses": 248200000,
    "otherExpenses": -99300000,
    "operatingExpenses": 148900000,
    "costAndExpenses": 699400000,
    "interestIncome": 0,
    "interestExpense": 0,
    "depreciationAndAmortization": 54200000,
    "ebitda": 209900000,
    "ebitdaratio": 0.219928751,
    "operatingIncome": 255000000,
    "operatingIncomeRatio": 0.2671835708,
    "totalOtherIncomeExpensesNet": -29600000,
    "incomeBeforeTax": 225400000,
    "incomeBeforeTaxRatio": 0.236169321,
    "incomeTaxExpense": 31100000,
    "netIncome": 197400000,
    "netIncomeRatio": 0.2068315172,
    "eps": 1.06,
    "epsdiluted": 1.06,
    "weightedAverageShsOut": 185000000,
    "weightedAverageShsOutDil": 186200000,
    "link": "https://www.sec.gov/Archives/edgar/data/24545/000144530511003213/0001445305-11-003213-index.htm",
    "finalLink": "https://www.sec.gov/Archives/edgar/data/24545/000144530511003213/tap201192410q.htm"
  },
  {
    "date": "2011-06-25",
    "symbol": "TAP",
    "reportedCurrency": "USD",
    "cik": "0000024545",
    "fillingDate": "2011-08-03",
    "acceptedDate": "2011-08-02 18:39:33",
    "calendarYear": "2011",
    "period": "Q2",
    "revenue": 933600000,
    "costOfRevenue": 523900000,
    "grossProfit": 409700000,
    "grossProfitRatio": 0.4388389032,
    "researchAndDevelopmentExpenses": 0,
    "generalAndAdministrativeExpenses": 0,
    "sellingAndMarketingExpenses": 0,
    "sellingGeneralAndAdministrativeExpenses": 272500000,
    "otherExpenses": -160800000,
    "operatingExpenses": 111700000,
    "costAndExpenses": 635600000,
    "interestIncome": 0,
    "interestExpense": 0,
    "depreciationAndAmortization": 56100000,
    "ebitda": 193300000,
    "ebitdaratio": 0.2070479863,
    "operatingIncome": 298000000,
    "operatingIncomeRatio": 0.3191945159,
    "totalOtherIncomeExpensesNet": -29500000,
    "incomeBeforeTax": 268500000,
    "incomeBeforeTaxRatio": 0.287596401,
    "incomeTaxExpense": 43200000,
    "netIncome": 222800000,
    "netIncomeRatio": 0.2386461011,
    "eps": 1.19,
    "epsdiluted": 1.18,
    "weightedAverageShsOut": 187100000,
    "weightedAverageShsOutDil": 188800000,
    "link": "https://www.sec.gov/Archives/edgar/data/24545/000104746911006857/0001047469-11-006857-index.htm",
    "finalLink": "https://www.sec.gov/Archives/edgar/data/24545/000104746911006857/a2205023z10-q.htm"
  },
  {
    "date": "2011-03-26",
    "symbol": "TAP",
    "reportedCurrency": "USD",
    "cik": "0000024545",
    "fillingDate": "2011-05-04",
    "acceptedDate": "2011-05-03 19:25:26",
    "calendarYear": "2011",
    "period": "Q1",
    "revenue": 690400000,
    "costOfRevenue": 427200000,
    "grossProfit": 263200000,
    "grossProfitRatio": 0.3812282735,
    "researchAndDevelopmentExpenses": 0,
    "generalAndAdministrativeExpenses": 0,
    "sellingAndMarketingExpenses": 0,
    "sellingGeneralAndAdministrativeExpenses": 238400000,
    "otherExpenses": -101200000,
    "operatingExpenses": 137200000,
    "costAndExpenses": 564400000,
    "interestIncome": 0,
    "interestExpense": 0,
    "depreciationAndAmortization": 51000000,
    "ebitda": 75800000,
    "ebitdaratio": 0.1097914253,
    "operatingIncome": 126000000,
    "operatingIncomeRatio": 0.1825028969,
    "totalOtherIncomeExpensesNet": 112300000,
    "incomeBeforeTax": 98500000,
    "incomeBeforeTaxRatio": 0.1426709154,
    "incomeTaxExpense": 16100000,
    "netIncome": 82900000,
    "netIncomeRatio": 0.1200753187,
    "eps": 0.44,
    "epsdiluted": 0.44,
    "weightedAverageShsOut": 186900000,
    "weightedAverageShsOutDil": 188700000,
    "link": "https://www.sec.gov/Archives/edgar/data/24545/000104746911004492/0001047469-11-004492-index.htm",
    "finalLink": "https://www.sec.gov/Archives/edgar/data/24545/000104746911004492/a2203705z10-q.htm"
  },
  {
    "date": "2010-12-25",
    "symbol": "TAP",
    "reportedCurrency": "USD",
    "cik": "0000024545",
    "fillingDate": "2011-02-22",
    "acceptedDate": "2011-02-22 06:21:34",
    "calendarYear": "2010",
    "period": "Q4",
    "revenue": 835100000,
    "costOfRevenue": 475600000,
    "grossProfit": 359500000,
    "grossProfitRatio": 0.4304873668,
    "researchAndDevelopmentExpenses": 0,
    "generalAndAdministrativeExpenses": 0,
    "sellingAndMarketingExpenses": 0,
    "sellingGeneralAndAdministrativeExpenses": 264900000,
    "otherExpenses": -66400000,
    "operatingExpenses": 198500000,
    "costAndExpenses": 674100000,
    "interestIncome": 0,
    "interestExpense": 36500000,
    "depreciationAndAmortization": 68500000,
    "ebitda": 229800000,
    "ebitdaratio": 0.2751766256,
    "operatingIncome": 161000000,
    "operatingIncomeRatio": 0.1927912825,
    "totalOtherIncomeExpensesNet": -36200000,
    "incomeBeforeTax": 124800000,
    "incomeBeforeTaxRatio": 0.1494431805,
    "incomeTaxExpense": 14100000,
    "netIncome": 109800000,
    "netIncomeRatio": 0.1314812597,
    "eps": 0.59,
    "epsdiluted": 0.58,
    "weightedAverageShsOut": 186900000,
    "weightedAverageShsOutDil": 188700000,
    "link": "https://www.sec.gov/Archives/edgar/data/24545/000104746911001088/0001047469-11-001088-index.htm",
    "finalLink": "https://www.sec.gov/Archives/edgar/data/24545/000104746911001088/a2202044z10-k.htm"
  },
  {
    "date": "2010-09-25",
    "symbol": "TAP",
    "reportedCurrency": "USD",
    "cik": "0000024545",
    "fillingDate": "2010-11-04",
    "acceptedDate": "2010-11-03 18:14:41",
    "calendarYear": "2010",
    "period": "Q3",
    "revenue": 875000000,
    "costOfRevenue": 457400000,
    "grossProfit": 417600000,
    "grossProfitRatio": 0.4772571429,
    "researchAndDevelopmentExpenses": 0,
    "generalAndAdministrativeExpenses": 0,
    "sellingAndMarketingExpenses": 0,
    "sellingGeneralAndAdministrativeExpenses": 248900000,
    "otherExpenses": -132200000,
    "operatingExpenses": 116700000,
    "costAndExpenses": 574100000,
    "interestIncome": 0,
    "interestExpense": 23900000,
    "depreciationAndAmortization": 47800000,
    "ebitda": 216500000,
    "ebitdaratio": 0.2474285714,
    "operatingIncome": 300900000,
    "operatingIncomeRatio": 0.3438857143,
    "totalOtherIncomeExpensesNet": 17700000,
    "incomeBeforeTax": 318600000,
    "incomeBeforeTaxRatio": 0.3641142857,
    "incomeTaxExpense": 60700000,
    "netIncome": 256100000,
    "netIncomeRatio": 0.2926857143,
    "eps": 1.38,
    "epsdiluted": 1.37,
    "weightedAverageShsOut": 186000000,
    "weightedAverageShsOutDil": 187400000,
    "link": "https://www.sec.gov/Archives/edgar/data/24545/000104746910009161/0001047469-10-009161-index.htm",
    "finalLink": "https://www.sec.gov/Archives/edgar/data/24545/000104746910009161/a2200721z10-q.htm"
  },
  {
    "date": "2010-06-26",
    "symbol": "TAP",
    "reportedCurrency": "USD",
    "cik": "0000024545",
    "fillingDate": "2010-08-04",
    "acceptedDate": "2010-08-03 17:38:35",
    "calendarYear": "2010",
    "period": "Q2",
    "revenue": 883300000,
    "costOfRevenue": 474800000,
    "grossProfit": 408500000,
    "grossProfitRatio": 0.4624702819,
    "researchAndDevelopmentExpenses": 0,
    "generalAndAdministrativeExpenses": 0,
    "sellingAndMarketingExpenses": 0,
    "sellingGeneralAndAdministrativeExpenses": 261200000,
    "otherExpenses": -147800000,
    "operatingExpenses": 113400000,
    "costAndExpenses": 588200000,
    "interestIncome": 0,
    "interestExpense": 25400000,
    "depreciationAndAmortization": 51000000,
    "ebitda": 198300000,
    "ebitdaratio": 0.2244990377,
    "operatingIncome": 295100000,
    "operatingIncomeRatio": 0.3340880788,
    "totalOtherIncomeExpensesNet": 92200000,
    "incomeBeforeTax": 291100000,
    "incomeBeforeTaxRatio": 0.329559606,
    "incomeTaxExpense": 52200000,
    "netIncome": 237200000,
    "netIncomeRatio": 0.2685384354,
    "eps": 1.28,
    "epsdiluted": 1.27,
    "weightedAverageShsOut": 185700000,
    "weightedAverageShsOutDil": 187400000,
    "link": "https://www.sec.gov/Archives/edgar/data/24545/000104746910006931/0001047469-10-006931-index.htm",
    "finalLink": "https://www.sec.gov/Archives/edgar/data/24545/000104746910006931/a2199618z10-q.htm"
  },
  {
    "date": "2010-03-27",
    "symbol": "TAP",
    "reportedCurrency": "USD",
    "cik": "0000024545",
    "fillingDate": "2010-05-05",
    "acceptedDate": "2010-05-04 17:59:00",
    "calendarYear": "2010",
    "period": "Q1",
    "revenue": 661000000,
    "costOfRevenue": 404400000,
    "grossProfit": 256600000,
    "grossProfitRatio": 0.3881996974,
    "researchAndDevelopmentExpenses": 0,
    "generalAndAdministrativeExpenses": 0,
    "sellingAndMarketingExpenses": 0,
    "sellingGeneralAndAdministrativeExpenses": 237500000,
    "otherExpenses": -88400000,
    "operatingExpenses": 149100000,
    "costAndExpenses": 553500000,
    "interestIncome": 0,
    "interestExpense": 24400000,
    "depreciationAndAmortization": 53100000,
    "ebitda": 72200000,
    "ebitdaratio": 0.1092284418,
    "operatingIncome": 107500000,
    "operatingIncomeRatio": 0.1626323752,
    "totalOtherIncomeExpensesNet": 108300000,
    "incomeBeforeTax": 74500000,
    "incomeBeforeTaxRatio": 0.1127080182,
    "incomeTaxExpense": 11700000,
    "netIncome": 104600000,
    "netIncomeRatio": 0.1582450832,
    "eps": 0.56,
    "epsdiluted": 0.56,
    "weightedAverageShsOut": 185500000,
    "weightedAverageShsOutDil": 187200000,
    "link": "https://www.sec.gov/Archives/edgar/data/24545/000104746910004775/0001047469-10-004775-index.htm",
    "finalLink": "https://www.sec.gov/Archives/edgar/data/24545/000104746910004775/a2198505z10-q.htm"
  },
  {
    "date": "2009-12-26",
    "symbol": "TAP",
    "reportedCurrency": "USD",
    "cik": "0000024545",
    "fillingDate": "2010-02-19",
    "acceptedDate": "2010-02-19 17:21:22",
    "calendarYear": "2009",
    "period": "Q4",
    "revenue": 820800000,
    "costOfRevenue": 475600000,
    "grossProfit": 345200000,
    "grossProfitRatio": 0.4205653021,
    "researchAndDevelopmentExpenses": 0,
    "generalAndAdministrativeExpenses": 0,
    "sellingAndMarketingExpenses": 0,
    "sellingGeneralAndAdministrativeExpenses": 247500000,
    "otherExpenses": -38500000,
    "operatingExpenses": 209000000,
    "costAndExpenses": 684600000,
    "interestIncome": 0,
    "interestExpense": 34300000,
    "depreciationAndAmortization": 52100000,
    "ebitda": 219300000,
    "ebitdaratio": 0.2671783626,
    "operatingIncome": 136200000,
    "operatingIncomeRatio": 0.1659356725,
    "totalOtherIncomeExpensesNet": -3300000,
    "incomeBeforeTax": 132900000,
    "incomeBeforeTaxRatio": 0.1619152047,
    "incomeTaxExpense": -86000000,
    "netIncome": 222100000,
    "netIncomeRatio": 0.2705896686,
    "eps": 1.2,
    "epsdiluted": 1.19,
    "weightedAverageShsOut": 185500000,
    "weightedAverageShsOutDil": 187200000,
    "link": "https://www.sec.gov/Archives/edgar/data/24545/000104746910001028/0001047469-10-001028-index.htm",
    "finalLink": "https://www.sec.gov/Archives/edgar/data/24545/000104746910001028/a2196574z10-k.htm"
  },
  {
    "date": "2009-09-26",
    "symbol": "TAP",
    "reportedCurrency": "USD",
    "cik": "0000024545",
    "fillingDate": "2009-11-05",
    "acceptedDate": "2009-11-04 21:15:37",
    "calendarYear": "2009",
    "period": "Q3",
    "revenue": 853700000,
    "costOfRevenue": 472600000,
    "grossProfit": 381100000,
    "grossProfitRatio": 0.4464097458,
    "researchAndDevelopmentExpenses": 0,
    "generalAndAdministrativeExpenses": 0,
    "sellingAndMarketingExpenses": 0,
    "sellingGeneralAndAdministrativeExpenses": 240700000,
    "otherExpenses": -96900000,
    "operatingExpenses": 143800000,
    "costAndExpenses": 616400000,
    "interestIncome": 0,
    "interestExpense": 22500000,
    "depreciationAndAmortization": 46500000,
    "ebitda": 339700000,
    "ebitdaratio": 0.3979149584,
    "operatingIncome": 237300000,
    "operatingIncomeRatio": 0.2779664988,
    "totalOtherIncomeExpensesNet": 33400000,
    "incomeBeforeTax": 270700000,
    "incomeBeforeTaxRatio": 0.3170903128,
    "incomeTaxExpense": 25300000,
    "netIncome": 235300000,
    "netIncomeRatio": 0.2756237554,
    "eps": 1.27,
    "epsdiluted": 1.26,
    "weightedAverageShsOut": 184600000,
    "weightedAverageShsOutDil": 186200000,
    "link": "https://www.sec.gov/Archives/edgar/data/24545/000104746909009543/0001047469-09-009543-index.htm",
    "finalLink": "https://www.sec.gov/Archives/edgar/data/24545/000104746909009543/a2194834z10-q.htm"
  },
  {
    "date": "2009-06-28",
    "symbol": "TAP",
    "reportedCurrency": "USD",
    "cik": "0000024545",
    "fillingDate": "2009-08-04",
    "acceptedDate": "2009-08-03 17:37:35",
    "calendarYear": "2009",
    "period": "Q2",
    "revenue": 798900000,
    "costOfRevenue": 432600000,
    "grossProfit": 366300000,
    "grossProfitRatio": 0.458505445,
    "researchAndDevelopmentExpenses": 0,
    "generalAndAdministrativeExpenses": 0,
    "sellingAndMarketingExpenses": 0,
    "sellingGeneralAndAdministrativeExpenses": 230000000,
    "otherExpenses": -127000000,
    "operatingExpenses": 103000000,
    "costAndExpenses": 535600000,
    "interestIncome": 0,
    "interestExpense": 19900000,
    "depreciationAndAmortization": 44400000,
    "ebitda": 299400000,
    "ebitdaratio": 0.3747653023,
    "operatingIncome": 263300000,
    "operatingIncomeRatio": 0.32957817,
    "totalOtherIncomeExpensesNet": 49900000,
    "incomeBeforeTax": 235100000,
    "incomeBeforeTaxRatio": 0.2942796345,
    "incomeTaxExpense": 47300000,
    "netIncome": 187300000,
    "netIncomeRatio": 0.2344473651,
    "eps": 1.02,
    "epsdiluted": 1.01,
    "weightedAverageShsOut": 184200000,
    "weightedAverageShsOutDil": 185400000,
    "link": "https://www.sec.gov/Archives/edgar/data/24545/000104746909007134/0001047469-09-007134-index.htm",
    "finalLink": "https://www.sec.gov/Archives/edgar/data/24545/000104746909007134/a2193624z10-q.htm"
  },
  {
    "date": "2009-03-29",
    "symbol": "TAP",
    "reportedCurrency": "USD",
    "cik": "0000024545",
    "fillingDate": "2009-05-06",
    "acceptedDate": "2009-05-05 19:41:48",
    "calendarYear": "2009",
    "period": "Q1",
    "revenue": 559000000,
    "costOfRevenue": 346100000,
    "grossProfit": 212900000,
    "grossProfitRatio": 0.3808586762,
    "researchAndDevelopmentExpenses": 0,
    "generalAndAdministrativeExpenses": 0,
    "sellingAndMarketingExpenses": 0,
    "sellingGeneralAndAdministrativeExpenses": 182600000,
    "otherExpenses": -86900000,
    "operatingExpenses": 95700000,
    "costAndExpenses": 441800000,
    "interestIncome": 0,
    "interestExpense": 19900000,
    "depreciationAndAmortization": 44400000,
    "ebitda": 143100000,
    "ebitdaratio": 0.2559928444,
    "operatingIncome": 117200000,
    "operatingIncomeRatio": 0.2096601073,
    "totalOtherIncomeExpensesNet": -38400000,
    "incomeBeforeTax": 78800000,
    "incomeBeforeTaxRatio": 0.1409660107,
    "incomeTaxExpense": -1300000,
    "netIncome": 75700000,
    "netIncomeRatio": 0.1354203936,
    "eps": 0.41,
    "epsdiluted": 0.41,
    "weightedAverageShsOut": 183800000,
    "weightedAverageShsOutDil": 184900000,
    "link": "https://www.sec.gov/Archives/edgar/data/24545/000104746909005086/0001047469-09-005086-index.htm",
    "finalLink": "https://www.sec.gov/Archives/edgar/data/24545/000104746909005086/a2192748z10-q.htm"
  },
  {
    "date": "2008-12-28",
    "symbol": "TAP",
    "reportedCurrency": "USD",
    "cik": "0000024545",
    "fillingDate": "2009-02-25",
    "acceptedDate": "2009-02-24 21:23:28",
    "calendarYear": "2008",
    "period": "Q4",
    "revenue": 739100000,
    "costOfRevenue": 447900000,
    "grossProfit": 291200000,
    "grossProfitRatio": 0.3939926938,
    "researchAndDevelopmentExpenses": 0,
    "generalAndAdministrativeExpenses": 0,
    "sellingAndMarketingExpenses": 0,
    "sellingGeneralAndAdministrativeExpenses": 196600000,
    "otherExpenses": -51300000,
    "operatingExpenses": 145300000,
    "costAndExpenses": 593200000,
    "interestIncome": 0,
    "interestExpense": 34700000,
    "depreciationAndAmortization": 49000000,
    "ebitda": 197400000,
    "ebitdaratio": 0.2670815857,
    "operatingIncome": 145900000,
    "operatingIncomeRatio": 0.197402246,
    "totalOtherIncomeExpensesNet": -32300000,
    "incomeBeforeTax": 113700000,
    "incomeBeforeTaxRatio": 0.1538357462,
    "incomeTaxExpense": 22400000,
    "netIncome": 96700000,
    "netIncomeRatio": 0.1308347991,
    "eps": 0.51,
    "epsdiluted": 0.51,
    "weightedAverageShsOut": 183800000,
    "weightedAverageShsOutDil": 184900000,
    "link": "https://www.sec.gov/Archives/edgar/data/24545/000104746909001758/0001047469-09-001758-index.htm",
    "finalLink": "https://www.sec.gov/Archives/edgar/data/24545/000104746909001758/a2190839z10-k.htm"
  },
  {
    "date": "2008-09-28",
    "symbol": "TAP",
    "reportedCurrency": "USD",
    "cik": "0000024545",
    "fillingDate": "2008-11-07",
    "acceptedDate": "2008-11-06 18:37:44",
    "calendarYear": "2008",
    "period": "Q3",
    "revenue": 921100000,
    "costOfRevenue": 524400000,
    "grossProfit": 396700000,
    "grossProfitRatio": 0.4306807078,
    "researchAndDevelopmentExpenses": 0,
    "generalAndAdministrativeExpenses": 0,
    "sellingAndMarketingExpenses": 0,
    "sellingGeneralAndAdministrativeExpenses": 236800000,
    "otherExpenses": -81700000,
    "operatingExpenses": 155100000,
    "costAndExpenses": 679500000,
    "interestIncome": 0,
    "interestExpense": 25600000,
    "depreciationAndAmortization": 57200000,
    "ebitda": 306500000,
    "ebitdaratio": 0.3327543155,
    "operatingIncome": 241600000,
    "operatingIncomeRatio": 0.262295082,
    "totalOtherIncomeExpensesNet": -17900000,
    "incomeBeforeTax": 227700000,
    "incomeBeforeTaxRatio": 0.2472044295,
    "incomeTaxExpense": 57000000,
    "netIncome": 173200000,
    "netIncomeRatio": 0.1880360439,
    "eps": 0.95,
    "epsdiluted": 0.94,
    "weightedAverageShsOut": 183500000,
    "weightedAverageShsOutDil": 185700000,
    "link": "https://www.sec.gov/Archives/edgar/data/24545/000104746908011752/0001047469-08-011752-index.htm",
    "finalLink": "https://www.sec.gov/Archives/edgar/data/24545/000104746908011752/a2188761z10-q.htm"
  },
  {
    "date": "2008-06-29",
    "symbol": "TAP",
    "reportedCurrency": "USD",
    "cik": "0000024545",
    "fillingDate": "2008-08-06",
    "acceptedDate": "2008-08-05 20:32:38",
    "calendarYear": "2008",
    "period": "Q2",
    "revenue": 1757400000,
    "costOfRevenue": 1033600000,
    "grossProfit": 723800000,
    "grossProfitRatio": 0.4118584272,
    "researchAndDevelopmentExpenses": 0,
    "generalAndAdministrativeExpenses": 0,
    "sellingAndMarketingExpenses": 0,
    "sellingGeneralAndAdministrativeExpenses": 463200000,
    "otherExpenses": 103900000,
    "operatingExpenses": 567100000,
    "costAndExpenses": 1600700000,
    "interestIncome": 0,
    "interestExpense": 27000000,
    "depreciationAndAmortization": 84900000,
    "ebitda": 235600000,
    "ebitdaratio": 0.134061682,
    "operatingIncome": 156700000,
    "operatingIncomeRatio": 0.0891658131,
    "totalOtherIncomeExpensesNet": -33000000,
    "incomeBeforeTax": 127600000,
    "incomeBeforeTaxRatio": 0.0726072607,
    "incomeTaxExpense": 28900000,
    "netIncome": 80900000,
    "netIncomeRatio": 0.0460339137,
    "eps": 0.43,
    "epsdiluted": 0.42,
    "weightedAverageShsOut": 182400000,
    "weightedAverageShsOutDil": 186000000,
    "link": "https://www.sec.gov/Archives/edgar/data/24545/000104746908008759/0001047469-08-008759-index.htm",
    "finalLink": "https://www.sec.gov/Archives/edgar/data/24545/000104746908008759/a2186859z10-q.htm"
  },
  {
    "date": "2008-03-30",
    "symbol": "TAP",
    "reportedCurrency": "USD",
    "cik": "0000024545",
    "fillingDate": "2008-05-07",
    "acceptedDate": "2008-05-06 19:48:41",
    "calendarYear": "2008",
    "period": "Q1",
    "revenue": 1356600000,
    "costOfRevenue": 835000000,
    "grossProfit": 521600000,
    "grossProfitRatio": 0.3844906384,
    "researchAndDevelopmentExpenses": 0,
    "generalAndAdministrativeExpenses": 0,
    "sellingAndMarketingExpenses": 0,
    "sellingGeneralAndAdministrativeExpenses": 436600000,
    "otherExpenses": 7300000,
    "operatingExpenses": 443900000,
    "costAndExpenses": 1278900000,
    "interestIncome": 0,
    "interestExpense": 27800000,
    "depreciationAndAmortization": 82300000,
    "ebitda": 152200000,
    "ebitdaratio": 0.1121922453,
    "operatingIncome": 77700000,
    "operatingIncomeRatio": 0.0572755418,
    "totalOtherIncomeExpensesNet": -35600000,
    "incomeBeforeTax": 46000000,
    "incomeBeforeTaxRatio": 0.0339083002,
    "incomeTaxExpense": -5500000,
    "netIncome": 37100000,
    "netIncomeRatio": 0.0273477812,
    "eps": 0.19,
    "epsdiluted": 0.19,
    "weightedAverageShsOut": 181000000,
    "weightedAverageShsOutDil": 184500000,
    "link": "https://www.sec.gov/Archives/edgar/data/24545/000104746908006072/0001047469-08-006072-index.htm",
    "finalLink": "https://www.sec.gov/Archives/edgar/data/24545/000104746908006072/a2185263z10-q.htm"
  },
  {
    "date": "2007-12-30",
    "symbol": "TAP",
    "reportedCurrency": "USD",
    "cik": "0000024545",
    "fillingDate": "2008-02-22",
    "acceptedDate": "2008-02-21 21:00:33",
    "calendarYear": "2007",
    "period": "Q4",
    "revenue": 1600306000,
    "costOfRevenue": 978558000,
    "grossProfit": 621748000,
    "grossProfitRatio": 0.3885181959,
    "researchAndDevelopmentExpenses": 0,
    "generalAndAdministrativeExpenses": 0,
    "sellingAndMarketingExpenses": 0,
    "sellingGeneralAndAdministrativeExpenses": 419666000,
    "otherExpenses": 23247000,
    "operatingExpenses": 442913000,
    "costAndExpenses": 1421471000,
    "interestIncome": 0,
    "interestExpense": 50948000,
    "depreciationAndAmortization": 90947000,
    "ebitda": 295919000,
    "ebitdaratio": 0.1849140102,
    "operatingIncome": 178835000,
    "operatingIncomeRatio": 0.1117505027,
    "totalOtherIncomeExpensesNet": -24811000,
    "incomeBeforeTax": 154024000,
    "incomeBeforeTaxRatio": 0.0962465928,
    "incomeTaxExpense": -23858000,
    "netIncome": 173150000,
    "netIncomeRatio": 0.1081980571,
    "eps": 0.96,
    "epsdiluted": 0.94,
    "weightedAverageShsOut": 181000000,
    "weightedAverageShsOutDil": 184500000,
    "link": "https://www.sec.gov/Archives/edgar/data/24545/000104746908001563/0001047469-08-001563-index.htm",
    "finalLink": "https://www.sec.gov/Archives/edgar/data/24545/000104746908001563/a2182586z10-k.htm"
  },
  {
    "date": "2007-09-30",
    "symbol": "TAP",
    "reportedCurrency": "USD",
    "cik": "0000024545",
    "fillingDate": "2007-11-07",
    "acceptedDate": "2007-11-06 18:51:08",
    "calendarYear": "2007",
    "period": "Q3",
    "revenue": 1685408000,
    "costOfRevenue": 987300000,
    "grossProfit": 698100000,
    "grossProfitRatio": 0.4142023771,
    "researchAndDevelopmentExpenses": 0,
    "generalAndAdministrativeExpenses": 0,
    "sellingAndMarketingExpenses": 0,
    "sellingGeneralAndAdministrativeExpenses": 461100000,
    "otherExpenses": 55300000,
    "operatingExpenses": 516400000,
    "costAndExpenses": 1503700000,
    "interestIncome": 0,
    "interestExpense": 24200000,
    "depreciationAndAmortization": 87500000,
    "ebitda": 246600000,
    "ebitdaratio": 0.1463147202,
    "operatingIncome": 181700000,
    "operatingIncomeRatio": 0.1078077237,
    "totalOtherIncomeExpensesNet": -46817000,
    "incomeBeforeTax": 134929000,
    "incomeBeforeTaxRatio": 0.0800571731,
    "incomeTaxExpense": -5692000,
    "netIncome": 134672000,
    "netIncomeRatio": 0.0799046878,
    "eps": 0.75,
    "epsdiluted": 0.74,
    "weightedAverageShsOut": 179400000,
    "weightedAverageShsOutDil": 181700000,
    "link": "https://www.sec.gov/Archives/edgar/data/24545/000104746907008523/0001047469-07-008523-index.htm",
    "finalLink": "https://www.sec.gov/Archives/edgar/data/24545/000104746907008523/a2180660z10-q.htm"
  },
  {
    "date": "2007-07-01",
    "symbol": "TAP",
    "reportedCurrency": "USD",
    "cik": "0000024545",
    "fillingDate": "2007-08-07",
    "acceptedDate": "2007-08-07 16:50:41",
    "calendarYear": "2007",
    "period": "Q2",
    "revenue": 1676267000,
    "costOfRevenue": 966900000,
    "grossProfit": 709300000,
    "grossProfitRatio": 0.4231426139,
    "researchAndDevelopmentExpenses": 0,
    "generalAndAdministrativeExpenses": 0,
    "sellingAndMarketingExpenses": 0,
    "sellingGeneralAndAdministrativeExpenses": 456900000,
    "otherExpenses": 25400000,
    "operatingExpenses": 482300000,
    "costAndExpenses": 1449200000,
    "interestIncome": 0,
    "interestExpense": 24900000,
    "depreciationAndAmortization": 84000000,
    "ebitda": 326000000,
    "ebitdaratio": 0.1944797577,
    "operatingIncome": 227000000,
    "operatingIncomeRatio": 0.135419954,
    "totalOtherIncomeExpensesNet": -9997000,
    "incomeBeforeTax": 217072000,
    "incomeBeforeTaxRatio": 0.1294972698,
    "incomeTaxExpense": 28423000,
    "netIncome": 184963000,
    "netIncomeRatio": 0.1103422068,
    "eps": 1.03,
    "epsdiluted": 1.02,
    "weightedAverageShsOut": 178900000,
    "weightedAverageShsOutDil": 181200000,
    "link": "https://www.sec.gov/Archives/edgar/data/24545/000104746907006142/0001047469-07-006142-index.htm",
    "finalLink": "https://www.sec.gov/Archives/edgar/data/24545/000104746907006142/a2178596z10-q.htm"
  },
  {
    "date": "2007-04-01",
    "symbol": "TAP",
    "reportedCurrency": "USD",
    "cik": "0000024545",
    "fillingDate": "2007-05-09",
    "acceptedDate": "2007-05-08 17:43:43",
    "calendarYear": "2007",
    "period": "Q1",
    "revenue": 1228611000,
    "costOfRevenue": 770200000,
    "grossProfit": 458400000,
    "grossProfitRatio": 0.3731042616,
    "researchAndDevelopmentExpenses": 0,
    "generalAndAdministrativeExpenses": 0,
    "sellingAndMarketingExpenses": 0,
    "sellingGeneralAndAdministrativeExpenses": 396800000,
    "otherExpenses": 8200000,
    "operatingExpenses": 405000000,
    "costAndExpenses": 1175200000,
    "interestIncome": 0,
    "interestExpense": 26300000,
    "depreciationAndAmortization": 83400000,
    "ebitda": 138000000,
    "ebitdaratio": 0.1123219636,
    "operatingIncome": 53400000,
    "operatingIncomeRatio": 0.0434637163,
    "totalOtherIncomeExpensesNet": -25120000,
    "incomeBeforeTax": 28353000,
    "incomeBeforeTaxRatio": 0.02307728,
    "incomeTaxExpense": 5313000,
    "netIncome": 4407000,
    "netIncomeRatio": 0.0035869775,
    "eps": 0.03,
    "epsdiluted": 0.03,
    "weightedAverageShsOut": 176100000,
    "weightedAverageShsOutDil": 178200000,
    "link": "https://www.sec.gov/Archives/edgar/data/24545/000104746907003847/0001047469-07-003847-index.htm",
    "finalLink": "https://www.sec.gov/Archives/edgar/data/24545/000104746907003847/a2177719z10-q.htm"
  },
  {
    "date": "2006-12-31",
    "symbol": "TAP",
    "reportedCurrency": "USD",
    "cik": "0000024545",
    "fillingDate": "2007-03-01",
    "acceptedDate": "2007-02-28 19:25:36",
    "calendarYear": "2006",
    "period": "Q4",
    "revenue": 1531290000,
    "costOfRevenue": 927132000,
    "grossProfit": 604158000,
    "grossProfitRatio": 0.3945418569,
    "researchAndDevelopmentExpenses": 0,
    "generalAndAdministrativeExpenses": 0,
    "sellingAndMarketingExpenses": 0,
    "sellingGeneralAndAdministrativeExpenses": 434160000,
    "otherExpenses": -3720000,
    "operatingExpenses": 430440000,
    "costAndExpenses": 1357572000,
    "interestIncome": 0,
    "interestExpense": 45953000,
    "depreciationAndAmortization": 99898000,
    "ebitda": 298416000,
    "ebitdaratio": 0.1948788277,
    "operatingIncome": 173718000,
    "operatingIncomeRatio": 0.1134455263,
    "totalOtherIncomeExpensesNet": -21153000,
    "incomeBeforeTax": 152565000,
    "incomeBeforeTaxRatio": 0.0996316831,
    "incomeTaxExpense": 37180000,
    "netIncome": 99247000,
    "netIncomeRatio": 0.0648126743,
    "eps": 0.56,
    "epsdiluted": 0.56,
    "weightedAverageShsOut": 176142000,
    "weightedAverageShsOutDil": 178240000,
    "link": "https://www.sec.gov/Archives/edgar/data/24545/000110465907015086/0001104659-07-015086-index.htm",
    "finalLink": "https://www.sec.gov/Archives/edgar/data/24545/000110465907015086/a07-5287_110k.htm"
  },
  {
    "date": "2006-09-24",
    "symbol": "TAP",
    "reportedCurrency": "USD",
    "cik": "0000024545",
    "fillingDate": "2006-11-02",
    "acceptedDate": "2006-11-02 13:56:28",
    "calendarYear": "2006",
    "period": "Q3",
    "revenue": 1576824000,
    "costOfRevenue": 907305000,
    "grossProfit": 669519000,
    "grossProfitRatio": 0.4245997017,
    "researchAndDevelopmentExpenses": 0,
    "generalAndAdministrativeExpenses": 0,
    "sellingAndMarketingExpenses": 0,
    "sellingGeneralAndAdministrativeExpenses": 434106000,
    "otherExpenses": 28453000,
    "operatingExpenses": 462559000,
    "costAndExpenses": 1369864000,
    "interestIncome": 0,
    "interestExpense": 28268000,
    "depreciationAndAmortization": 110242000,
    "ebitda": 323623000,
    "ebitdaratio": 0.2052372364,
    "operatingIncome": 206960000,
    "operatingIncomeRatio": 0.1312511732,
    "totalOtherIncomeExpensesNet": -21847000,
    "incomeBeforeTax": 185113000,
    "incomeBeforeTaxRatio": 0.1173961076,
    "incomeTaxExpense": 57628000,
    "netIncome": 135794000,
    "netIncomeRatio": 0.0861186791,
    "eps": 0.78,
    "epsdiluted": 0.77,
    "weightedAverageShsOut": 174024000,
    "weightedAverageShsOutDil": 175646000,
    "link": "https://www.sec.gov/Archives/edgar/data/24545/000110465906070631/0001104659-06-070631-index.htm",
    "finalLink": "https://www.sec.gov/Archives/edgar/data/24545/000110465906070631/a06-20383_110q.htm"
  },
  {
    "date": "2006-06-25",
    "symbol": "TAP",
    "reportedCurrency": "USD",
    "cik": "0000024545",
    "fillingDate": "2006-08-04",
    "acceptedDate": "2006-08-03 17:33:58",
    "calendarYear": "2006",
    "period": "Q2",
    "revenue": 1583025000,
    "costOfRevenue": 919976000,
    "grossProfit": 663049000,
    "grossProfitRatio": 0.4188493549,
    "researchAndDevelopmentExpenses": 0,
    "generalAndAdministrativeExpenses": 0,
    "sellingAndMarketingExpenses": 0,
    "sellingGeneralAndAdministrativeExpenses": 448281000,
    "otherExpenses": 25840000,
    "operatingExpenses": 474121000,
    "costAndExpenses": 1394097000,
    "interestIncome": 0,
    "interestExpense": 36894000,
    "depreciationAndAmortization": 116990000,
    "ebitda": 310963000,
    "ebitdaratio": 0.1964359375,
    "operatingIncome": 188928000,
    "operatingIncomeRatio": 0.1193461885,
    "totalOtherIncomeExpensesNet": -31849000,
    "incomeBeforeTax": 157079000,
    "incomeBeforeTaxRatio": 0.0992271126,
    "incomeTaxExpense": -4965000,
    "netIncome": 156227000,
    "netIncomeRatio": 0.0986889026,
    "eps": 0.91,
    "epsdiluted": 0.91,
    "weightedAverageShsOut": 171906000,
    "weightedAverageShsOutDil": 173052000,
    "link": "https://www.sec.gov/Archives/edgar/data/24545/000104746906010350/0001047469-06-010350-index.htm",
    "finalLink": "https://www.sec.gov/Archives/edgar/data/24545/000104746906010350/a2172235z10-q.htm"
  },
  {
    "date": "2006-03-26",
    "symbol": "TAP",
    "reportedCurrency": "USD",
    "cik": "0000024545",
    "fillingDate": "2006-05-05",
    "acceptedDate": "2006-05-05 17:06:18",
    "calendarYear": "2006",
    "period": "Q1",
    "revenue": 1153846000,
    "costOfRevenue": 726668000,
    "grossProfit": 427178000,
    "grossProfitRatio": 0.3702209827,
    "researchAndDevelopmentExpenses": 0,
    "generalAndAdministrativeExpenses": 0,
    "sellingAndMarketingExpenses": 0,
    "sellingGeneralAndAdministrativeExpenses": 388858000,
    "otherExpenses": 26831000,
    "operatingExpenses": 415689000,
    "costAndExpenses": 1142357000,
    "interestIncome": 0,
    "interestExpense": 31955000,
    "depreciationAndAmortization": 111224000,
    "ebitda": 120472000,
    "ebitdaratio": 0.1044090806,
    "operatingIncome": 11489000,
    "operatingIncomeRatio": 0.0099571347,
    "totalOtherIncomeExpensesNet": -34196000,
    "incomeBeforeTax": -22707000,
    "incomeBeforeTaxRatio": -0.0196794026,
    "incomeTaxExpense": -7438000,
    "netIncome": -30237000,
    "netIncomeRatio": -0.0262054035,
    "eps": -0.18,
    "epsdiluted": -0.18,
    "weightedAverageShsOut": 171366000,
    "weightedAverageShsOutDil": 171366000,
    "link": "https://www.sec.gov/Archives/edgar/data/24545/000104746906006586/0001047469-06-006586-index.htm",
    "finalLink": "https://www.sec.gov/Archives/edgar/data/24545/000104746906006586/a2170129z10-q.htm"
  },
  {
    "date": "2005-12-25",
    "symbol": "TAP",
    "reportedCurrency": "USD",
    "cik": "0000024545",
    "fillingDate": "2006-03-10",
    "acceptedDate": "2006-03-10 17:31:20",
    "calendarYear": "2005",
    "period": "Q4",
    "revenue": 1234586000,
    "costOfRevenue": 731176000,
    "grossProfit": 503410000,
    "grossProfitRatio": 0.4077561223,
    "researchAndDevelopmentExpenses": 0,
    "generalAndAdministrativeExpenses": 0,
    "sellingAndMarketingExpenses": 0,
    "sellingGeneralAndAdministrativeExpenses": 347343000,
    "otherExpenses": -16474000,
    "operatingExpenses": 330869000,
    "costAndExpenses": 1062045000,
    "interestIncome": 0,
    "interestExpense": 29001000,
    "depreciationAndAmortization": 95584000,
    "ebitda": 281776000,
    "ebitdaratio": 0.2282352141,
    "operatingIncome": 172541000,
    "operatingIncomeRatio": 0.1397561612,
    "totalOtherIncomeExpensesNet": -15350000,
    "incomeBeforeTax": 157191000,
    "incomeBeforeTaxRatio": 0.1273228434,
    "incomeTaxExpense": 21167000,
    "netIncome": 22384000,
    "netIncomeRatio": 0.0181307742,
    "eps": 0.13,
    "epsdiluted": 0.13,
    "weightedAverageShsOut": 170794000,
    "weightedAverageShsOutDil": 171366000,
    "link": "https://www.sec.gov/Archives/edgar/data/24545/000104746906003212/0001047469-06-003212-index.htm",
    "finalLink": "https://www.sec.gov/Archives/edgar/data/24545/000104746906003212/a2168095z10-k.htm"
  },
  {
    "date": "2005-09-25",
    "symbol": "TAP",
    "reportedCurrency": "USD",
    "cik": "0000024545",
    "fillingDate": "2005-11-04",
    "acceptedDate": "2005-11-04 17:28:40",
    "calendarYear": "2005",
    "period": "Q3",
    "revenue": 1596862000,
    "costOfRevenue": 882503000,
    "grossProfit": 644595000,
    "grossProfitRatio": 0.4036635602,
    "researchAndDevelopmentExpenses": 0,
    "generalAndAdministrativeExpenses": 0,
    "sellingAndMarketingExpenses": 0,
    "sellingGeneralAndAdministrativeExpenses": 430498000,
    "otherExpenses": 33493000,
    "operatingExpenses": 463991000,
    "costAndExpenses": 1346494000,
    "interestIncome": 0,
    "interestExpense": 31309000,
    "depreciationAndAmortization": 100118000,
    "ebitda": 274195000,
    "ebitdaratio": 0.1717086386,
    "operatingIncome": 180604000,
    "operatingIncomeRatio": 0.113099316,
    "totalOtherIncomeExpensesNet": -19714000,
    "incomeBeforeTax": 115845000,
    "incomeBeforeTaxRatio": 0.0725454047,
    "incomeTaxExpense": 7372000,
    "netIncome": 108198000,
    "netIncomeRatio": 0.0677566377,
    "eps": 0.64,
    "epsdiluted": 0.63,
    "weightedAverageShsOut": 170646000,
    "weightedAverageShsOutDil": 171800000,
    "link": "https://www.sec.gov/Archives/edgar/data/24545/000104746905026288/0001047469-05-026288-index.htm",
    "finalLink": "https://www.sec.gov/Archives/edgar/data/24545/000104746905026288/a2164630z10-q.htm"
  },
  {
    "date": "2005-06-26",
    "symbol": "TAP",
    "reportedCurrency": "USD",
    "cik": "0000024545",
    "fillingDate": "2005-08-05",
    "acceptedDate": "2005-08-05 17:27:02",
    "calendarYear": "2005",
    "period": "Q2",
    "revenue": 1611313000,
    "costOfRevenue": 895601000,
    "grossProfit": 651262000,
    "grossProfitRatio": 0.4041809382,
    "researchAndDevelopmentExpenses": 0,
    "generalAndAdministrativeExpenses": 0,
    "sellingAndMarketingExpenses": 0,
    "sellingGeneralAndAdministrativeExpenses": 446399000,
    "otherExpenses": 40963000,
    "operatingExpenses": 487362000,
    "costAndExpenses": 1382963000,
    "interestIncome": 0,
    "interestExpense": 27701000,
    "depreciationAndAmortization": 99246000,
    "ebitda": 265896000,
    "ebitdaratio": 0.1650182181,
    "operatingIncome": 163900000,
    "operatingIncomeRatio": 0.1017182881,
    "totalOtherIncomeExpensesNet": -93344000,
    "incomeBeforeTax": 70556000,
    "incomeBeforeTaxRatio": 0.0437878922,
    "incomeTaxExpense": 37418000,
    "netIncome": 38546000,
    "netIncomeRatio": 0.0239221058,
    "eps": 0.23,
    "epsdiluted": 0.23,
    "weightedAverageShsOut": 170642000,
    "weightedAverageShsOutDil": 171856000,
    "link": "https://www.sec.gov/Archives/edgar/data/24545/000104746905020901/0001047469-05-020901-index.htm",
    "finalLink": "https://www.sec.gov/Archives/edgar/data/24545/000104746905020901/a2161509z10-q.htm"
  },
  {
    "date": "2005-03-27",
    "symbol": "TAP",
    "reportedCurrency": "USD",
    "cik": "0000024545",
    "fillingDate": "2005-05-11",
    "acceptedDate": "2005-05-11 07:36:08",
    "calendarYear": "2005",
    "period": "Q1",
    "revenue": 1064145000,
    "costOfRevenue": 689644000,
    "grossProfit": 358791000,
    "grossProfitRatio": 0.3371636384,
    "researchAndDevelopmentExpenses": 0,
    "generalAndAdministrativeExpenses": 0,
    "sellingAndMarketingExpenses": 0,
    "sellingGeneralAndAdministrativeExpenses": 337370000,
    "otherExpenses": 40700000,
    "operatingExpenses": 378070000,
    "costAndExpenses": 1067714000,
    "interestIncome": 3576000,
    "interestExpense": 19584000,
    "depreciationAndAmortization": 82099000,
    "ebitda": 57814000,
    "ebitdaratio": 0.0543290623,
    "operatingIncome": -19279000,
    "operatingIncomeRatio": -0.018116892,
    "totalOtherIncomeExpensesNet": -27701000,
    "incomeBeforeTax": -48391000,
    "incomeBeforeTaxRatio": -0.045474066,
    "incomeTaxExpense": -3339000,
    "netIncome": -46538000,
    "netIncomeRatio": -0.043732762,
    "eps": -0.37,
    "epsdiluted": -0.37,
    "weightedAverageShsOut": 126212000,
    "weightedAverageShsOutDil": 126212000,
    "link": "https://www.sec.gov/Archives/edgar/data/24545/000104746905014266/0001047469-05-014266-index.htm",
    "finalLink": "https://www.sec.gov/Archives/edgar/data/24545/000104746905014266/a2157243z10-q.htm"
  },
  {
    "date": "2004-12-26",
    "symbol": "TAP",
    "reportedCurrency": "USD",
    "cik": "0000024545",
    "fillingDate": "2005-03-11",
    "acceptedDate": "2005-03-11 17:21:32",
    "calendarYear": "2004",
    "period": "Q4",
    "revenue": 1127305000,
    "costOfRevenue": 738542000,
    "grossProfit": 388763000,
    "grossProfitRatio": 0.3448605302,
    "researchAndDevelopmentExpenses": 0,
    "generalAndAdministrativeExpenses": 0,
    "sellingAndMarketingExpenses": 0,
    "sellingGeneralAndAdministrativeExpenses": 305362000,
    "otherExpenses": -7522000,
    "operatingExpenses": 297840000,
    "costAndExpenses": 1036382000,
    "interestIncome": 0,
    "interestExpense": 0,
    "depreciationAndAmortization": 66148000,
    "ebitda": 157071000,
    "ebitdaratio": 0.1393331884,
    "operatingIncome": 90923000,
    "operatingIncomeRatio": 0.0806551909,
    "totalOtherIncomeExpensesNet": -5295000,
    "incomeBeforeTax": 85628000,
    "incomeBeforeTaxRatio": 0.075958148,
    "incomeTaxExpense": 25570000,
    "netIncome": 55718000,
    "netIncomeRatio": 0.0494258431,
    "eps": 0.44,
    "epsdiluted": 0.44,
    "weightedAverageShsOut": 126212000,
    "weightedAverageShsOutDil": 126212000,
    "link": "https://www.sec.gov/Archives/edgar/data/24545/000104746905006237/0001047469-05-006237-index.htm",
    "finalLink": "https://www.sec.gov/Archives/edgar/data/24545/000104746905006237/a2152593z10-k.htm"
  },
  {
    "date": "2004-09-26",
    "symbol": "TAP",
    "reportedCurrency": "USD",
    "cik": "0000024545",
    "fillingDate": "2004-11-05",
    "acceptedDate": "2004-11-05 17:17:22",
    "calendarYear": "2004",
    "period": "Q3",
    "revenue": 1104306000,
    "costOfRevenue": 688384000,
    "grossProfit": 415922000,
    "grossProfitRatio": 0.3766365482,
    "researchAndDevelopmentExpenses": 0,
    "generalAndAdministrativeExpenses": 0,
    "sellingAndMarketingExpenses": 0,
    "sellingGeneralAndAdministrativeExpenses": 312018000,
    "otherExpenses": 0,
    "operatingExpenses": 312018000,
    "costAndExpenses": 1000402000,
    "interestIncome": 0,
    "interestExpense": 12268000,
    "depreciationAndAmortization": 67005000,
    "ebitda": 176812000,
    "ebitdaratio": 0.1601114184,
    "operatingIncome": 103904000,
    "operatingIncomeRatio": 0.0940898628,
    "totalOtherIncomeExpensesNet": -6365000,
    "incomeBeforeTax": 97539000,
    "incomeBeforeTaxRatio": 0.0883260618,
    "incomeTaxExpense": 29430000,
    "netIncome": 64142000,
    "netIncomeRatio": 0.0580835384,
    "eps": 0.86,
    "epsdiluted": 0.84,
    "weightedAverageShsOut": 74682000,
    "weightedAverageShsOutDil": 76250000,
    "link": "https://www.sec.gov/Archives/edgar/data/24545/000104746904033267/0001047469-04-033267-index.htm",
    "finalLink": "https://www.sec.gov/Archives/edgar/data/24545/000104746904033267/a2146011z10-q.htm"
  },
  {
    "date": "2004-06-27",
    "symbol": "TAP",
    "reportedCurrency": "USD",
    "cik": "0000024545",
    "fillingDate": "2004-08-06",
    "acceptedDate": "2004-08-06 15:21:57",
    "calendarYear": "2004",
    "period": "Q2",
    "revenue": 1150694000,
    "costOfRevenue": 703024000,
    "grossProfit": 447188000,
    "grossProfitRatio": 0.3886246039,
    "researchAndDevelopmentExpenses": 0,
    "generalAndAdministrativeExpenses": 0,
    "sellingAndMarketingExpenses": 0,
    "sellingGeneralAndAdministrativeExpenses": 322062000,
    "otherExpenses": 0,
    "operatingExpenses": 322062000,
    "costAndExpenses": 1025086000,
    "interestIncome": 0,
    "interestExpense": 0,
    "depreciationAndAmortization": 66325000,
    "ebitda": 191451000,
    "ebitdaratio": 0.1663787245,
    "operatingIncome": 125126000,
    "operatingIncomeRatio": 0.1087395954,
    "totalOtherIncomeExpensesNet": -11190000,
    "incomeBeforeTax": 113936000,
    "incomeBeforeTaxRatio": 0.0990150292,
    "incomeTaxExpense": 36495000,
    "netIncome": 72036000,
    "netIncomeRatio": 0.0626022209,
    "eps": 0.97,
    "epsdiluted": 0.95,
    "weightedAverageShsOut": 74320000,
    "weightedAverageShsOutDil": 75724000,
    "link": "https://www.sec.gov/Archives/edgar/data/24545/000104746904025634/0001047469-04-025634-index.htm",
    "finalLink": "https://www.sec.gov/Archives/edgar/data/24545/000104746904025634/a2140845z10-q.htm"
  },
  {
    "date": "2004-03-28",
    "symbol": "TAP",
    "reportedCurrency": "USD",
    "cik": "0000024545",
    "fillingDate": "2004-05-07",
    "acceptedDate": "2004-05-07 14:16:18",
    "calendarYear": "2004",
    "period": "Q1",
    "revenue": 923511000,
    "costOfRevenue": 611744000,
    "grossProfit": 312249000,
    "grossProfitRatio": 0.3381107534,
    "researchAndDevelopmentExpenses": 0,
    "generalAndAdministrativeExpenses": 0,
    "sellingAndMarketingExpenses": 0,
    "sellingGeneralAndAdministrativeExpenses": 283777000,
    "otherExpenses": 0,
    "operatingExpenses": 283777000,
    "costAndExpenses": 895521000,
    "interestIncome": 4685000,
    "interestExpense": 20223000,
    "depreciationAndAmortization": 66979000,
    "ebitda": 98281000,
    "ebitdaratio": 0.1064210388,
    "operatingIncome": 28472000,
    "operatingIncomeRatio": 0.0308301688,
    "totalOtherIncomeExpensesNet": -16911000,
    "incomeBeforeTax": 11079000,
    "incomeBeforeTaxRatio": 0.0119966086,
    "incomeTaxExpense": 3733000,
    "netIncome": 4840000,
    "netIncomeRatio": 0.0052408688,
    "eps": 0.065,
    "epsdiluted": 0.065,
    "weightedAverageShsOut": 73328000,
    "weightedAverageShsOutDil": 74554000,
    "link": "https://www.sec.gov/Archives/edgar/data/24545/000104746904016374/0001047469-04-016374-index.htm",
    "finalLink": "https://www.sec.gov/Archives/edgar/data/24545/000104746904016374/a2135504z10-q.htm"
  },
  {
    "date": "2003-12-28",
    "symbol": "TAP",
    "reportedCurrency": "USD",
    "cik": "0000024545",
    "fillingDate": "2004-03-12",
    "acceptedDate": "2004-03-12 17:28:08",
    "calendarYear": "2003",
    "period": "Q4",
    "revenue": 1022872000,
    "costOfRevenue": 686206000,
    "grossProfit": 336666000,
    "grossProfitRatio": 0.3291379567,
    "researchAndDevelopmentExpenses": 0,
    "generalAndAdministrativeExpenses": 0,
    "sellingAndMarketingExpenses": 0,
    "sellingGeneralAndAdministrativeExpenses": 270524000,
    "otherExpenses": 0,
    "operatingExpenses": 270524000,
    "costAndExpenses": 956730000,
    "interestIncome": 0,
    "interestExpense": 0,
    "depreciationAndAmortization": 63709000,
    "ebitda": 129851000,
    "ebitdaratio": 0.1269474577,
    "operatingIncome": 66142000,
    "operatingIncomeRatio": 0.0646630272,
    "totalOtherIncomeExpensesNet": -12233000,
    "incomeBeforeTax": 53909000,
    "incomeBeforeTaxRatio": 0.0527035641,
    "incomeTaxExpense": 17828000,
    "netIncome": 36081000,
    "netIncomeRatio": 0.0352742083,
    "eps": 0.49,
    "epsdiluted": 0.48,
    "weightedAverageShsOut": 73328000,
    "weightedAverageShsOutDil": 74554000,
    "link": "https://www.sec.gov/Archives/edgar/data/24545/000110465904007268/0001104659-04-007268-index.htm",
    "finalLink": "https://www.sec.gov/Archives/edgar/data/24545/000110465904007268/a04-3237_110k.htm"
  },
  {
    "date": "2003-09-28",
    "symbol": "TAP",
    "reportedCurrency": "USD",
    "cik": "0000024545",
    "fillingDate": "2003-11-12",
    "acceptedDate": "2003-11-12 15:50:02",
    "calendarYear": "2003",
    "period": "Q3",
    "revenue": 1048724000,
    "costOfRevenue": 658016000,
    "grossProfit": 390708000,
    "grossProfitRatio": 0.3725556009,
    "researchAndDevelopmentExpenses": 0,
    "generalAndAdministrativeExpenses": 0,
    "sellingAndMarketingExpenses": 0,
    "sellingGeneralAndAdministrativeExpenses": 281313000,
    "otherExpenses": 0,
    "operatingExpenses": 281313000,
    "costAndExpenses": 939329000,
    "interestIncome": 0,
    "interestExpense": 0,
    "depreciationAndAmortization": 62474000,
    "ebitda": 171869000,
    "ebitdaratio": 0.1638839199,
    "operatingIncome": 109395000,
    "operatingIncomeRatio": 0.1043124788,
    "totalOtherIncomeExpensesNet": -13640000,
    "incomeBeforeTax": 95755000,
    "incomeBeforeTaxRatio": 0.0913061969,
    "incomeTaxExpense": 34327000,
    "netIncome": 61428000,
    "netIncomeRatio": 0.0585740385,
    "eps": 0.85,
    "epsdiluted": 0.84,
    "weightedAverageShsOut": 72678000,
    "weightedAverageShsOutDil": 73150000,
    "link": "https://www.sec.gov/Archives/edgar/data/24545/000110465903025789/0001104659-03-025789-index.htm",
    "finalLink": "https://www.sec.gov/Archives/edgar/data/24545/000110465903025789/a03-5092_110q.htm"
  },
  {
    "date": "2003-06-29",
    "symbol": "TAP",
    "reportedCurrency": "USD",
    "cik": "0000024545",
    "fillingDate": "2003-08-13",
    "acceptedDate": "2003-08-13 15:59:26",
    "calendarYear": "2003",
    "period": "Q2",
    "revenue": 1100376000,
    "costOfRevenue": 683087000,
    "grossProfit": 417289000,
    "grossProfitRatio": 0.3792240107,
    "researchAndDevelopmentExpenses": 0,
    "generalAndAdministrativeExpenses": 0,
    "sellingAndMarketingExpenses": 0,
    "sellingGeneralAndAdministrativeExpenses": 299812000,
    "otherExpenses": 0,
    "operatingExpenses": 299812000,
    "costAndExpenses": 982899000,
    "interestIncome": 0,
    "interestExpense": 0,
    "depreciationAndAmortization": 60097000,
    "ebitda": 177574000,
    "ebitdaratio": 0.1613757479,
    "operatingIncome": 117477000,
    "operatingIncomeRatio": 0.10676078,
    "totalOtherIncomeExpensesNet": -14583000,
    "incomeBeforeTax": 102894000,
    "incomeBeforeTaxRatio": 0.0935080373,
    "incomeTaxExpense": 26552000,
    "netIncome": 76342000,
    "netIncomeRatio": 0.0693781035,
    "eps": 1.05,
    "epsdiluted": 1.05,
    "weightedAverageShsOut": 72638000,
    "weightedAverageShsOutDil": 73048000,
    "link": "https://www.sec.gov/Archives/edgar/data/24545/000110465903018148/0001104659-03-018148-index.htm",
    "finalLink": "https://www.sec.gov/Archives/edgar/data/24545/000110465903018148/a03-2356_110q.htm"
  },
  {
    "date": "2003-03-30",
    "symbol": "TAP",
    "reportedCurrency": "USD",
    "cik": "0000024545",
    "fillingDate": "2003-05-13",
    "acceptedDate": "2003-05-13 16:20:06",
    "calendarYear": "2003",
    "period": "Q1",
    "revenue": 828141000,
    "costOfRevenue": 559474000,
    "grossProfit": 268667000,
    "grossProfitRatio": 0.3244218074,
    "researchAndDevelopmentExpenses": 0,
    "generalAndAdministrativeExpenses": 0,
    "sellingAndMarketingExpenses": 0,
    "sellingGeneralAndAdministrativeExpenses": 254310000,
    "otherExpenses": 0,
    "operatingExpenses": 254310000,
    "costAndExpenses": 813784000,
    "interestIncome": 0,
    "interestExpense": 0,
    "depreciationAndAmortization": 57331000,
    "ebitda": 71688000,
    "ebitdaratio": 0.086564969,
    "operatingIncome": 14357000,
    "operatingIncomeRatio": 0.0173364198,
    "totalOtherIncomeExpensesNet": -13097000,
    "incomeBeforeTax": 1260000,
    "incomeBeforeTaxRatio": 0.00152148,
    "incomeTaxExpense": 454000,
    "netIncome": 806000,
    "netIncomeRatio": 0.0009732642,
    "eps": 0.01,
    "epsdiluted": 0.01,
    "weightedAverageShsOut": 72634000,
    "weightedAverageShsOutDil": 73116000,
    "link": "https://www.sec.gov/Archives/edgar/data/24545/000104746903018176/0001047469-03-018176-index.htm",
    "finalLink": "https://www.sec.gov/Archives/edgar/data/24545/000104746903018176/a2110953z10-q.htm"
  },
  {
    "date": "2002-12-29",
    "symbol": "TAP",
    "reportedCurrency": "USD",
    "cik": "0000024545",
    "fillingDate": "2003-03-27",
    "acceptedDate": "2003-03-26 19:59:44",
    "calendarYear": "2002",
    "period": "Q4",
    "revenue": 981133000,
    "costOfRevenue": 656072000,
    "grossProfit": 325061000,
    "grossProfitRatio": 0.3313118609,
    "researchAndDevelopmentExpenses": 0,
    "generalAndAdministrativeExpenses": 0,
    "sellingAndMarketingExpenses": 0,
    "sellingGeneralAndAdministrativeExpenses": 279156000,
    "otherExpenses": 4465000,
    "operatingExpenses": 283621000,
    "costAndExpenses": 939693000,
    "interestIncome": 0,
    "interestExpense": 0,
    "depreciationAndAmortization": 56307000,
    "ebitda": 97747000,
    "ebitdaratio": 0.0996266561,
    "operatingIncome": 41440000,
    "operatingIncomeRatio": 0.0422368833,
    "totalOtherIncomeExpensesNet": -11112000,
    "incomeBeforeTax": 30328000,
    "incomeBeforeTaxRatio": 0.0309112016,
    "incomeTaxExpense": 10113000,
    "netIncome": 20215000,
    "netIncomeRatio": 0.0206037306,
    "eps": 0.28,
    "epsdiluted": 0.28,
    "weightedAverageShsOut": 72634000,
    "weightedAverageShsOutDil": 73116000,
    "link": "https://www.sec.gov/Archives/edgar/data/24545/000104746903010404/0001047469-03-010404-index.htm",
    "finalLink": "https://www.sec.gov/Archives/edgar/data/24545/000104746903010404/a2106472z10-k.htm"
  },
  {
    "date": "2002-09-29",
    "symbol": "TAP",
    "reportedCurrency": "USD",
    "cik": "0000024545",
    "fillingDate": "2002-11-13",
    "acceptedDate": "2002-11-13 16:41:51",
    "calendarYear": "2002",
    "period": "Q3",
    "revenue": 1001598000,
    "costOfRevenue": 636094000,
    "grossProfit": 365504000,
    "grossProfitRatio": 0.3649208565,
    "researchAndDevelopmentExpenses": 0,
    "generalAndAdministrativeExpenses": 0,
    "sellingAndMarketingExpenses": 0,
    "sellingGeneralAndAdministrativeExpenses": 276359000,
    "otherExpenses": 0,
    "operatingExpenses": 276359000,
    "costAndExpenses": 912453000,
    "interestIncome": 0,
    "interestExpense": 0,
    "depreciationAndAmortization": 65272000,
    "ebitda": 154417000,
    "ebitdaratio": 0.1541706353,
    "operatingIncome": 89145000,
    "operatingIncomeRatio": 0.0890027736,
    "totalOtherIncomeExpensesNet": -14564000,
    "incomeBeforeTax": 74581000,
    "incomeBeforeTaxRatio": 0.0744620097,
    "incomeTaxExpense": 27962000,
    "netIncome": 46619000,
    "netIncomeRatio": 0.0465446217,
    "eps": 0.65,
    "epsdiluted": 0.64,
    "weightedAverageShsOut": 72386000,
    "weightedAverageShsOutDil": 73074000,
    "link": "https://www.sec.gov/Archives/edgar/data/24545/000091205702042181/0000912057-02-042181-index.htm",
    "finalLink": "https://www.sec.gov/Archives/edgar/data/24545/000091205702042181/a2093439z10-q.htm"
  },
  {
    "date": "2002-06-30",
    "symbol": "TAP",
    "reportedCurrency": "USD",
    "cik": "0000024545",
    "fillingDate": "2002-08-14",
    "acceptedDate": "2002-08-14 17:54:09",
    "calendarYear": "2002",
    "period": "Q2",
    "revenue": 1023969000,
    "costOfRevenue": 640020000,
    "grossProfit": 407749000,
    "grossProfitRatio": 0.3982044378,
    "researchAndDevelopmentExpenses": 0,
    "generalAndAdministrativeExpenses": 0,
    "sellingAndMarketingExpenses": 0,
    "sellingGeneralAndAdministrativeExpenses": 286311000,
    "otherExpenses": -1074000,
    "operatingExpenses": 285237000,
    "costAndExpenses": 925257000,
    "interestIncome": 0,
    "interestExpense": 0,
    "depreciationAndAmortization": 64010000,
    "ebitda": 186522000,
    "ebitdaratio": 0.1821559051,
    "operatingIncome": 122512000,
    "operatingIncomeRatio": 0.119644247,
    "totalOtherIncomeExpensesNet": -15787000,
    "incomeBeforeTax": 106725000,
    "incomeBeforeTaxRatio": 0.1042267881,
    "incomeTaxExpense": 39109000,
    "netIncome": 67616000,
    "netIncomeRatio": 0.0660332491,
    "eps": 0.94,
    "epsdiluted": 0.92,
    "weightedAverageShsOut": 72234000,
    "weightedAverageShsOutDil": 73368000,
    "link": "https://www.sec.gov/Archives/edgar/data/24545/000095013402010120/0000950134-02-010120-index.htm",
    "finalLink": "https://www.sec.gov/Archives/edgar/data/24545/000095013402010120/d99113e10vq.txt"
  },
  {
    "date": "2002-03-31",
    "symbol": "TAP",
    "reportedCurrency": "USD",
    "cik": "0000024545",
    "fillingDate": "2002-05-15",
    "acceptedDate": "2002-05-15 16:48:50",
    "calendarYear": "2002",
    "period": "Q1",
    "revenue": 739322000,
    "costOfRevenue": 482344000,
    "grossProfit": 263478000,
    "grossProfitRatio": 0.3563778705,
    "researchAndDevelopmentExpenses": 0,
    "generalAndAdministrativeExpenses": 0,
    "sellingAndMarketingExpenses": 0,
    "sellingGeneralAndAdministrativeExpenses": 215414000,
    "otherExpenses": 2876000,
    "operatingExpenses": 218290000,
    "costAndExpenses": 700634000,
    "interestIncome": 0,
    "interestExpense": 0,
    "depreciationAndAmortization": 44710000,
    "ebitda": 89898000,
    "ebitdaratio": 0.1215951913,
    "operatingIncome": 45188000,
    "operatingIncomeRatio": 0.0611208648,
    "totalOtherIncomeExpensesNet": -222000,
    "incomeBeforeTax": 44966000,
    "incomeBeforeTaxRatio": 0.0608205897,
    "incomeTaxExpense": 17763000,
    "netIncome": 27203000,
    "netIncomeRatio": 0.0367945225,
    "eps": 0.38,
    "epsdiluted": 0.38,
    "weightedAverageShsOut": 71946000,
    "weightedAverageShsOutDil": 72540000,
    "link": "https://www.sec.gov/Archives/edgar/data/24545/000002454502000005/0000024545-02-000005-index.htm",
    "finalLink": "https://www.sec.gov/Archives/edgar/data/24545/000002454502000005/edgar1q02.txt"
  },
  {
    "date": "2001-12-30",
    "symbol": "TAP",
    "reportedCurrency": "USD",
    "cik": "0000024545",
    "fillingDate": "2002-03-29",
    "acceptedDate": "2002-03-29 00:00:00",
    "calendarYear": "2001",
    "period": "Q4",
    "revenue": 558399000,
    "costOfRevenue": 359284000,
    "grossProfit": 199115000,
    "grossProfitRatio": 0.3565819423,
    "researchAndDevelopmentExpenses": 0,
    "generalAndAdministrativeExpenses": 0,
    "sellingAndMarketingExpenses": 0,
    "sellingGeneralAndAdministrativeExpenses": 172947000,
    "otherExpenses": 4417000,
    "operatingExpenses": 177364000,
    "costAndExpenses": 536648000,
    "interestIncome": 0,
    "interestExpense": 0,
    "depreciationAndAmortization": 31093000,
    "ebitda": 76018000,
    "ebitdaratio": 0.1361356306,
    "operatingIncome": 21751000,
    "operatingIncomeRatio": 0.0389524337,
    "totalOtherIncomeExpensesNet": 3763000,
    "incomeBeforeTax": 25514000,
    "incomeBeforeTaxRatio": 0.0456913426,
    "incomeTaxExpense": 9646000,
    "netIncome": 15868000,
    "netIncomeRatio": 0.0284169563,
    "eps": 0.22,
    "epsdiluted": 0.22,
    "weightedAverageShsOut": 71946000,
    "weightedAverageShsOutDil": 72540000,
    "link": "https://www.sec.gov/Archives/edgar/data/24545/000002454502000003/0000024545-02-000003-index.htm",
    "finalLink": "https://www.sec.gov/Archives/edgar/data/24545/000002454502000003/edgar10k.txt"
  },
  {
    "date": "2001-09-30",
    "symbol": "TAP",
    "reportedCurrency": "USD",
    "cik": "0000024545",
    "fillingDate": "2001-11-08",
    "acceptedDate": "2001-11-08 00:00:00",
    "calendarYear": "2001",
    "period": "Q3",
    "revenue": 634663000,
    "costOfRevenue": 402306000,
    "grossProfit": 232357000,
    "grossProfitRatio": 0.3661108336,
    "researchAndDevelopmentExpenses": 0,
    "generalAndAdministrativeExpenses": 0,
    "sellingAndMarketingExpenses": 0,
    "sellingGeneralAndAdministrativeExpenses": 179537000,
    "otherExpenses": 17673000,
    "operatingExpenses": 197210000,
    "costAndExpenses": 599516000,
    "interestIncome": 0,
    "interestExpense": 0,
    "depreciationAndAmortization": 29979000,
    "ebitda": 82799000,
    "ebitdaratio": 0.130461363,
    "operatingIncome": 35147000,
    "operatingIncomeRatio": 0.0553789964,
    "totalOtherIncomeExpensesNet": 27570000,
    "incomeBeforeTax": 62717000,
    "incomeBeforeTaxRatio": 0.0988193734,
    "incomeTaxExpense": 23801000,
    "netIncome": 38916000,
    "netIncomeRatio": 0.0613175811,
    "eps": 0.53,
    "epsdiluted": 0.53,
    "weightedAverageShsOut": 74144000,
    "weightedAverageShsOutDil": 74474000,
    "link": "https://www.sec.gov/Archives/edgar/data/24545/000002454501500013/0000024545-01-500013-index.htm",
    "finalLink": "https://www.sec.gov/Archives/edgar/data/24545/000002454501500013/edgar20013q10q.txt"
  },
  {
    "date": "2001-07-01",
    "symbol": "TAP",
    "reportedCurrency": "USD",
    "cik": "0000024545",
    "fillingDate": "2001-08-10",
    "acceptedDate": "2001-08-10 00:00:00",
    "calendarYear": "2001",
    "period": "Q2",
    "revenue": 692700000,
    "costOfRevenue": 424880000,
    "grossProfit": 267820000,
    "grossProfitRatio": 0.3866320196,
    "researchAndDevelopmentExpenses": 0,
    "generalAndAdministrativeExpenses": 0,
    "sellingAndMarketingExpenses": 0,
    "sellingGeneralAndAdministrativeExpenses": 194618000,
    "otherExpenses": 1084000,
    "operatingExpenses": 195702000,
    "costAndExpenses": 620582000,
    "interestIncome": 0,
    "interestExpense": 0,
    "depreciationAndAmortization": 29497000,
    "ebitda": 102699000,
    "ebitdaratio": 0.1482589866,
    "operatingIncome": 72118000,
    "operatingIncomeRatio": 0.104111448,
    "totalOtherIncomeExpensesNet": 8102000,
    "incomeBeforeTax": 80220000,
    "incomeBeforeTaxRatio": 0.115807709,
    "incomeTaxExpense": 30368000,
    "netIncome": 49852000,
    "netIncomeRatio": 0.0719676628,
    "eps": 0.67,
    "epsdiluted": 0.67,
    "weightedAverageShsOut": 74568000,
    "weightedAverageShsOutDil": 75040000,
    "link": "https://www.sec.gov/Archives/edgar/data/24545/000002454501500010/0000024545-01-500010-index.htm",
    "finalLink": "https://www.sec.gov/Archives/edgar/data/24545/000002454501500010/edgar20012q10q.txt"
  },
  {
    "date": "2001-04-01",
    "symbol": "TAP",
    "reportedCurrency": "USD",
    "cik": "0000024545",
    "fillingDate": "2001-05-14",
    "acceptedDate": "2001-05-14 00:00:00",
    "calendarYear": "2001",
    "period": "Q1",
    "revenue": 543700000,
    "costOfRevenue": 351153000,
    "grossProfit": 192547000,
    "grossProfitRatio": 0.3541419901,
    "researchAndDevelopmentExpenses": 0,
    "generalAndAdministrativeExpenses": 0,
    "sellingAndMarketingExpenses": 0,
    "sellingGeneralAndAdministrativeExpenses": 169958000,
    "otherExpenses": 0,
    "operatingExpenses": 169958000,
    "costAndExpenses": 521111000,
    "interestIncome": 0,
    "interestExpense": 0,
    "depreciationAndAmortization": 30522000,
    "ebitda": 53111000,
    "ebitdaratio": 0.0976843848,
    "operatingIncome": 22589000,
    "operatingIncomeRatio": 0.0415468089,
    "totalOtherIncomeExpensesNet": 6973000,
    "incomeBeforeTax": 29562000,
    "incomeBeforeTaxRatio": 0.0543718963,
    "incomeTaxExpense": 11234000,
    "netIncome": 18328000,
    "netIncomeRatio": 0.0337097664,
    "eps": 0.25,
    "epsdiluted": 0.25,
    "weightedAverageShsOut": 74406000,
    "weightedAverageShsOutDil": 75376000,
    "link": "https://www.sec.gov/Archives/edgar/data/24545/000002454501500007/0000024545-01-500007-index.htm",
    "finalLink": "https://www.sec.gov/Archives/edgar/data/24545/000002454501500007/edgar20011q10q.txt"
  },
  {
    "date": "2000-12-31",
    "symbol": "TAP",
    "reportedCurrency": "USD",
    "cik": "0000024545",
    "fillingDate": "2001-04-02",
    "acceptedDate": "2001-04-02 00:00:00",
    "calendarYear": "2000",
    "period": "Q4",
    "revenue": 732539000,
    "costOfRevenue": 531468000,
    "grossProfit": 201071000,
    "grossProfitRatio": 0.2744850445,
    "researchAndDevelopmentExpenses": 0,
    "generalAndAdministrativeExpenses": 0,
    "sellingAndMarketingExpenses": 0,
    "sellingGeneralAndAdministrativeExpenses": 183771000,
    "otherExpenses": 5155000,
    "operatingExpenses": 188926000,
    "costAndExpenses": 720394000,
    "interestIncome": 0,
    "interestExpense": 0,
    "depreciationAndAmortization": 33293000,
    "ebitda": 45438000,
    "ebitdaratio": 0.0620280968,
    "operatingIncome": 12145000,
    "operatingIncomeRatio": 0.0165793221,
    "totalOtherIncomeExpensesNet": 7164000,
    "incomeBeforeTax": 19309000,
    "incomeBeforeTaxRatio": 0.0263590061,
    "incomeTaxExpense": 7347000,
    "netIncome": 11962000,
    "netIncomeRatio": 0.016329506,
    "eps": 0.16,
    "epsdiluted": 0.16,
    "weightedAverageShsOut": 74406000,
    "weightedAverageShsOutDil": 75376000,
    "link": "https://www.sec.gov/Archives/edgar/data/24545/000002454501500005/0000024545-01-500005-index.htm",
    "finalLink": "https://www.sec.gov/Archives/edgar/data/24545/000002454501500005/edgar200010k.txt"
  },
  {
    "date": "2000-09-24",
    "symbol": "TAP",
    "reportedCurrency": "USD",
    "cik": "0000024545",
    "fillingDate": "2000-10-27",
    "acceptedDate": "2000-10-27 00:00:00",
    "calendarYear": "2000",
    "period": "Q3",
    "revenue": 603275000,
    "costOfRevenue": 359513000,
    "grossProfit": 243762000,
    "grossProfitRatio": 0.4040644814,
    "researchAndDevelopmentExpenses": 0,
    "generalAndAdministrativeExpenses": 0,
    "sellingAndMarketingExpenses": 0,
    "sellingGeneralAndAdministrativeExpenses": 197702000,
    "otherExpenses": -5442000,
    "operatingExpenses": 192260000,
    "costAndExpenses": 551773000,
    "interestIncome": 0,
    "interestExpense": 0,
    "depreciationAndAmortization": 31827000,
    "ebitda": 83329000,
    "ebitdaratio": 0.1381277195,
    "operatingIncome": 51502000,
    "operatingIncomeRatio": 0.085370685,
    "totalOtherIncomeExpensesNet": 4131000,
    "incomeBeforeTax": 55633000,
    "incomeBeforeTaxRatio": 0.0922183084,
    "incomeTaxExpense": 21141000,
    "netIncome": 34492000,
    "netIncomeRatio": 0.0571745887,
    "eps": 0.47,
    "epsdiluted": 0.46,
    "weightedAverageShsOut": 73722000,
    "weightedAverageShsOutDil": 75114000,
    "link": "https://www.sec.gov/Archives/edgar/data/24545/000002454500000013/0000024545-00-000013-index.htm",
    "finalLink": "https://www.sec.gov/Archives/edgar/data/24545/000002454500000013/0000024545-00-000013-0001.txt"
  },
  {
    "date": "2000-06-25",
    "symbol": "TAP",
    "reportedCurrency": "USD",
    "cik": "0000024545",
    "fillingDate": "2000-08-09",
    "acceptedDate": "2000-08-09 00:00:00",
    "calendarYear": "2000",
    "period": "Q2",
    "revenue": 614149000,
    "costOfRevenue": 348906000,
    "grossProfit": 265243000,
    "grossProfitRatio": 0.4318870502,
    "researchAndDevelopmentExpenses": 0,
    "generalAndAdministrativeExpenses": 0,
    "sellingAndMarketingExpenses": 0,
    "sellingGeneralAndAdministrativeExpenses": 183632000,
    "otherExpenses": 15502000,
    "operatingExpenses": 199134000,
    "costAndExpenses": 548040000,
    "interestIncome": 0,
    "interestExpense": 0,
    "depreciationAndAmortization": 33560000,
    "ebitda": 99669000,
    "ebitdaratio": 0.162287979,
    "operatingIncome": 66109000,
    "operatingIncomeRatio": 0.1076432592,
    "totalOtherIncomeExpensesNet": 4378000,
    "incomeBeforeTax": 70487000,
    "incomeBeforeTaxRatio": 0.1147718225,
    "incomeTaxExpense": 22143000,
    "netIncome": 48344000,
    "netIncomeRatio": 0.078717054,
    "eps": 0.66,
    "epsdiluted": 0.65,
    "weightedAverageShsOut": 73424000,
    "weightedAverageShsOutDil": 74670000,
    "link": "https://www.sec.gov/Archives/edgar/data/24545/000002454500000011/0000024545-00-000011-index.htm",
    "finalLink": "https://www.sec.gov/Archives/edgar/data/24545/000002454500000011/0000024545-00-000011-0001.txt"
  },
  {
    "date": "2000-03-26",
    "symbol": "TAP",
    "reportedCurrency": "USD",
    "cik": "0000024545",
    "fillingDate": "2000-05-10",
    "acceptedDate": "2000-05-10 00:00:00",
    "calendarYear": "2000",
    "period": "Q1",
    "revenue": 464452000,
    "costOfRevenue": 285942000,
    "grossProfit": 178510000,
    "grossProfitRatio": 0.3843454221,
    "researchAndDevelopmentExpenses": 0,
    "generalAndAdministrativeExpenses": 0,
    "sellingAndMarketingExpenses": 0,
    "sellingGeneralAndAdministrativeExpenses": 157640000,
    "otherExpenses": 0,
    "operatingExpenses": 157640000,
    "costAndExpenses": 443582000,
    "interestIncome": 0,
    "interestExpense": 0,
    "depreciationAndAmortization": 30603000,
    "ebitda": 51473000,
    "ebitdaratio": 0.1108252306,
    "operatingIncome": 20870000,
    "operatingIncomeRatio": 0.0449346757,
    "totalOtherIncomeExpensesNet": 3226000,
    "incomeBeforeTax": 24096000,
    "incomeBeforeTaxRatio": 0.0518804957,
    "incomeTaxExpense": 9277000,
    "netIncome": 14819000,
    "netIncomeRatio": 0.0319064187,
    "eps": 0.2,
    "epsdiluted": 0.2,
    "weightedAverageShsOut": 73326000,
    "weightedAverageShsOutDil": 74432000,
    "link": "https://www.sec.gov/Archives/edgar/data/24545/000002454500000005/0000024545-00-000005-index.html",
    "finalLink": "https://www.sec.gov/Archives/edgar/data/24545/000002454500000005/"
  },
  {
    "date": "1999-12-26",
    "symbol": "TAP",
    "reportedCurrency": "USD",
    "cik": "0000024545",
    "fillingDate": "2000-03-24",
    "acceptedDate": "2000-03-24 00:00:00",
    "calendarYear": "1999",
    "period": "Q4",
    "revenue": 497191000,
    "costOfRevenue": 307825000,
    "grossProfit": 189366000,
    "grossProfitRatio": 0.3808717374,
    "researchAndDevelopmentExpenses": 0,
    "generalAndAdministrativeExpenses": 0,
    "sellingAndMarketingExpenses": 0,
    "sellingGeneralAndAdministrativeExpenses": 172692000,
    "otherExpenses": 0,
    "operatingExpenses": 172692000,
    "costAndExpenses": 480517000,
    "interestIncome": 0,
    "interestExpense": 0,
    "depreciationAndAmortization": 31464000,
    "ebitda": 48138000,
    "ebitdaratio": 0.0968199344,
    "operatingIncome": 16674000,
    "operatingIncomeRatio": 0.0335364075,
    "totalOtherIncomeExpensesNet": 3302000,
    "incomeBeforeTax": 19976000,
    "incomeBeforeTaxRatio": 0.0401777184,
    "incomeTaxExpense": 7740000,
    "netIncome": 12236000,
    "netIncomeRatio": 0.0246102604,
    "eps": 0.17,
    "epsdiluted": 0.16,
    "weightedAverageShsOut": 73326000,
    "weightedAverageShsOutDil": 74432000,
    "link": "https://www.sec.gov/Archives/edgar/data/24545/000002454500000003/0000024545-00-000003-index.html",
    "finalLink": "https://www.sec.gov/Archives/edgar/data/24545/000002454500000003/"
  },
  {
    "date": "1999-09-26",
    "symbol": "TAP",
    "reportedCurrency": "USD",
    "cik": "0000024545",
    "fillingDate": "1999-11-10",
    "acceptedDate": "1999-11-10 00:00:00",
    "calendarYear": "1999",
    "period": "Q3",
    "revenue": 544025000,
    "costOfRevenue": 320538000,
    "grossProfit": 223487000,
    "grossProfitRatio": 0.4108028124,
    "researchAndDevelopmentExpenses": 0,
    "generalAndAdministrativeExpenses": 0,
    "sellingAndMarketingExpenses": 0,
    "sellingGeneralAndAdministrativeExpenses": 184305000,
    "otherExpenses": 5705000,
    "operatingExpenses": 190010000,
    "costAndExpenses": 510548000,
    "interestIncome": 0,
    "interestExpense": 0,
    "depreciationAndAmortization": 27940000,
    "ebitda": 67122000,
    "ebitdaratio": 0.1233803594,
    "operatingIncome": 33477000,
    "operatingIncomeRatio": 0.061535775,
    "totalOtherIncomeExpensesNet": 2173000,
    "incomeBeforeTax": 35650000,
    "incomeBeforeTaxRatio": 0.0655300767,
    "incomeTaxExpense": 13814000,
    "netIncome": 21836000,
    "netIncomeRatio": 0.0401378613,
    "eps": 0.3,
    "epsdiluted": 0.29,
    "weightedAverageShsOut": 73494000,
    "weightedAverageShsOutDil": 74866000,
    "link": "https://www.sec.gov/Archives/edgar/data/24545/000002454599000013/0000024545-99-000013-index.html",
    "finalLink": "https://www.sec.gov/Archives/edgar/data/24545/000002454599000013/"
  },
  {
    "date": "1999-06-27",
    "symbol": "TAP",
    "reportedCurrency": "USD",
    "cik": "0000024545",
    "fillingDate": "1999-08-11",
    "acceptedDate": "1999-08-11 00:00:00",
    "calendarYear": "1999",
    "period": "Q2",
    "revenue": 575568000,
    "costOfRevenue": 315220000,
    "grossProfit": 260348000,
    "grossProfitRatio": 0.4523323048,
    "researchAndDevelopmentExpenses": 0,
    "generalAndAdministrativeExpenses": 0,
    "sellingAndMarketingExpenses": 0,
    "sellingGeneralAndAdministrativeExpenses": 186638000,
    "otherExpenses": 0,
    "operatingExpenses": 186638000,
    "costAndExpenses": 501858000,
    "interestIncome": 0,
    "interestExpense": 0,
    "depreciationAndAmortization": 33792000,
    "ebitda": 107502000,
    "ebitdaratio": 0.1867754983,
    "operatingIncome": 73710000,
    "operatingIncomeRatio": 0.1280647986,
    "totalOtherIncomeExpensesNet": 1769000,
    "incomeBeforeTax": 75479000,
    "incomeBeforeTaxRatio": 0.1311382843,
    "incomeTaxExpense": 29248000,
    "netIncome": 46231000,
    "netIncomeRatio": 0.0803223946,
    "eps": 0.63,
    "epsdiluted": 0.62,
    "weightedAverageShsOut": 73482000,
    "weightedAverageShsOutDil": 74870000,
    "link": "https://www.sec.gov/Archives/edgar/data/24545/000002454599000010/0000024545-99-000010-index.html",
    "finalLink": "https://www.sec.gov/Archives/edgar/data/24545/000002454599000010/"
  },
  {
    "date": "1999-03-28",
    "symbol": "TAP",
    "reportedCurrency": "USD",
    "cik": "0000024545",
    "fillingDate": "1999-05-12",
    "acceptedDate": "1999-05-12 00:00:00",
    "calendarYear": "1999",
    "period": "Q1",
    "revenue": 439862000,
    "costOfRevenue": 272382000,
    "grossProfit": 167480000,
    "grossProfitRatio": 0.3807557825,
    "researchAndDevelopmentExpenses": 0,
    "generalAndAdministrativeExpenses": 0,
    "sellingAndMarketingExpenses": 0,
    "sellingGeneralAndAdministrativeExpenses": 149358000,
    "otherExpenses": 0,
    "operatingExpenses": 149358000,
    "costAndExpenses": 421740000,
    "interestIncome": 0,
    "interestExpense": 0,
    "depreciationAndAmortization": 30574000,
    "ebitda": 48696000,
    "ebitdaratio": 0.1107074492,
    "operatingIncome": 18122000,
    "operatingIncomeRatio": 0.0411992852,
    "totalOtherIncomeExpensesNet": 1440000,
    "incomeBeforeTax": 19562000,
    "incomeBeforeTaxRatio": 0.0444730393,
    "incomeTaxExpense": 7580000,
    "netIncome": 11982000,
    "netIncomeRatio": 0.0272403617,
    "eps": 0.17,
    "epsdiluted": 0.16,
    "weightedAverageShsOut": 73318000,
    "weightedAverageShsOutDil": 75104000,
    "link": "https://www.sec.gov/Archives/edgar/data/24545/000002454599000007/0000024545-99-000007-index.html",
    "finalLink": "https://www.sec.gov/Archives/edgar/data/24545/"
  },
  {
    "date": "1998-12-27",
    "symbol": "TAP",
    "reportedCurrency": "USD",
    "cik": "0000024545",
    "fillingDate": "1999-03-29",
    "acceptedDate": "1999-03-29 00:00:00",
    "calendarYear": "1998",
    "period": "Q4",
    "revenue": 444084000,
    "costOfRevenue": 278131000,
    "grossProfit": 165953000,
    "grossProfitRatio": 0.3736973185,
    "researchAndDevelopmentExpenses": 0,
    "generalAndAdministrativeExpenses": 0,
    "sellingAndMarketingExpenses": 0,
    "sellingGeneralAndAdministrativeExpenses": 155397000,
    "otherExpenses": 0,
    "operatingExpenses": 155397000,
    "costAndExpenses": 433528000,
    "interestIncome": 0,
    "interestExpense": 0,
    "depreciationAndAmortization": 29147000,
    "ebitda": 39703000,
    "ebitdaratio": 0.0894042569,
    "operatingIncome": 10556000,
    "operatingIncomeRatio": 0.0237702777,
    "totalOtherIncomeExpensesNet": 4798000,
    "incomeBeforeTax": 15354000,
    "incomeBeforeTaxRatio": 0.03457454,
    "incomeTaxExpense": 5975000,
    "netIncome": 9379000,
    "netIncomeRatio": 0.0211198782,
    "eps": 0.13,
    "epsdiluted": 0.13,
    "weightedAverageShsOut": 73318000,
    "weightedAverageShsOutDil": 75104000,
    "link": "https://www.sec.gov/Archives/edgar/data/24545/000002454599000005/0000024545-99-000005-index.html",
    "finalLink": "https://www.sec.gov/Archives/edgar/data/24545/"
  },
  {
    "date": "1998-09-27",
    "symbol": "TAP",
    "reportedCurrency": "USD",
    "cik": "0000024545",
    "fillingDate": "1998-11-12",
    "acceptedDate": "1998-11-12 00:00:00",
    "calendarYear": "1998",
    "period": "Q3",
    "revenue": 499360000,
    "costOfRevenue": 309482000,
    "grossProfit": 189878000,
    "grossProfitRatio": 0.3802427107,
    "researchAndDevelopmentExpenses": 0,
    "generalAndAdministrativeExpenses": 0,
    "sellingAndMarketingExpenses": 0,
    "sellingGeneralAndAdministrativeExpenses": 156869000,
    "otherExpenses": 19395000,
    "operatingExpenses": 176264000,
    "costAndExpenses": 485746000,
    "interestIncome": 0,
    "interestExpense": 0,
    "depreciationAndAmortization": 28897000,
    "ebitda": 42511000,
    "ebitdaratio": 0.0851309676,
    "operatingIncome": 13614000,
    "operatingIncomeRatio": 0.0272628965,
    "totalOtherIncomeExpensesNet": 1273000,
    "incomeBeforeTax": 14887000,
    "incomeBeforeTaxRatio": 0.0298121596,
    "incomeTaxExpense": 5806000,
    "netIncome": 9081000,
    "netIncomeRatio": 0.0181852772,
    "eps": 0.13,
    "epsdiluted": 0.12,
    "weightedAverageShsOut": 72436000,
    "weightedAverageShsOutDil": 74948000,
    "link": "https://www.sec.gov/Archives/edgar/data/24545/000002454598000018/0000024545-98-000018-index.html",
    "finalLink": "https://www.sec.gov/Archives/edgar/data/24545/"
  },
  {
    "date": "1998-06-28",
    "symbol": "TAP",
    "reportedCurrency": "USD",
    "cik": "0000024545",
    "fillingDate": "1998-08-12",
    "acceptedDate": "1998-08-12 00:00:00",
    "calendarYear": "1998",
    "period": "Q2",
    "revenue": 541944000,
    "costOfRevenue": 309347000,
    "grossProfit": 232597000,
    "grossProfitRatio": 0.4291901008,
    "researchAndDevelopmentExpenses": 0,
    "generalAndAdministrativeExpenses": 0,
    "sellingAndMarketingExpenses": 0,
    "sellingGeneralAndAdministrativeExpenses": 167944000,
    "otherExpenses": 0,
    "operatingExpenses": 167944000,
    "costAndExpenses": 477291000,
    "interestIncome": 0,
    "interestExpense": 0,
    "depreciationAndAmortization": 29309000,
    "ebitda": 93962000,
    "ebitdaratio": 0.1733795374,
    "operatingIncome": 64653000,
    "operatingIncomeRatio": 0.1192983039,
    "totalOtherIncomeExpensesNet": 163000,
    "incomeBeforeTax": 64816000,
    "incomeBeforeTaxRatio": 0.119599073,
    "incomeTaxExpense": 25278000,
    "netIncome": 39538000,
    "netIncomeRatio": 0.0729558774,
    "eps": 0.55,
    "epsdiluted": 0.53,
    "weightedAverageShsOut": 72316000,
    "weightedAverageShsOutDil": 74640000,
    "link": "https://www.sec.gov/Archives/edgar/data/24545/000002454598000013/0000024545-98-000013-index.html",
    "finalLink": "https://www.sec.gov/Archives/edgar/data/24545/"
  },
  {
    "date": "1998-03-29",
    "symbol": "TAP",
    "reportedCurrency": "USD",
    "cik": "0000024545",
    "fillingDate": "1998-05-12",
    "acceptedDate": "1998-05-12 00:00:00",
    "calendarYear": "1998",
    "period": "Q1",
    "revenue": 414145000,
    "costOfRevenue": 261927000,
    "grossProfit": 152218000,
    "grossProfitRatio": 0.3675475981,
    "researchAndDevelopmentExpenses": 0,
    "generalAndAdministrativeExpenses": 0,
    "sellingAndMarketingExpenses": 0,
    "sellingGeneralAndAdministrativeExpenses": 137222000,
    "otherExpenses": 0,
    "operatingExpenses": 137222000,
    "costAndExpenses": 399149000,
    "interestIncome": 0,
    "interestExpense": 0,
    "depreciationAndAmortization": 28462000,
    "ebitda": 43458000,
    "ebitdaratio": 0.1049342622,
    "operatingIncome": 14996000,
    "operatingIncomeRatio": 0.0362095401,
    "totalOtherIncomeExpensesNet": 1047000,
    "incomeBeforeTax": 16043000,
    "incomeBeforeTaxRatio": 0.0387376402,
    "incomeTaxExpense": 6257000,
    "netIncome": 9786000,
    "netIncomeRatio": 0.0236294052,
    "eps": 0.14,
    "epsdiluted": 0.13,
    "weightedAverageShsOut": 72836000,
    "weightedAverageShsOutDil": 74830000,
    "link": "https://www.sec.gov/Archives/edgar/data/24545/000002454598000004/0000024545-98-000004-index.html",
    "finalLink": "https://www.sec.gov/Archives/edgar/data/24545/"
  },
  {
    "date": "1997-12-28",
    "symbol": "TAP",
    "reportedCurrency": "USD",
    "cik": "0000024545",
    "fillingDate": "1998-03-30",
    "acceptedDate": "1998-03-30 00:00:00",
    "calendarYear": "1997",
    "period": "Q4",
    "revenue": 412631000,
    "costOfRevenue": 266179000,
    "grossProfit": 146452000,
    "grossProfitRatio": 0.3549224368,
    "researchAndDevelopmentExpenses": 0,
    "generalAndAdministrativeExpenses": 0,
    "sellingAndMarketingExpenses": 0,
    "sellingGeneralAndAdministrativeExpenses": 148613000,
    "otherExpenses": -10374000,
    "operatingExpenses": 138239000,
    "costAndExpenses": 404418000,
    "interestIncome": 0,
    "interestExpense": 0,
    "depreciationAndAmortization": 28903000,
    "ebitda": 37116000,
    "ebitdaratio": 0.089949616,
    "operatingIncome": 8213000,
    "operatingIncomeRatio": 0.019903982,
    "totalOtherIncomeExpensesNet": 2070000,
    "incomeBeforeTax": 10283000,
    "incomeBeforeTaxRatio": 0.0249205707,
    "incomeTaxExpense": 4525000,
    "netIncome": 5758000,
    "netIncomeRatio": 0.0139543563,
    "eps": 0.08,
    "epsdiluted": 0.078,
    "weightedAverageShsOut": 72836000,
    "weightedAverageShsOutDil": 74830000,
    "link": "https://www.sec.gov/Archives/edgar/data/24545/000002454598000002/0000024545-98-000002-index.html",
    "finalLink": "https://www.sec.gov/Archives/edgar/data/24545/"
  },
  {
    "date": "1997-09-28",
    "symbol": "TAP",
    "reportedCurrency": "USD",
    "cik": "0000024545",
    "fillingDate": "1997-11-12",
    "acceptedDate": "1997-11-12 00:00:00",
    "calendarYear": "1997",
    "period": "Q3",
    "revenue": 489699000,
    "costOfRevenue": 298769000,
    "grossProfit": 190930000,
    "grossProfitRatio": 0.3898925667,
    "researchAndDevelopmentExpenses": 3998000,
    "generalAndAdministrativeExpenses": 0,
    "sellingAndMarketingExpenses": 0,
    "sellingGeneralAndAdministrativeExpenses": 155273000,
    "otherExpenses": 0,
    "operatingExpenses": 159271000,
    "costAndExpenses": 458040000,
    "interestIncome": 0,
    "interestExpense": 0,
    "depreciationAndAmortization": 29100000,
    "ebitda": 60759000,
    "ebitdaratio": 0.1240741762,
    "operatingIncome": 31659000,
    "operatingIncomeRatio": 0.0646499176,
    "totalOtherIncomeExpensesNet": -519000,
    "incomeBeforeTax": 31140000,
    "incomeBeforeTaxRatio": 0.0635900829,
    "incomeTaxExpense": 13701000,
    "netIncome": 17439000,
    "netIncomeRatio": 0.0356116717,
    "eps": 0.24,
    "epsdiluted": 0.23,
    "weightedAverageShsOut": 73978000,
    "weightedAverageShsOutDil": 76212000,
    "link": "https://www.sec.gov/Archives/edgar/data/24545/000002454597000010/0000024545-97-000010-index.html",
    "finalLink": "https://www.sec.gov/Archives/edgar/data/24545/"
  },
  {
    "date": "1997-06-29",
    "symbol": "TAP",
    "reportedCurrency": "USD",
    "cik": "0000024545",
    "fillingDate": "1997-08-13",
    "acceptedDate": "1997-08-13 00:00:00",
    "calendarYear": "1997",
    "period": "Q2",
    "revenue": 520826000,
    "costOfRevenue": 300663000,
    "grossProfit": 220163000,
    "grossProfitRatio": 0.4227189119,
    "researchAndDevelopmentExpenses": 3560000,
    "generalAndAdministrativeExpenses": 0,
    "sellingAndMarketingExpenses": 0,
    "sellingGeneralAndAdministrativeExpenses": 156307000,
    "otherExpenses": -32515000,
    "operatingExpenses": 127352000,
    "costAndExpenses": 428015000,
    "interestIncome": 0,
    "interestExpense": 0,
    "depreciationAndAmortization": 28882000,
    "ebitda": 121693000,
    "ebitdaratio": 0.2336538498,
    "operatingIncome": 92811000,
    "operatingIncomeRatio": 0.1781996291,
    "totalOtherIncomeExpensesNet": -977000,
    "incomeBeforeTax": 91834000,
    "incomeBeforeTaxRatio": 0.1763237626,
    "incomeTaxExpense": 40816000,
    "netIncome": 51018000,
    "netIncomeRatio": 0.0979559392,
    "eps": 0.68,
    "epsdiluted": 0.68,
    "weightedAverageShsOut": 74784000,
    "weightedAverageShsOutDil": 74784000,
    "link": "https://www.sec.gov/Archives/edgar/data/24545/000002454597000008/0000024545-97-000008-index.html",
    "finalLink": "https://www.sec.gov/Archives/edgar/data/24545/"
  },
  {
    "date": "1997-03-30",
    "symbol": "TAP",
    "reportedCurrency": "USD",
    "cik": "0000024545",
    "fillingDate": "1997-05-14",
    "acceptedDate": "1997-05-14 00:00:00",
    "calendarYear": "1997",
    "period": "Q1",
    "revenue": 398995000,
    "costOfRevenue": 255167000,
    "grossProfit": 143828000,
    "grossProfitRatio": 0.3604756952,
    "researchAndDevelopmentExpenses": 2816000,
    "generalAndAdministrativeExpenses": 0,
    "sellingAndMarketingExpenses": 0,
    "sellingGeneralAndAdministrativeExpenses": 125298000,
    "otherExpenses": 998000,
    "operatingExpenses": 129112000,
    "costAndExpenses": 384279000,
    "interestIncome": 0,
    "interestExpense": 0,
    "depreciationAndAmortization": 30281000,
    "ebitda": 44997000,
    "ebitdaratio": 0.1127758493,
    "operatingIncome": 14716000,
    "operatingIncomeRatio": 0.0368826677,
    "totalOtherIncomeExpensesNet": -1080000,
    "incomeBeforeTax": 13636000,
    "incomeBeforeTaxRatio": 0.0341758669,
    "incomeTaxExpense": 5591000,
    "netIncome": 8045000,
    "netIncomeRatio": 0.0201631599,
    "eps": 0.11,
    "epsdiluted": 0.11,
    "weightedAverageShsOut": 75564000,
    "weightedAverageShsOutDil": 75564000,
    "link": "https://www.sec.gov/Archives/edgar/data/24545/000002454597000006/0000024545-97-000006-index.html",
    "finalLink": "https://www.sec.gov/Archives/edgar/data/24545/"
  },
  {
    "date": "1996-12-29",
    "symbol": "TAP",
    "reportedCurrency": "USD",
    "cik": "0000024545",
    "fillingDate": "1997-03-28",
    "acceptedDate": "1997-03-28 00:00:00",
    "calendarYear": "1996",
    "period": "Q4",
    "revenue": 407565000,
    "costOfRevenue": 260265000,
    "grossProfit": 147300000,
    "grossProfitRatio": 0.3614147437,
    "researchAndDevelopmentExpenses": 3997000,
    "generalAndAdministrativeExpenses": 0,
    "sellingAndMarketingExpenses": 0,
    "sellingGeneralAndAdministrativeExpenses": 129172000,
    "otherExpenses": 7853000,
    "operatingExpenses": 141022000,
    "costAndExpenses": 401287000,
    "interestIncome": 0,
    "interestExpense": 0,
    "depreciationAndAmortization": 30698000,
    "ebitda": 36976000,
    "ebitdaratio": 0.090724179,
    "operatingIncome": 6278000,
    "operatingIncomeRatio": 0.0154036779,
    "totalOtherIncomeExpensesNet": 656000,
    "incomeBeforeTax": 6934000,
    "incomeBeforeTaxRatio": 0.0170132372,
    "incomeTaxExpense": 2973000,
    "netIncome": 3961000,
    "netIncomeRatio": 0.0097186952,
    "eps": 0.053,
    "epsdiluted": 0.053,
    "weightedAverageShsOut": 75564000,
    "weightedAverageShsOutDil": 75564000,
    "link": "https://www.sec.gov/Archives/edgar/data/24545/000002454597000002/0000024545-97-000002-index.html",
    "finalLink": "https://www.sec.gov/Archives/edgar/data/24545/"
  },
  {
    "date": "1996-09-29",
    "symbol": "TAP",
    "reportedCurrency": "USD",
    "cik": "0000024545",
    "fillingDate": "1996-11-13",
    "acceptedDate": "1996-11-13 00:00:00",
    "calendarYear": "1996",
    "period": "Q3",
    "revenue": 453513000,
    "costOfRevenue": 289357000,
    "grossProfit": 164156000,
    "grossProfitRatio": 0.3619653681,
    "researchAndDevelopmentExpenses": 3124000,
    "generalAndAdministrativeExpenses": 0,
    "sellingAndMarketingExpenses": 0,
    "sellingGeneralAndAdministrativeExpenses": 134043000,
    "otherExpenses": -6712000,
    "operatingExpenses": 130455000,
    "costAndExpenses": 419812000,
    "interestIncome": 0,
    "interestExpense": 0,
    "depreciationAndAmortization": 31036000,
    "ebitda": 64737000,
    "ebitdaratio": 0.1427456324,
    "operatingIncome": 33701000,
    "operatingIncomeRatio": 0.07431099,
    "totalOtherIncomeExpensesNet": -1503000,
    "incomeBeforeTax": 32198000,
    "incomeBeforeTaxRatio": 0.0709968623,
    "incomeTaxExpense": 13523000,
    "netIncome": 18675000,
    "netIncomeRatio": 0.0411785329,
    "eps": 0.25,
    "epsdiluted": 0.25,
    "weightedAverageShsOut": 76036000,
    "weightedAverageShsOutDil": 76036000,
    "link": "https://www.sec.gov/Archives/edgar/data/24545/000002454596000017/0000024545-96-000017-index.html",
    "finalLink": "https://www.sec.gov/Archives/edgar/data/24545/"
  },
  {
    "date": "1996-06-30",
    "symbol": "TAP",
    "reportedCurrency": "USD",
    "cik": "0000024545",
    "fillingDate": "1996-08-14",
    "acceptedDate": "1996-08-14 00:00:00",
    "calendarYear": "1996",
    "period": "Q2",
    "revenue": 502426000,
    "costOfRevenue": 307467000,
    "grossProfit": 194959000,
    "grossProfitRatio": 0.388035253,
    "researchAndDevelopmentExpenses": 3277000,
    "generalAndAdministrativeExpenses": 0,
    "sellingAndMarketingExpenses": 0,
    "sellingGeneralAndAdministrativeExpenses": 142919000,
    "otherExpenses": 5200000,
    "operatingExpenses": 151396000,
    "costAndExpenses": 458863000,
    "interestIncome": 0,
    "interestExpense": 0,
    "depreciationAndAmortization": 30482000,
    "ebitda": 74045000,
    "ebitdaratio": 0.1473749368,
    "operatingIncome": 43563000,
    "operatingIncomeRatio": 0.0867053059,
    "totalOtherIncomeExpensesNet": -2613000,
    "incomeBeforeTax": 40950000,
    "incomeBeforeTaxRatio": 0.08150454,
    "incomeTaxExpense": 17154000,
    "netIncome": 23796000,
    "netIncomeRatio": 0.0473621986,
    "eps": 0.32,
    "epsdiluted": 0.32,
    "weightedAverageShsOut": 76026000,
    "weightedAverageShsOutDil": 76026000,
    "link": "https://www.sec.gov/Archives/edgar/data/24545/000002454596000011/0000024545-96-000011-index.html",
    "finalLink": "https://www.sec.gov/Archives/edgar/data/24545/"
  },
  {
    "date": "1996-03-31",
    "symbol": "TAP",
    "reportedCurrency": "USD",
    "cik": "0000024545",
    "fillingDate": "1996-05-15",
    "acceptedDate": "1996-05-15 00:00:00",
    "calendarYear": "1996",
    "period": "Q1",
    "revenue": 368729000,
    "costOfRevenue": 260777000,
    "grossProfit": 107952000,
    "grossProfitRatio": 0.2927678593,
    "researchAndDevelopmentExpenses": 2363000,
    "generalAndAdministrativeExpenses": 0,
    "sellingAndMarketingExpenses": 0,
    "sellingGeneralAndAdministrativeExpenses": 108112000,
    "otherExpenses": 0,
    "operatingExpenses": 110475000,
    "costAndExpenses": 371252000,
    "interestIncome": 0,
    "interestExpense": 0,
    "depreciationAndAmortization": 28905000,
    "ebitda": 26382000,
    "ebitdaratio": 0.0715484814,
    "operatingIncome": -2523000,
    "operatingIncomeRatio": -0.0068424236,
    "totalOtherIncomeExpensesNet": -2584000,
    "incomeBeforeTax": -5107000,
    "incomeBeforeTaxRatio": -0.0138502803,
    "incomeTaxExpense": -2100000,
    "netIncome": -3007000,
    "netIncomeRatio": -0.0081550407,
    "eps": -0.0396,
    "epsdiluted": -0.0396,
    "weightedAverageShsOut": 76024000,
    "weightedAverageShsOutDil": 76024000,
    "link": "https://www.sec.gov/Archives/edgar/data/24545/000002454596000005/0000024545-96-000005-index.html",
    "finalLink": "https://www.sec.gov/Archives/edgar/data/24545/"
  },
  {
    "date": "1995-12-31",
    "symbol": "TAP",
    "reportedCurrency": "USD",
    "cik": "0000024545",
    "fillingDate": "1996-04-01",
    "acceptedDate": "1996-04-01 00:00:00",
    "calendarYear": "1995",
    "period": "Q4",
    "revenue": 381398000,
    "costOfRevenue": 261919000,
    "grossProfit": 119479000,
    "grossProfitRatio": 0.3132659322,
    "researchAndDevelopmentExpenses": 4039000,
    "generalAndAdministrativeExpenses": 0,
    "sellingAndMarketingExpenses": 0,
    "sellingGeneralAndAdministrativeExpenses": 120294000,
    "otherExpenses": -15200000,
    "operatingExpenses": 109133000,
    "costAndExpenses": 371052000,
    "interestIncome": 0,
    "interestExpense": 0,
    "depreciationAndAmortization": 28649000,
    "ebitda": 38995000,
    "ebitdaratio": 0.1022422771,
    "operatingIncome": 10346000,
    "operatingIncomeRatio": 0.0271265188,
    "totalOtherIncomeExpensesNet": -1367000,
    "incomeBeforeTax": 8979000,
    "incomeBeforeTaxRatio": 0.0235423364,
    "incomeTaxExpense": 3700000,
    "netIncome": 5279000,
    "netIncomeRatio": 0.0138411843,
    "eps": 0.069,
    "epsdiluted": 0.069,
    "weightedAverageShsOut": 75812000,
    "weightedAverageShsOutDil": 76024000,
    "link": "https://www.sec.gov/Archives/edgar/data/24545/000002454596000003/0000024545-96-000003-index.html",
    "finalLink": "https://www.sec.gov/Archives/edgar/data/24545/"
  },
  {
    "date": "1995-10-01",
    "symbol": "TAP",
    "reportedCurrency": "USD",
    "cik": "0000024545",
    "fillingDate": "1995-11-15",
    "acceptedDate": "1995-11-15 00:00:00",
    "calendarYear": "1995",
    "period": "Q3",
    "revenue": 567882000,
    "costOfRevenue": 289095000,
    "grossProfit": 166257000,
    "grossProfitRatio": 0.2927668072,
    "researchAndDevelopmentExpenses": 4656000,
    "generalAndAdministrativeExpenses": 0,
    "sellingAndMarketingExpenses": 0,
    "sellingGeneralAndAdministrativeExpenses": 133031000,
    "otherExpenses": 0,
    "operatingExpenses": 136833000,
    "costAndExpenses": 425928000,
    "interestIncome": 0,
    "interestExpense": 0,
    "depreciationAndAmortization": 30550000,
    "ebitda": 59974000,
    "ebitdaratio": 0.1056099683,
    "operatingIncome": 29424000,
    "operatingIncomeRatio": 0.051813581,
    "totalOtherIncomeExpensesNet": -1706000,
    "incomeBeforeTax": 38027000,
    "incomeBeforeTaxRatio": 0.066962855,
    "incomeTaxExpense": 15400000,
    "netIncome": 22627000,
    "netIncomeRatio": 0.0398445452,
    "eps": 0.22,
    "epsdiluted": 0.22,
    "weightedAverageShsOut": 76230000,
    "weightedAverageShsOutDil": 76230000,
    "link": "https://www.sec.gov/Archives/edgar/data/24545/000002454595000014/0000024545-95-000014-index.html",
    "finalLink": "https://www.sec.gov/Archives/edgar/data/24545/"
  }
]