[
  {
    "date": "2024-09-30",
    "symbol": "TDG",
    "reportedCurrency": "USD",
    "cik": "0001260221",
    "fillingDate": "2024-11-07",
    "acceptedDate": "2024-11-07 16:05:07",
    "calendarYear": "2024",
    "period": "FY",
    "revenue": 7936000000,
    "costOfRevenue": 3374000000,
    "grossProfit": 4562000000,
    "grossProfitRatio": 0.5748487903,
    "researchAndDevelopmentExpenses": 0,
    "generalAndAdministrativeExpenses": 931000000,
    "sellingAndMarketingExpenses": 0,
    "sellingGeneralAndAdministrativeExpenses": 931000000,
    "otherExpenses": 0,
    "operatingExpenses": 934000000,
    "costAndExpenses": 4308000000,
    "interestIncome": 0,
    "interestExpense": 1344000000,
    "depreciationAndAmortization": 310000000,
    "ebitda": 3869000000,
    "ebitdaratio": 0.4875252016,
    "operatingIncome": 3628000000,
    "operatingIncomeRatio": 0.4571572581,
    "totalOtherIncomeExpensesNet": -1413000000,
    "incomeBeforeTax": 2215000000,
    "incomeBeforeTaxRatio": 0.2791078629,
    "incomeTaxExpense": 500000000,
    "netIncome": 1481000000,
    "netIncomeRatio": 0.1866179435,
    "eps": 25.62,
    "epsdiluted": 25.62,
    "weightedAverageShsOut": 57800000,
    "weightedAverageShsOutDil": 57800000,
    "link": "https://www.sec.gov/Archives/edgar/data/1260221/000126022124000083/0001260221-24-000083-index.htm",
    "finalLink": "https://www.sec.gov/Archives/edgar/data/1260221/000126022124000083/tdg-20240930.htm"
  },
  {
    "date": "2023-09-30",
    "symbol": "TDG",
    "reportedCurrency": "USD",
    "cik": "0001260221",
    "fillingDate": "2023-11-09",
    "acceptedDate": "2023-11-09 16:02:56",
    "calendarYear": "2023",
    "period": "FY",
    "revenue": 6585000000,
    "costOfRevenue": 2834000000,
    "grossProfit": 3751000000,
    "grossProfitRatio": 0.5696279423,
    "researchAndDevelopmentExpenses": 105000000,
    "generalAndAdministrativeExpenses": 0,
    "sellingAndMarketingExpenses": 0,
    "sellingGeneralAndAdministrativeExpenses": 661000000,
    "otherExpenses": 0,
    "operatingExpenses": 766000000,
    "costAndExpenses": 3600000000,
    "interestIncome": 0,
    "interestExpense": 1220000000,
    "depreciationAndAmortization": 268000000,
    "ebitda": 3204000000,
    "ebitdaratio": 0.4865603645,
    "operatingIncome": 2985000000,
    "operatingIncomeRatio": 0.4533029613,
    "totalOtherIncomeExpensesNet": -1269000000,
    "incomeBeforeTax": 1716000000,
    "incomeBeforeTaxRatio": 0.2605922551,
    "incomeTaxExpense": 417000000,
    "netIncome": 1260000000,
    "netIncomeRatio": 0.1913439636,
    "eps": 22.028,
    "epsdiluted": 22.028,
    "weightedAverageShsOut": 57200000,
    "weightedAverageShsOutDil": 57200000,
    "link": "https://www.sec.gov/Archives/edgar/data/1260221/000126022123000081/0001260221-23-000081-index.htm",
    "finalLink": "https://www.sec.gov/Archives/edgar/data/1260221/000126022123000081/tdg-20230930.htm"
  },
  {
    "date": "2022-09-30",
    "symbol": "TDG",
    "reportedCurrency": "USD",
    "cik": "0001260221",
    "fillingDate": "2022-11-10",
    "acceptedDate": "2022-11-10 16:16:08",
    "calendarYear": "2022",
    "period": "FY",
    "revenue": 5437000000,
    "costOfRevenue": 2502000000,
    "grossProfit": 2935000000,
    "grossProfitRatio": 0.5398197535,
    "researchAndDevelopmentExpenses": 94900000,
    "generalAndAdministrativeExpenses": 0,
    "sellingAndMarketingExpenses": 0,
    "sellingGeneralAndAdministrativeExpenses": 642100000,
    "otherExpenses": 0,
    "operatingExpenses": 737000000,
    "costAndExpenses": 3239000000,
    "interestIncome": 0,
    "interestExpense": 1078000000,
    "depreciationAndAmortization": 252000000,
    "ebitda": 2457000000,
    "ebitdaratio": 0.4519036233,
    "operatingIncome": 2198000000,
    "operatingIncomeRatio": 0.404267059,
    "totalOtherIncomeExpensesNet": -1071000000,
    "incomeBeforeTax": 1127000000,
    "incomeBeforeTaxRatio": 0.2072834284,
    "incomeTaxExpense": 261000000,
    "netIncome": 780000000,
    "netIncomeRatio": 0.1434614677,
    "eps": 13.4021,
    "epsdiluted": 13.4021,
    "weightedAverageShsOut": 58200000,
    "weightedAverageShsOutDil": 58200000,
    "link": "https://www.sec.gov/Archives/edgar/data/1260221/000126022122000065/0001260221-22-000065-index.htm",
    "finalLink": "https://www.sec.gov/Archives/edgar/data/1260221/000126022122000065/tdg-20220930.htm"
  },
  {
    "date": "2021-09-30",
    "symbol": "TDG",
    "reportedCurrency": "USD",
    "cik": "0001260221",
    "fillingDate": "2021-11-16",
    "acceptedDate": "2021-11-16 17:10:27",
    "calendarYear": "2021",
    "period": "FY",
    "revenue": 4799000000,
    "costOfRevenue": 2381000000,
    "grossProfit": 2418000000,
    "grossProfitRatio": 0.5038549698,
    "researchAndDevelopmentExpenses": 105600000,
    "generalAndAdministrativeExpenses": 0,
    "sellingAndMarketingExpenses": 0,
    "sellingGeneralAndAdministrativeExpenses": 544400000,
    "otherExpenses": 0,
    "operatingExpenses": 650000000,
    "costAndExpenses": 3031000000,
    "interestIncome": 0,
    "interestExpense": 1098000000,
    "depreciationAndAmortization": 252000000,
    "ebitda": 2065000000,
    "ebitdaratio": 0.4302979787,
    "operatingIncome": 1768000000,
    "operatingIncomeRatio": 0.3684100854,
    "totalOtherIncomeExpensesNet": -1053000000,
    "incomeBeforeTax": 715000000,
    "incomeBeforeTaxRatio": 0.1489893728,
    "incomeTaxExpense": 34000000,
    "netIncome": 607000000,
    "netIncomeRatio": 0.1264846843,
    "eps": 10.3938,
    "epsdiluted": 10.3938,
    "weightedAverageShsOut": 58400000,
    "weightedAverageShsOutDil": 58400000,
    "link": "https://www.sec.gov/Archives/edgar/data/1260221/000126022121000134/0001260221-21-000134-index.htm",
    "finalLink": "https://www.sec.gov/Archives/edgar/data/1260221/000126022121000134/tdg-20210930.htm"
  },
  {
    "date": "2020-09-30",
    "symbol": "TDG",
    "reportedCurrency": "USD",
    "cik": "0001260221",
    "fillingDate": "2020-11-12",
    "acceptedDate": "2020-11-12 13:58:22",
    "calendarYear": "2020",
    "period": "FY",
    "revenue": 5107000000,
    "costOfRevenue": 2556000000,
    "grossProfit": 2551000000,
    "grossProfitRatio": 0.4995104758,
    "researchAndDevelopmentExpenses": 130900000,
    "generalAndAdministrativeExpenses": 0,
    "sellingAndMarketingExpenses": 0,
    "sellingGeneralAndAdministrativeExpenses": 565400000,
    "otherExpenses": 0,
    "operatingExpenses": 696300000,
    "costAndExpenses": 3252300000,
    "interestIncome": 0,
    "interestExpense": 1061000000,
    "depreciationAndAmortization": 283000000,
    "ebitda": 2084000000,
    "ebitdaratio": 0.4080673585,
    "operatingIncome": 1854700000,
    "operatingIncomeRatio": 0.3631682005,
    "totalOtherIncomeExpensesNet": -1114700000,
    "incomeBeforeTax": 740000000,
    "incomeBeforeTaxRatio": 0.144899158,
    "incomeTaxExpense": 87000000,
    "netIncome": 474000000,
    "netIncomeRatio": 0.092813785,
    "eps": 8.2722,
    "epsdiluted": 8.2722,
    "weightedAverageShsOut": 57300000,
    "weightedAverageShsOutDil": 57300000,
    "link": "https://www.sec.gov/Archives/edgar/data/1260221/000126022120000099/0001260221-20-000099-index.htm",
    "finalLink": "https://www.sec.gov/Archives/edgar/data/1260221/000126022120000099/tdg-20200930.htm"
  },
  {
    "date": "2019-09-30",
    "symbol": "TDG",
    "reportedCurrency": "USD",
    "cik": "0001260221",
    "fillingDate": "2019-11-19",
    "acceptedDate": "2019-11-19 15:57:53",
    "calendarYear": "2019",
    "period": "FY",
    "revenue": 5223223000,
    "costOfRevenue": 2540584000,
    "grossProfit": 2682639000,
    "grossProfitRatio": 0.5135984047,
    "researchAndDevelopmentExpenses": 116800000,
    "generalAndAdministrativeExpenses": 0,
    "sellingAndMarketingExpenses": 0,
    "sellingGeneralAndAdministrativeExpenses": 552173000,
    "otherExpenses": 0,
    "operatingExpenses": 668973000,
    "costAndExpenses": 3209557000,
    "interestIncome": 0,
    "interestExpense": 865826000,
    "depreciationAndAmortization": 224641000,
    "ebitda": 2153332000,
    "ebitdaratio": 0.4122611652,
    "operatingIncome": 2013666000,
    "operatingIncomeRatio": 0.3855217363,
    "totalOtherIncomeExpensesNet": -950801000,
    "incomeBeforeTax": 1062865000,
    "incomeBeforeTaxRatio": 0.2034883443,
    "incomeTaxExpense": 221986000,
    "netIncome": 778749000,
    "netIncomeRatio": 0.1490935769,
    "eps": 13.8407,
    "epsdiluted": 13.8407,
    "weightedAverageShsOut": 56265000,
    "weightedAverageShsOutDil": 56265000,
    "link": "https://www.sec.gov/Archives/edgar/data/1260221/000126022119000043/0001260221-19-000043-index.htm",
    "finalLink": "https://www.sec.gov/Archives/edgar/data/1260221/000126022119000043/tdg2019-09x3010xk.htm"
  },
  {
    "date": "2018-09-30",
    "symbol": "TDG",
    "reportedCurrency": "USD",
    "cik": "0001260221",
    "fillingDate": "2018-11-09",
    "acceptedDate": "2018-11-09 15:20:58",
    "calendarYear": "2018",
    "period": "FY",
    "revenue": 3811126000,
    "costOfRevenue": 1692670000,
    "grossProfit": 2118456000,
    "grossProfitRatio": 0.5558609188,
    "researchAndDevelopmentExpenses": 73800000,
    "generalAndAdministrativeExpenses": 0,
    "sellingAndMarketingExpenses": 0,
    "sellingGeneralAndAdministrativeExpenses": 368695000,
    "otherExpenses": 0,
    "operatingExpenses": 442495000,
    "costAndExpenses": 2135165000,
    "interestIncome": 0,
    "interestExpense": 669404000,
    "depreciationAndAmortization": 128851000,
    "ebitda": 1783812000,
    "ebitdaratio": 0.4680537983,
    "operatingIncome": 1675961000,
    "operatingIncomeRatio": 0.4397548126,
    "totalOtherIncomeExpensesNet": -690404000,
    "incomeBeforeTax": 985557000,
    "incomeBeforeTaxRatio": 0.2585999518,
    "incomeTaxExpense": 24021000,
    "netIncome": 907758000,
    "netIncomeRatio": 0.2381862998,
    "eps": 16.3275,
    "epsdiluted": 16.3275,
    "weightedAverageShsOut": 55597000,
    "weightedAverageShsOutDil": 55600000,
    "link": "https://www.sec.gov/Archives/edgar/data/1260221/000126022118000070/0001260221-18-000070-index.htm",
    "finalLink": "https://www.sec.gov/Archives/edgar/data/1260221/000126022118000070/tdg2018-09x3010xk.htm"
  },
  {
    "date": "2017-09-30",
    "symbol": "TDG",
    "reportedCurrency": "USD",
    "cik": "0001260221",
    "fillingDate": "2017-11-13",
    "acceptedDate": "2017-11-13 11:55:08",
    "calendarYear": "2017",
    "period": "FY",
    "revenue": 3504286000,
    "costOfRevenue": 1604885000,
    "grossProfit": 1899401000,
    "grossProfitRatio": 0.542022255,
    "researchAndDevelopmentExpenses": 73800000,
    "generalAndAdministrativeExpenses": 0,
    "sellingAndMarketingExpenses": 0,
    "sellingGeneralAndAdministrativeExpenses": 335275000,
    "otherExpenses": 0,
    "operatingExpenses": 409075000,
    "costAndExpenses": 2013960000,
    "interestIncome": 0,
    "interestExpense": 639296000,
    "depreciationAndAmortization": 140163000,
    "ebitda": 1616889000,
    "ebitdaratio": 0.4614032645,
    "operatingIncome": 1490326000,
    "operatingIncomeRatio": 0.4252866347,
    "totalOtherIncomeExpensesNet": -652896000,
    "incomeBeforeTax": 837430000,
    "incomeBeforeTaxRatio": 0.2389730747,
    "incomeTaxExpense": 208889000,
    "netIncome": 437630000,
    "netIncomeRatio": 0.1248842132,
    "eps": 7.88,
    "epsdiluted": 7.88,
    "weightedAverageShsOut": 55530000,
    "weightedAverageShsOutDil": 55530000,
    "link": "https://www.sec.gov/Archives/edgar/data/1260221/000126022117000060/0001260221-17-000060-index.htm",
    "finalLink": "https://www.sec.gov/Archives/edgar/data/1260221/000126022117000060/tdg2017-09x3010xk.htm"
  },
  {
    "date": "2016-09-30",
    "symbol": "TDG",
    "reportedCurrency": "USD",
    "cik": "0001260221",
    "fillingDate": "2016-11-15",
    "acceptedDate": "2016-11-15 12:40:25",
    "calendarYear": "2016",
    "period": "FY",
    "revenue": 3171411000,
    "costOfRevenue": 1512493000,
    "grossProfit": 1658918000,
    "grossProfitRatio": 0.5230851504,
    "researchAndDevelopmentExpenses": 58600000,
    "generalAndAdministrativeExpenses": 0,
    "sellingAndMarketingExpenses": 0,
    "sellingGeneralAndAdministrativeExpenses": 298258000,
    "otherExpenses": 0,
    "operatingExpenses": 356858000,
    "costAndExpenses": 1869351000,
    "interestIncome": 0,
    "interestExpense": 498244000,
    "depreciationAndAmortization": 121670000,
    "ebitda": 1388030000,
    "ebitdaratio": 0.437669542,
    "operatingIncome": 1302060000,
    "operatingIncomeRatio": 0.4105617342,
    "totalOtherIncomeExpensesNet": -533944000,
    "incomeBeforeTax": 768116000,
    "incomeBeforeTaxRatio": 0.2422000807,
    "incomeTaxExpense": 181702000,
    "netIncome": 583414000,
    "netIncomeRatio": 0.1839603886,
    "eps": 10.39,
    "epsdiluted": 10.39,
    "weightedAverageShsOut": 56157000,
    "weightedAverageShsOutDil": 56157000,
    "link": "https://www.sec.gov/Archives/edgar/data/1260221/000126022116000107/0001260221-16-000107-index.htm",
    "finalLink": "https://www.sec.gov/Archives/edgar/data/1260221/000126022116000107/tdg2016-09x3010xk.htm"
  },
  {
    "date": "2015-09-30",
    "symbol": "TDG",
    "reportedCurrency": "USD",
    "cik": "0001260221",
    "fillingDate": "2015-11-13",
    "acceptedDate": "2015-11-13 13:26:56",
    "calendarYear": "2015",
    "period": "FY",
    "revenue": 2707115000,
    "costOfRevenue": 1305389000,
    "grossProfit": 1401726000,
    "grossProfitRatio": 0.5177932966,
    "researchAndDevelopmentExpenses": 48300000,
    "generalAndAdministrativeExpenses": 0,
    "sellingAndMarketingExpenses": 0,
    "sellingGeneralAndAdministrativeExpenses": 254624000,
    "otherExpenses": 0,
    "operatingExpenses": 302924000,
    "costAndExpenses": 1608313000,
    "interestIncome": 0,
    "interestExpense": 426978000,
    "depreciationAndAmortization": 93663000,
    "ebitda": 1157465000,
    "ebitdaratio": 0.4275640303,
    "operatingIncome": 1098802000,
    "operatingIncomeRatio": 0.4058940976,
    "totalOtherIncomeExpensesNet": -461978000,
    "incomeBeforeTax": 636824000,
    "incomeBeforeTaxRatio": 0.2352408376,
    "incomeTaxExpense": 189612000,
    "netIncome": 443847000,
    "netIncomeRatio": 0.1639557241,
    "eps": 7.84,
    "epsdiluted": 7.84,
    "weightedAverageShsOut": 56606000,
    "weightedAverageShsOutDil": 56606000,
    "link": "https://www.sec.gov/Archives/edgar/data/1260221/000126022115000013/0001260221-15-000013-index.htm",
    "finalLink": "https://www.sec.gov/Archives/edgar/data/1260221/000126022115000013/tdg2015-09x3010k.htm"
  },
  {
    "date": "2014-09-30",
    "symbol": "TDG",
    "reportedCurrency": "USD",
    "cik": "0001260221",
    "fillingDate": "2014-11-14",
    "acceptedDate": "2014-11-14 14:14:19",
    "calendarYear": "2014",
    "period": "FY",
    "revenue": 2372906000,
    "costOfRevenue": 1152140000,
    "grossProfit": 1220766000,
    "grossProfitRatio": 0.5144603284,
    "researchAndDevelopmentExpenses": 42300000,
    "generalAndAdministrativeExpenses": 0,
    "sellingAndMarketingExpenses": 0,
    "sellingGeneralAndAdministrativeExpenses": 229546000,
    "otherExpenses": 0,
    "operatingExpenses": 271846000,
    "costAndExpenses": 1423986000,
    "interestIncome": 0,
    "interestExpense": 347688000,
    "depreciationAndAmortization": 96385000,
    "ebitda": 892583000,
    "ebitdaratio": 0.3761560719,
    "operatingIncome": 948920000,
    "operatingIncomeRatio": 0.3998978468,
    "totalOtherIncomeExpensesNet": -500410000,
    "incomeBeforeTax": 448510000,
    "incomeBeforeTaxRatio": 0.1890129655,
    "incomeTaxExpense": 141600000,
    "netIncome": 180284000,
    "netIncomeRatio": 0.0759760395,
    "eps": 3.16,
    "epsdiluted": 3.16,
    "weightedAverageShsOut": 56993000,
    "weightedAverageShsOutDil": 56993000,
    "link": "https://www.sec.gov/Archives/edgar/data/1260221/000119312514412880/0001193125-14-412880-index.htm",
    "finalLink": "https://www.sec.gov/Archives/edgar/data/1260221/000119312514412880/d789382d10k.htm"
  },
  {
    "date": "2013-09-30",
    "symbol": "TDG",
    "reportedCurrency": "USD",
    "cik": "0001260221",
    "fillingDate": "2013-11-15",
    "acceptedDate": "2013-11-15 11:30:17",
    "calendarYear": "2013",
    "period": "FY",
    "revenue": 1924400000,
    "costOfRevenue": 909577000,
    "grossProfit": 1014823000,
    "grossProfitRatio": 0.5273451465,
    "researchAndDevelopmentExpenses": 32100000,
    "generalAndAdministrativeExpenses": 0,
    "sellingAndMarketingExpenses": 0,
    "sellingGeneralAndAdministrativeExpenses": 214268000,
    "otherExpenses": 0,
    "operatingExpenses": 246368000,
    "costAndExpenses": 1155945000,
    "interestIncome": 0,
    "interestExpense": 270685000,
    "depreciationAndAmortization": 73515000,
    "ebitda": 792689000,
    "ebitdaratio": 0.4119148826,
    "operatingIncome": 768455000,
    "operatingIncomeRatio": 0.3993218666,
    "totalOtherIncomeExpensesNet": -319966000,
    "incomeBeforeTax": 448489000,
    "incomeBeforeTaxRatio": 0.2330539389,
    "incomeTaxExpense": 145700000,
    "netIncome": 131545999,
    "netIncomeRatio": 0.0683568899,
    "eps": 2.39,
    "epsdiluted": 2.39,
    "weightedAverageShsOut": 55080000,
    "weightedAverageShsOutDil": 55080000,
    "link": "https://www.sec.gov/Archives/edgar/data/1260221/000119312513443394/0001193125-13-443394-index.htm",
    "finalLink": "https://www.sec.gov/Archives/edgar/data/1260221/000119312513443394/d594126d10k.htm"
  },
  {
    "date": "2012-09-30",
    "symbol": "TDG",
    "reportedCurrency": "USD",
    "cik": "0001260221",
    "fillingDate": "2012-11-16",
    "acceptedDate": "2012-11-16 14:29:28",
    "calendarYear": "2012",
    "period": "FY",
    "revenue": 1714008000,
    "costOfRevenue": 798724000,
    "grossProfit": 915284000,
    "grossProfitRatio": 0.534002175,
    "researchAndDevelopmentExpenses": 27900000,
    "generalAndAdministrativeExpenses": 0,
    "sellingAndMarketingExpenses": 0,
    "sellingGeneralAndAdministrativeExpenses": 173809000,
    "otherExpenses": 0,
    "operatingExpenses": 201709000,
    "costAndExpenses": 1000433000,
    "interestIncome": 0,
    "interestExpense": 211906000,
    "depreciationAndAmortization": 68227000,
    "ebitda": 768002000,
    "ebitdaratio": 0.4480737546,
    "operatingIncome": 713575000,
    "operatingIncomeRatio": 0.4163195271,
    "totalOtherIncomeExpensesNet": -225706000,
    "incomeBeforeTax": 487869000,
    "incomeBeforeTaxRatio": 0.2846363611,
    "incomeTaxExpense": 162900000,
    "netIncome": 321670000,
    "netIncomeRatio": 0.1876712361,
    "eps": 5.97,
    "epsdiluted": 5.97,
    "weightedAverageShsOut": 53882000,
    "weightedAverageShsOutDil": 53882000,
    "link": "https://www.sec.gov/Archives/edgar/data/1260221/000119312512473908/0001193125-12-473908-index.htm",
    "finalLink": "https://www.sec.gov/Archives/edgar/data/1260221/000119312512473908/d405915d10k.htm"
  },
  {
    "date": "2011-09-30",
    "symbol": "TDG",
    "reportedCurrency": "USD",
    "cik": "0001260221",
    "fillingDate": "2011-11-18",
    "acceptedDate": "2011-11-18 11:44:09",
    "calendarYear": "2011",
    "period": "FY",
    "revenue": 1206021000,
    "costOfRevenue": 585175000,
    "grossProfit": 620846000,
    "grossProfitRatio": 0.5147887143,
    "researchAndDevelopmentExpenses": 19300000,
    "generalAndAdministrativeExpenses": 0,
    "sellingAndMarketingExpenses": 0,
    "sellingGeneralAndAdministrativeExpenses": 114411000,
    "otherExpenses": 0,
    "operatingExpenses": 133711000,
    "costAndExpenses": 718886000,
    "interestIncome": 0,
    "interestExpense": 252810000,
    "depreciationAndAmortization": 60431000,
    "ebitda": 542666000,
    "ebitdaratio": 0.4499639724,
    "operatingIncome": 487135000,
    "operatingIncomeRatio": 0.4039191689,
    "totalOtherIncomeExpensesNet": -257710000,
    "incomeBeforeTax": 229425000,
    "incomeBeforeTaxRatio": 0.1902330059,
    "incomeTaxExpense": 77200000,
    "netIncome": 147291000,
    "netIncomeRatio": 0.1221297142,
    "eps": 2.7617,
    "epsdiluted": 2.7617,
    "weightedAverageShsOut": 53333000,
    "weightedAverageShsOutDil": 53333000,
    "link": "https://www.sec.gov/Archives/edgar/data/1260221/000119312511316657/0001193125-11-316657-index.htm",
    "finalLink": "https://www.sec.gov/Archives/edgar/data/1260221/000119312511316657/d222961d10k.htm"
  },
  {
    "date": "2010-09-30",
    "symbol": "TDG",
    "reportedCurrency": "USD",
    "cik": "0001260221",
    "fillingDate": "2010-11-15",
    "acceptedDate": "2010-11-15 16:57:57",
    "calendarYear": "2010",
    "period": "FY",
    "revenue": 827654000,
    "costOfRevenue": 369667000,
    "grossProfit": 457987000,
    "grossProfitRatio": 0.5533556293,
    "researchAndDevelopmentExpenses": 13900000,
    "generalAndAdministrativeExpenses": 0,
    "sellingAndMarketingExpenses": 0,
    "sellingGeneralAndAdministrativeExpenses": 81018000,
    "otherExpenses": 0,
    "operatingExpenses": 94918000,
    "costAndExpenses": 464585000,
    "interestIncome": 0,
    "interestExpense": 112234000,
    "depreciationAndAmortization": 30165000,
    "ebitda": 393234000,
    "ebitdaratio": 0.4751188298,
    "operatingIncome": 363069000,
    "operatingIncomeRatio": 0.4386724404,
    "totalOtherIncomeExpensesNet": -112234000,
    "incomeBeforeTax": 250835000,
    "incomeBeforeTaxRatio": 0.3030674654,
    "incomeTaxExpense": 87390000,
    "netIncome": 133132000,
    "netIncomeRatio": 0.1608546567,
    "eps": 2.52,
    "epsdiluted": 2.52,
    "weightedAverageShsOut": 52923000,
    "weightedAverageShsOutDil": 52923000,
    "link": "https://www.sec.gov/Archives/edgar/data/1260221/000119312510260837/0001193125-10-260837-index.htm",
    "finalLink": "https://www.sec.gov/Archives/edgar/data/1260221/000119312510260837/d10k.htm"
  },
  {
    "date": "2009-09-30",
    "symbol": "TDG",
    "reportedCurrency": "USD",
    "cik": "0001260221",
    "fillingDate": "2009-11-24",
    "acceptedDate": "2009-11-24 17:09:11",
    "calendarYear": "2009",
    "period": "FY",
    "revenue": 761552000,
    "costOfRevenue": 346134000,
    "grossProfit": 415418000,
    "grossProfitRatio": 0.5454886863,
    "researchAndDevelopmentExpenses": 12600000,
    "generalAndAdministrativeExpenses": 0,
    "sellingAndMarketingExpenses": 0,
    "sellingGeneralAndAdministrativeExpenses": 67418000,
    "otherExpenses": 0,
    "operatingExpenses": 80018000,
    "costAndExpenses": 426152000,
    "interestIncome": 0,
    "interestExpense": 84398000,
    "depreciationAndAmortization": 27521000,
    "ebitda": 362921000,
    "ebitdaratio": 0.4765544572,
    "operatingIncome": 335400000,
    "operatingIncomeRatio": 0.4404164128,
    "totalOtherIncomeExpensesNet": -84398000,
    "incomeBeforeTax": 251002000,
    "incomeBeforeTaxRatio": 0.3295927264,
    "incomeTaxExpense": 88100000,
    "netIncome": 162902000,
    "netIncomeRatio": 0.2139079144,
    "eps": 3.1,
    "epsdiluted": 3.1,
    "weightedAverageShsOut": 52539000,
    "weightedAverageShsOutDil": 52539000,
    "link": "https://www.sec.gov/Archives/edgar/data/1260221/000119312509241477/0001193125-09-241477-index.htm",
    "finalLink": "https://www.sec.gov/Archives/edgar/data/1260221/000119312509241477/d10k.htm"
  },
  {
    "date": "2008-09-30",
    "symbol": "TDG",
    "reportedCurrency": "USD",
    "cik": "0001260221",
    "fillingDate": "2008-11-25",
    "acceptedDate": "2008-11-25 14:55:04",
    "calendarYear": "2008",
    "period": "FY",
    "revenue": 713711000,
    "costOfRevenue": 339782000,
    "grossProfit": 373929000,
    "grossProfitRatio": 0.5239221478,
    "researchAndDevelopmentExpenses": 13200000,
    "generalAndAdministrativeExpenses": 0,
    "sellingAndMarketingExpenses": 0,
    "sellingGeneralAndAdministrativeExpenses": 61450000,
    "otherExpenses": 0,
    "operatingExpenses": 74650000,
    "costAndExpenses": 414432000,
    "interestIncome": 0,
    "interestExpense": 92677000,
    "depreciationAndAmortization": 25254000,
    "ebitda": 324533000,
    "ebitdaratio": 0.4547120613,
    "operatingIncome": 299279000,
    "operatingIncomeRatio": 0.4193279913,
    "totalOtherIncomeExpensesNet": -92677000,
    "incomeBeforeTax": 206602000,
    "incomeBeforeTaxRatio": 0.2894757122,
    "incomeTaxExpense": 73476000,
    "netIncome": 133126000,
    "netIncomeRatio": 0.1865264792,
    "eps": 2.78,
    "epsdiluted": 2.65,
    "weightedAverageShsOut": 47856000,
    "weightedAverageShsOutDil": 50202000,
    "link": "https://www.sec.gov/Archives/edgar/data/1260221/000119312508243231/0001193125-08-243231-index.htm",
    "finalLink": "https://www.sec.gov/Archives/edgar/data/1260221/000119312508243231/d10k.htm"
  },
  {
    "date": "2007-09-30",
    "symbol": "TDG",
    "reportedCurrency": "USD",
    "cik": "0001260221",
    "fillingDate": "2007-11-21",
    "acceptedDate": "2007-11-21 16:45:59",
    "calendarYear": "2007",
    "period": "FY",
    "revenue": 592798000,
    "costOfRevenue": 296070000,
    "grossProfit": 296728000,
    "grossProfitRatio": 0.5005549951,
    "researchAndDevelopmentExpenses": 9600000,
    "generalAndAdministrativeExpenses": 0,
    "sellingAndMarketingExpenses": 0,
    "sellingGeneralAndAdministrativeExpenses": 53290000,
    "otherExpenses": 0,
    "operatingExpenses": 62890000,
    "costAndExpenses": 358960000,
    "interestIncome": 0,
    "interestExpense": 91767000,
    "depreciationAndAmortization": 23952000,
    "ebitda": 257790000,
    "ebitdaratio": 0.4348698882,
    "operatingIncome": 233838000,
    "operatingIncomeRatio": 0.3944648936,
    "totalOtherIncomeExpensesNet": -91767000,
    "incomeBeforeTax": 142071000,
    "incomeBeforeTaxRatio": 0.2396617397,
    "incomeTaxExpense": 53426000,
    "netIncome": 88645000,
    "netIncomeRatio": 0.1495366044,
    "eps": 1.94,
    "epsdiluted": 1.83,
    "weightedAverageShsOut": 45630000,
    "weightedAverageShsOutDil": 48542000,
    "link": "https://www.sec.gov/Archives/edgar/data/1260221/000119312507252212/0001193125-07-252212-index.htm",
    "finalLink": "https://www.sec.gov/Archives/edgar/data/1260221/000119312507252212/d10k.htm"
  },
  {
    "date": "2006-09-30",
    "symbol": "TDG",
    "reportedCurrency": "USD",
    "cik": "0001260221",
    "fillingDate": "2006-11-28",
    "acceptedDate": "2006-11-27 17:54:55",
    "calendarYear": "2006",
    "period": "FY",
    "revenue": 435164000,
    "costOfRevenue": 220071000,
    "grossProfit": 215093000,
    "grossProfitRatio": 0.4942803173,
    "researchAndDevelopmentExpenses": 3900000,
    "generalAndAdministrativeExpenses": 0,
    "sellingAndMarketingExpenses": 0,
    "sellingGeneralAndAdministrativeExpenses": 44409000,
    "otherExpenses": 0,
    "operatingExpenses": 48309000,
    "costAndExpenses": 268380000,
    "interestIncome": 0,
    "interestExpense": 125249000,
    "depreciationAndAmortization": 16111000,
    "ebitda": 182795000,
    "ebitdaratio": 0.4200600233,
    "operatingIncome": 166784000,
    "operatingIncomeRatio": 0.3832669982,
    "totalOtherIncomeExpensesNet": -125349000,
    "incomeBeforeTax": 41435000,
    "incomeBeforeTaxRatio": 0.0952169757,
    "incomeTaxExpense": 16318000,
    "netIncome": 25117000,
    "netIncomeRatio": 0.0577184694,
    "eps": 0.57,
    "epsdiluted": 0.53,
    "weightedAverageShsOut": 44415000,
    "weightedAverageShsOutDil": 47181000,
    "link": "https://www.sec.gov/Archives/edgar/data/1260221/000119312506242168/0001193125-06-242168-index.htm",
    "finalLink": "https://www.sec.gov/Archives/edgar/data/1260221/000119312506242168/d10k.htm"
  },
  {
    "date": "2005-09-30",
    "symbol": "TDG",
    "reportedCurrency": "USD",
    "cik": "0001260221",
    "fillingDate": "2005-09-30",
    "acceptedDate": "2005-09-29 20:00:00",
    "calendarYear": "2005",
    "period": "FY",
    "revenue": 374253000,
    "costOfRevenue": 196237000,
    "grossProfit": 178016000,
    "grossProfitRatio": 0.4756568418,
    "researchAndDevelopmentExpenses": 2500000,
    "generalAndAdministrativeExpenses": 0,
    "sellingAndMarketingExpenses": 0,
    "sellingGeneralAndAdministrativeExpenses": 36443000,
    "otherExpenses": 0,
    "operatingExpenses": 38943000,
    "costAndExpenses": 235180000,
    "interestIncome": 0,
    "interestExpense": 80266000,
    "depreciationAndAmortization": 16956000,
    "ebitda": 154536000,
    "ebitdaratio": 0.4129185337,
    "operatingIncome": 139073000,
    "operatingIncomeRatio": 0.3716015636,
    "totalOtherIncomeExpensesNet": -81759000,
    "incomeBeforeTax": 57314000,
    "incomeBeforeTaxRatio": 0.153142393,
    "incomeTaxExpense": 22627000,
    "netIncome": 34687000,
    "netIncomeRatio": 0.0926832918,
    "eps": 117.4,
    "epsdiluted": 111.49,
    "weightedAverageShsOut": 44202000,
    "weightedAverageShsOutDil": 46544000,
    "link": "",
    "finalLink": ""
  },
  {
    "date": "2004-09-30",
    "symbol": "TDG",
    "reportedCurrency": "USD",
    "cik": "0001260221",
    "fillingDate": "2004-09-30",
    "acceptedDate": "2004-09-29 20:00:00",
    "calendarYear": "2004",
    "period": "FY",
    "revenue": 300703000,
    "costOfRevenue": 156052000,
    "grossProfit": 144651000,
    "grossProfitRatio": 0.4810427565,
    "researchAndDevelopmentExpenses": 2200000,
    "generalAndAdministrativeExpenses": 0,
    "sellingAndMarketingExpenses": 0,
    "sellingGeneralAndAdministrativeExpenses": 29001000,
    "otherExpenses": 0,
    "operatingExpenses": 31201000,
    "costAndExpenses": 187253000,
    "interestIncome": 0,
    "interestExpense": 74675000,
    "depreciationAndAmortization": 18303000,
    "ebitda": 113282000,
    "ebitdaratio": 0.376723877,
    "operatingIncome": 113450000,
    "operatingIncomeRatio": 0.3772825678,
    "totalOtherIncomeExpensesNet": -93146000,
    "incomeBeforeTax": 20304000,
    "incomeBeforeTaxRatio": 0.067521774,
    "incomeTaxExpense": 6682000,
    "netIncome": 13622000,
    "netIncomeRatio": 0.0453005125,
    "eps": 46.11,
    "epsdiluted": 44.01,
    "weightedAverageShsOut": 44193000,
    "weightedAverageShsOutDil": 46300000,
    "link": "",
    "finalLink": ""
  },
  {
    "date": "2003-09-30",
    "symbol": "TDG",
    "reportedCurrency": "USD",
    "cik": "0001260221",
    "fillingDate": "2003-09-30",
    "acceptedDate": "2003-09-29 20:00:00",
    "calendarYear": "2003",
    "period": "FY",
    "revenue": 293268000,
    "costOfRevenue": 0,
    "grossProfit": 293268000,
    "grossProfitRatio": 1,
    "researchAndDevelopmentExpenses": 0,
    "generalAndAdministrativeExpenses": 0,
    "sellingAndMarketingExpenses": 0,
    "sellingGeneralAndAdministrativeExpenses": 25372000,
    "otherExpenses": 0,
    "operatingExpenses": 25372000,
    "costAndExpenses": 25372000,
    "interestIncome": 0,
    "interestExpense": 0,
    "depreciationAndAmortization": 2920000,
    "ebitda": 270816000,
    "ebitdaratio": 0.9234420394,
    "operatingIncome": -77942000,
    "operatingIncomeRatio": -0.265770558,
    "totalOtherIncomeExpensesNet": -42457000,
    "incomeBeforeTax": -120399000,
    "incomeBeforeTaxRatio": -0.4105425754,
    "incomeTaxExpense": 301167000,
    "netIncome": -75728000,
    "netIncomeRatio": -0.2582211493,
    "eps": -10.28,
    "epsdiluted": -10.28,
    "weightedAverageShsOut": 7368000,
    "weightedAverageShsOutDil": 7368000,
    "link": "",
    "finalLink": ""
  },
  {
    "date": "2002-09-30",
    "symbol": "TDG",
    "reportedCurrency": "USD",
    "cik": "0001260221",
    "fillingDate": "2002-09-30",
    "acceptedDate": "2002-09-30 00:00:00",
    "calendarYear": "2002",
    "period": "FY",
    "revenue": 248802000,
    "costOfRevenue": 0,
    "grossProfit": 248802000,
    "grossProfitRatio": 1,
    "researchAndDevelopmentExpenses": 0,
    "generalAndAdministrativeExpenses": 0,
    "sellingAndMarketingExpenses": 0,
    "sellingGeneralAndAdministrativeExpenses": 23962000,
    "otherExpenses": 0,
    "operatingExpenses": 23962000,
    "costAndExpenses": 23962000,
    "interestIncome": 0,
    "interestExpense": 0,
    "depreciationAndAmortization": 6294000,
    "ebitda": 231134000,
    "ebitdaratio": 0.9289877091,
    "operatingIncome": 83971000,
    "operatingIncomeRatio": 0.3375013063,
    "totalOtherIncomeExpensesNet": -36538000,
    "incomeBeforeTax": 47433000,
    "incomeBeforeTaxRatio": 0.1906455736,
    "incomeTaxExpense": 157673000,
    "netIncome": 30629000,
    "netIncomeRatio": 0.1231059236,
    "eps": 255.67,
    "epsdiluted": 221.95,
    "weightedAverageShsOut": 119800,
    "weightedAverageShsOutDil": 138000,
    "link": null,
    "finalLink": null
  }
]