[
  {
    "date": "2025-06-29",
    "symbol": "TDY",
    "reportedCurrency": "USD",
    "cik": "0001094285",
    "fillingDate": "2025-07-28",
    "acceptedDate": "2025-07-25 17:43:44",
    "calendarYear": "2025",
    "period": "Q2",
    "revenue": 1513700000,
    "costOfRevenue": 869100000,
    "grossProfit": 644600000,
    "grossProfitRatio": 0.4258439585,
    "researchAndDevelopmentExpenses": 82400000,
    "generalAndAdministrativeExpenses": 0,
    "sellingAndMarketingExpenses": 0,
    "sellingGeneralAndAdministrativeExpenses": 229400000,
    "otherExpenses": 54600000,
    "operatingExpenses": 366400000,
    "costAndExpenses": 1235500000,
    "interestIncome": 0,
    "interestExpense": 17600000,
    "depreciationAndAmortization": 86500000,
    "ebitda": 364700000,
    "ebitdaratio": 0.2409328136,
    "operatingIncome": 278200000,
    "operatingIncomeRatio": 0.183788069,
    "totalOtherIncomeExpensesNet": -17600000,
    "incomeBeforeTax": 260600000,
    "incomeBeforeTaxRatio": 0.1721609302,
    "incomeTaxExpense": 50200000,
    "netIncome": 209900000,
    "netIncomeRatio": 0.1386668428,
    "eps": 4.48,
    "epsdiluted": 4.43,
    "weightedAverageShsOut": 46900000,
    "weightedAverageShsOutDil": 47400000,
    "link": "https://www.sec.gov/Archives/edgar/data/1094285/000109428525000131/0001094285-25-000131-index.htm",
    "finalLink": "https://www.sec.gov/Archives/edgar/data/1094285/000109428525000131/tdy-20250629.htm"
  },
  {
    "date": "2025-03-30",
    "symbol": "TDY",
    "reportedCurrency": "USD",
    "cik": "0001094285",
    "fillingDate": "2025-04-28",
    "acceptedDate": "2025-04-25 17:59:56",
    "calendarYear": "2025",
    "period": "Q1",
    "revenue": 1449900000,
    "costOfRevenue": 830400000,
    "grossProfit": 619500000,
    "grossProfitRatio": 0.4272708463,
    "researchAndDevelopmentExpenses": 74300000,
    "generalAndAdministrativeExpenses": 0,
    "sellingAndMarketingExpenses": 0,
    "sellingGeneralAndAdministrativeExpenses": 233900000,
    "otherExpenses": 52000000,
    "operatingExpenses": 360200000,
    "costAndExpenses": 1190600000,
    "interestIncome": 0,
    "interestExpense": 17300000,
    "depreciationAndAmortization": 80700000,
    "ebitda": 340000000,
    "ebitdaratio": 0.234498931,
    "operatingIncome": 259300000,
    "operatingIncomeRatio": 0.17883992,
    "totalOtherIncomeExpensesNet": -20400000,
    "incomeBeforeTax": 238900000,
    "incomeBeforeTaxRatio": 0.1647699841,
    "incomeTaxExpense": 50100000,
    "netIncome": 188600000,
    "netIncomeRatio": 0.1300779364,
    "eps": 4.03,
    "epsdiluted": 3.99,
    "weightedAverageShsOut": 46800000,
    "weightedAverageShsOutDil": 47300000,
    "link": "https://www.sec.gov/Archives/edgar/data/1094285/000109428525000105/0001094285-25-000105-index.htm",
    "finalLink": "https://www.sec.gov/Archives/edgar/data/1094285/000109428525000105/tdy-20250330.htm"
  },
  {
    "date": "2024-12-29",
    "symbol": "TDY",
    "reportedCurrency": "USD",
    "cik": "0001094285",
    "fillingDate": "2025-02-21",
    "acceptedDate": "2025-02-20 19:10:07",
    "calendarYear": "2024",
    "period": "Q4",
    "revenue": 1502300000,
    "costOfRevenue": 859600000,
    "grossProfit": 642700000,
    "grossProfitRatio": 0.4278106903,
    "researchAndDevelopmentExpenses": 0,
    "generalAndAdministrativeExpenses": 0,
    "sellingAndMarketingExpenses": 0,
    "sellingGeneralAndAdministrativeExpenses": 10800000,
    "otherExpenses": 394800000,
    "operatingExpenses": 405600000,
    "costAndExpenses": 1265200000,
    "interestIncome": 0,
    "interestExpense": 13700000,
    "depreciationAndAmortization": 77200000,
    "ebitda": 321000000,
    "ebitdaratio": 0.213672369,
    "operatingIncome": 237100000,
    "operatingIncomeRatio": 0.1578246688,
    "totalOtherIncomeExpensesNet": -11500000,
    "incomeBeforeTax": 225600000,
    "incomeBeforeTaxRatio": 0.1501697397,
    "incomeTaxExpense": 26500000,
    "netIncome": 198500000,
    "netIncomeRatio": 0.1321307329,
    "eps": 4.25,
    "epsdiluted": 4.2,
    "weightedAverageShsOut": 47000000,
    "weightedAverageShsOutDil": 47600000,
    "link": "https://www.sec.gov/Archives/edgar/data/1094285/000109428525000053/0001094285-25-000053-index.htm",
    "finalLink": "https://www.sec.gov/Archives/edgar/data/1094285/000109428525000053/tdy-20241229.htm"
  },
  {
    "date": "2024-09-29",
    "symbol": "TDY",
    "reportedCurrency": "USD",
    "cik": "0001094285",
    "fillingDate": "2024-10-28",
    "acceptedDate": "2024-10-25 19:15:47",
    "calendarYear": "2024",
    "period": "Q3",
    "revenue": 1443500000,
    "costOfRevenue": 823900000,
    "grossProfit": 619600000,
    "grossProfitRatio": 0.4292344995,
    "researchAndDevelopmentExpenses": 0,
    "generalAndAdministrativeExpenses": 0,
    "sellingAndMarketingExpenses": 0,
    "sellingGeneralAndAdministrativeExpenses": 299100000,
    "otherExpenses": 49800000,
    "operatingExpenses": 348900000,
    "costAndExpenses": 1172800000,
    "interestIncome": 0,
    "interestExpense": 15700000,
    "depreciationAndAmortization": 76900000,
    "ebitda": 347600000,
    "ebitdaratio": 0.2408036024,
    "operatingIncome": 270700000,
    "operatingIncomeRatio": 0.1875303083,
    "totalOtherIncomeExpensesNet": -15600000,
    "incomeBeforeTax": 255100000,
    "incomeBeforeTaxRatio": 0.1767232421,
    "incomeTaxExpense": -7100000,
    "netIncome": 262000000,
    "netIncomeRatio": 0.1815032906,
    "eps": 5.62,
    "epsdiluted": 5.54,
    "weightedAverageShsOut": 46624000,
    "weightedAverageShsOutDil": 47300000,
    "link": "https://www.sec.gov/Archives/edgar/data/1094285/000109428524000104/0001094285-24-000104-index.htm",
    "finalLink": "https://www.sec.gov/Archives/edgar/data/1094285/000109428524000104/tdy-20240929.htm"
  },
  {
    "date": "2024-06-30",
    "symbol": "TDY",
    "reportedCurrency": "USD",
    "cik": "0001094285",
    "fillingDate": "2024-07-29",
    "acceptedDate": "2024-07-26 19:42:45",
    "calendarYear": "2024",
    "period": "Q2",
    "revenue": 1374100000,
    "costOfRevenue": 781500000,
    "grossProfit": 592600000,
    "grossProfitRatio": 0.4312641001,
    "researchAndDevelopmentExpenses": 71700000,
    "generalAndAdministrativeExpenses": 293800000,
    "sellingAndMarketingExpenses": -69000000,
    "sellingGeneralAndAdministrativeExpenses": 224800000,
    "otherExpenses": 49100000,
    "operatingExpenses": 345600000,
    "costAndExpenses": 1127100000,
    "interestIncome": 0,
    "interestExpense": 15800000,
    "depreciationAndAmortization": 77800000,
    "ebitda": 324800000,
    "ebitdaratio": 0.2363728986,
    "operatingIncome": 247000000,
    "operatingIncomeRatio": 0.1797540208,
    "totalOtherIncomeExpensesNet": -15300000,
    "incomeBeforeTax": 231700000,
    "incomeBeforeTaxRatio": 0.16861946,
    "incomeTaxExpense": 51400000,
    "netIncome": 180200000,
    "netIncomeRatio": 0.1311403828,
    "eps": 3.81,
    "epsdiluted": 3.77,
    "weightedAverageShsOut": 47300000,
    "weightedAverageShsOutDil": 47800000,
    "link": "https://www.sec.gov/Archives/edgar/data/1094285/000109428524000090/0001094285-24-000090-index.htm",
    "finalLink": "https://www.sec.gov/Archives/edgar/data/1094285/000109428524000090/tdy-20240630.htm"
  },
  {
    "date": "2024-03-31",
    "symbol": "TDY",
    "reportedCurrency": "USD",
    "cik": "0001094285",
    "fillingDate": "2024-04-29",
    "acceptedDate": "2024-04-26 20:39:12",
    "calendarYear": "2024",
    "period": "Q1",
    "revenue": 1350100000,
    "costOfRevenue": 770200000,
    "grossProfit": 579900000,
    "grossProfitRatio": 0.429523739,
    "researchAndDevelopmentExpenses": 76500000,
    "generalAndAdministrativeExpenses": 293500000,
    "sellingAndMarketingExpenses": -73800000,
    "sellingGeneralAndAdministrativeExpenses": 219700000,
    "otherExpenses": 49400000,
    "operatingExpenses": 345600000,
    "costAndExpenses": 1115800000,
    "interestIncome": 0,
    "interestExpense": 12700000,
    "depreciationAndAmortization": 78000000,
    "ebitda": 312300000,
    "ebitdaratio": 0.2313161988,
    "operatingIncome": 234300000,
    "operatingIncomeRatio": 0.1735427005,
    "totalOtherIncomeExpensesNet": -8800000,
    "incomeBeforeTax": 225500000,
    "incomeBeforeTaxRatio": 0.1670246648,
    "incomeTaxExpense": 46400000,
    "netIncome": 178500000,
    "netIncomeRatio": 0.1322124287,
    "eps": 3.77,
    "epsdiluted": 3.72,
    "weightedAverageShsOut": 47300000,
    "weightedAverageShsOutDil": 48000000,
    "link": "https://www.sec.gov/Archives/edgar/data/1094285/000109428524000079/0001094285-24-000079-index.htm",
    "finalLink": "https://www.sec.gov/Archives/edgar/data/1094285/000109428524000079/tdy-20240331.htm"
  },
  {
    "date": "2023-12-31",
    "symbol": "TDY",
    "reportedCurrency": "USD",
    "cik": "0001094285",
    "fillingDate": "2023-12-31",
    "acceptedDate": "2023-12-30 19:00:00",
    "calendarYear": "2023",
    "period": "Q4",
    "revenue": 1425000000,
    "costOfRevenue": 801900000,
    "grossProfit": 623100000,
    "grossProfitRatio": 0.4372631579,
    "researchAndDevelopmentExpenses": 0,
    "generalAndAdministrativeExpenses": 299900000,
    "sellingAndMarketingExpenses": 3100000,
    "sellingGeneralAndAdministrativeExpenses": 303000000,
    "otherExpenses": 48600000,
    "operatingExpenses": 351600000,
    "costAndExpenses": 1153500000,
    "interestIncome": 0,
    "interestExpense": 15600000,
    "depreciationAndAmortization": 77400000,
    "ebitda": 347200000,
    "ebitdaratio": 0.2436491228,
    "operatingIncome": 271500000,
    "operatingIncomeRatio": 0.1905263158,
    "totalOtherIncomeExpensesNet": -17300000,
    "incomeBeforeTax": 254200000,
    "incomeBeforeTaxRatio": 0.1783859649,
    "incomeTaxExpense": -69300000,
    "netIncome": 323100000,
    "netIncomeRatio": 0.2267368421,
    "eps": 6.75,
    "epsdiluted": 6.75,
    "weightedAverageShsOut": 47184697,
    "weightedAverageShsOutDil": 47900000,
    "link": null,
    "finalLink": null
  },
  {
    "date": "2023-10-01",
    "symbol": "TDY",
    "reportedCurrency": "USD",
    "cik": "0001094285",
    "fillingDate": "2023-10-27",
    "acceptedDate": "2023-10-27 17:08:14",
    "calendarYear": "2023",
    "period": "Q3",
    "revenue": 1402500000,
    "costOfRevenue": 797200000,
    "grossProfit": 605300000,
    "grossProfitRatio": 0.4315864528,
    "researchAndDevelopmentExpenses": 0,
    "generalAndAdministrativeExpenses": 288800000,
    "sellingAndMarketingExpenses": 3100000,
    "sellingGeneralAndAdministrativeExpenses": 291900000,
    "otherExpenses": 49100000,
    "operatingExpenses": 341000000,
    "costAndExpenses": 1138200000,
    "interestIncome": 0,
    "interestExpense": 18400000,
    "depreciationAndAmortization": 76900000,
    "ebitda": 341200000,
    "ebitdaratio": 0.2432798574,
    "operatingIncome": 264300000,
    "operatingIncomeRatio": 0.1884491979,
    "totalOtherIncomeExpensesNet": -18200000,
    "incomeBeforeTax": 246100000,
    "incomeBeforeTaxRatio": 0.1754723708,
    "incomeTaxExpense": 47300000,
    "netIncome": 198600000,
    "netIncomeRatio": 0.1416042781,
    "eps": 4.22,
    "epsdiluted": 4.15,
    "weightedAverageShsOut": 47100000,
    "weightedAverageShsOutDil": 47900000,
    "link": "https://www.sec.gov/Archives/edgar/data/1094285/000109428523000129/0001094285-23-000129-index.htm",
    "finalLink": "https://www.sec.gov/Archives/edgar/data/1094285/000109428523000129/tdy-20231001.htm"
  },
  {
    "date": "2023-07-02",
    "symbol": "TDY",
    "reportedCurrency": "USD",
    "cik": "0001094285",
    "fillingDate": "2023-07-31",
    "acceptedDate": "2023-07-31 17:25:13",
    "calendarYear": "2023",
    "period": "Q2",
    "revenue": 1424700000,
    "costOfRevenue": 806300000,
    "grossProfit": 618400000,
    "grossProfitRatio": 0.4340562926,
    "researchAndDevelopmentExpenses": 0,
    "generalAndAdministrativeExpenses": 310100000,
    "sellingAndMarketingExpenses": 2900000,
    "sellingGeneralAndAdministrativeExpenses": 313000000,
    "otherExpenses": 49300000,
    "operatingExpenses": 362300000,
    "costAndExpenses": 1168600000,
    "interestIncome": 0,
    "interestExpense": 22300000,
    "depreciationAndAmortization": 80000000,
    "ebitda": 336100000,
    "ebitdaratio": 0.2359093142,
    "operatingIncome": 256100000,
    "operatingIncomeRatio": 0.1797571419,
    "totalOtherIncomeExpensesNet": -21200000,
    "incomeBeforeTax": 234900000,
    "incomeBeforeTaxRatio": 0.1648768162,
    "incomeTaxExpense": 49400000,
    "netIncome": 185300000,
    "netIncomeRatio": 0.1300624693,
    "eps": 3.94,
    "epsdiluted": 3.87,
    "weightedAverageShsOut": 47000000,
    "weightedAverageShsOutDil": 47900000,
    "link": "https://www.sec.gov/Archives/edgar/data/1094285/000109428523000102/0001094285-23-000102-index.htm",
    "finalLink": "https://www.sec.gov/Archives/edgar/data/1094285/000109428523000102/tdy-20230702.htm"
  },
  {
    "date": "2023-04-02",
    "symbol": "TDY",
    "reportedCurrency": "USD",
    "cik": "0001094285",
    "fillingDate": "2023-04-28",
    "acceptedDate": "2023-04-28 16:40:16",
    "calendarYear": "2023",
    "period": "Q1",
    "revenue": 1383300000,
    "costOfRevenue": 790700000,
    "grossProfit": 592600000,
    "grossProfitRatio": 0.428395865,
    "researchAndDevelopmentExpenses": 0,
    "generalAndAdministrativeExpenses": 297100000,
    "sellingAndMarketingExpenses": 3300000,
    "sellingGeneralAndAdministrativeExpenses": 300400000,
    "otherExpenses": 49700000,
    "operatingExpenses": 350100000,
    "costAndExpenses": 1140800000,
    "interestIncome": 0,
    "interestExpense": 21000000,
    "depreciationAndAmortization": 82100000,
    "ebitda": 324600000,
    "ebitdaratio": 0.2346562568,
    "operatingIncome": 242500000,
    "operatingIncomeRatio": 0.175305429,
    "totalOtherIncomeExpensesNet": -18800000,
    "incomeBeforeTax": 223700000,
    "incomeBeforeTaxRatio": 0.1617147401,
    "incomeTaxExpense": 44900000,
    "netIncome": 178700000,
    "netIncomeRatio": 0.1291838358,
    "eps": 3.81,
    "epsdiluted": 3.73,
    "weightedAverageShsOut": 46900000,
    "weightedAverageShsOutDil": 47900000,
    "link": "https://www.sec.gov/Archives/edgar/data/1094285/000109428523000083/0001094285-23-000083-index.htm",
    "finalLink": "https://www.sec.gov/Archives/edgar/data/1094285/000109428523000083/tdy-20230402.htm"
  },
  {
    "date": "2023-01-01",
    "symbol": "TDY",
    "reportedCurrency": "USD",
    "cik": "0001094285",
    "fillingDate": "2023-02-24",
    "acceptedDate": "2023-02-24 17:26:54",
    "calendarYear": "2022",
    "period": "Q4",
    "revenue": 1418200000,
    "costOfRevenue": 801300000,
    "grossProfit": 616900000,
    "grossProfitRatio": 0.434988013,
    "researchAndDevelopmentExpenses": 0,
    "generalAndAdministrativeExpenses": 292400000,
    "sellingAndMarketingExpenses": 2800000,
    "sellingGeneralAndAdministrativeExpenses": 295200000,
    "otherExpenses": 47900000,
    "operatingExpenses": 343100000,
    "costAndExpenses": 1144400000,
    "interestIncome": 0,
    "interestExpense": 22500000,
    "depreciationAndAmortization": 81800000,
    "ebitda": 356600000,
    "ebitdaratio": 0.2514454943,
    "operatingIncome": 273800000,
    "operatingIncomeRatio": 0.1930616274,
    "totalOtherIncomeExpensesNet": -21500000,
    "incomeBeforeTax": 252300000,
    "incomeBeforeTaxRatio": 0.1779015654,
    "incomeTaxExpense": 25500000,
    "netIncome": 226400000,
    "netIncomeRatio": 0.159638979,
    "eps": 4.73,
    "epsdiluted": 4.74,
    "weightedAverageShsOut": 47800000,
    "weightedAverageShsOutDil": 47800000,
    "link": "https://www.sec.gov/Archives/edgar/data/1094285/000109428523000053/0001094285-23-000053-index.htm",
    "finalLink": "https://www.sec.gov/Archives/edgar/data/1094285/000109428523000053/tdy-20230101.htm"
  },
  {
    "date": "2022-10-02",
    "symbol": "TDY",
    "reportedCurrency": "USD",
    "cik": "0001094285",
    "fillingDate": "2022-11-02",
    "acceptedDate": "2022-11-01 19:50:54",
    "calendarYear": "2022",
    "period": "Q3",
    "revenue": 1363600000,
    "costOfRevenue": 785800000,
    "grossProfit": 577800000,
    "grossProfitRatio": 0.4237312995,
    "researchAndDevelopmentExpenses": 0,
    "generalAndAdministrativeExpenses": 280800000,
    "sellingAndMarketingExpenses": 2900000,
    "sellingGeneralAndAdministrativeExpenses": 283700000,
    "otherExpenses": 48900000,
    "operatingExpenses": 332600000,
    "costAndExpenses": 1118400000,
    "interestIncome": 0,
    "interestExpense": 22000000,
    "depreciationAndAmortization": 80800000,
    "ebitda": 334100000,
    "ebitdaratio": 0.2450132004,
    "operatingIncome": 245200000,
    "operatingIncomeRatio": 0.1798181285,
    "totalOtherIncomeExpensesNet": -13900000,
    "incomeBeforeTax": 231300000,
    "incomeBeforeTaxRatio": 0.1696245233,
    "incomeTaxExpense": 53100000,
    "netIncome": 178300000,
    "netIncomeRatio": 0.1307568202,
    "eps": 3.74,
    "epsdiluted": 3.74,
    "weightedAverageShsOut": 47673796,
    "weightedAverageShsOutDil": 47700000,
    "link": "https://www.sec.gov/Archives/edgar/data/1094285/000109428522000121/0001094285-22-000121-index.htm",
    "finalLink": "https://www.sec.gov/Archives/edgar/data/1094285/000109428522000121/tdy-20221002.htm"
  },
  {
    "date": "2022-07-03",
    "symbol": "TDY",
    "reportedCurrency": "USD",
    "cik": "0001094285",
    "fillingDate": "2022-08-01",
    "acceptedDate": "2022-08-01 17:11:31",
    "calendarYear": "2022",
    "period": "Q2",
    "revenue": 1355800000,
    "costOfRevenue": 788600000,
    "grossProfit": 567200000,
    "grossProfitRatio": 0.4183507892,
    "researchAndDevelopmentExpenses": 0,
    "generalAndAdministrativeExpenses": 283500000,
    "sellingAndMarketingExpenses": 2900000,
    "sellingGeneralAndAdministrativeExpenses": 286400000,
    "otherExpenses": 51300000,
    "operatingExpenses": 337700000,
    "costAndExpenses": 1126300000,
    "interestIncome": 0,
    "interestExpense": 22500000,
    "depreciationAndAmortization": 82700000,
    "ebitda": 312200000,
    "ebitdaratio": 0.2302699513,
    "operatingIncome": 229500000,
    "operatingIncomeRatio": 0.1692727541,
    "totalOtherIncomeExpensesNet": -8000000,
    "incomeBeforeTax": 221500000,
    "incomeBeforeTaxRatio": 0.1633721788,
    "incomeTaxExpense": 50200000,
    "netIncome": 171300000,
    "netIncomeRatio": 0.1263460687,
    "eps": 3.66,
    "epsdiluted": 3.59,
    "weightedAverageShsOut": 46862209,
    "weightedAverageShsOutDil": 47700000,
    "link": "https://www.sec.gov/Archives/edgar/data/1094285/000109428522000099/0001094285-22-000099-index.htm",
    "finalLink": "https://www.sec.gov/Archives/edgar/data/1094285/000109428522000099/tdy-20220703.htm"
  },
  {
    "date": "2022-04-03",
    "symbol": "TDY",
    "reportedCurrency": "USD",
    "cik": "0001094285",
    "fillingDate": "2022-05-03",
    "acceptedDate": "2022-05-02 19:07:05",
    "calendarYear": "2022",
    "period": "Q1",
    "revenue": 1321000000,
    "costOfRevenue": 752600000,
    "grossProfit": 568400000,
    "grossProfitRatio": 0.4302800908,
    "researchAndDevelopmentExpenses": 0,
    "generalAndAdministrativeExpenses": 288500000,
    "sellingAndMarketingExpenses": 2800000,
    "sellingGeneralAndAdministrativeExpenses": 291300000,
    "otherExpenses": 53600000,
    "operatingExpenses": 344900000,
    "costAndExpenses": 1097500000,
    "interestIncome": 0,
    "interestExpense": 22300000,
    "depreciationAndAmortization": 86900000,
    "ebitda": 312200000,
    "ebitdaratio": 0.236336109,
    "operatingIncome": 223500000,
    "operatingIncomeRatio": 0.1691900076,
    "totalOtherIncomeExpensesNet": -20500000,
    "incomeBeforeTax": 203000000,
    "incomeBeforeTaxRatio": 0.153671461,
    "incomeTaxExpense": -9600000,
    "netIncome": 212600000,
    "netIncomeRatio": 0.1609386828,
    "eps": 4.54,
    "epsdiluted": 4.46,
    "weightedAverageShsOut": 46827834,
    "weightedAverageShsOutDil": 47700000,
    "link": "https://www.sec.gov/Archives/edgar/data/1094285/000109428522000081/0001094285-22-000081-index.htm",
    "finalLink": "https://www.sec.gov/Archives/edgar/data/1094285/000109428522000081/tdy-20220403.htm"
  },
  {
    "date": "2022-01-02",
    "symbol": "TDY",
    "reportedCurrency": "USD",
    "cik": "0001094285",
    "fillingDate": "2022-02-25",
    "acceptedDate": "2022-02-25 17:20:39",
    "calendarYear": "2021",
    "period": "Q4",
    "revenue": 1375700000,
    "costOfRevenue": 829600000,
    "grossProfit": 546100000,
    "grossProfitRatio": 0.3969615468,
    "researchAndDevelopmentExpenses": 0,
    "generalAndAdministrativeExpenses": 296800000,
    "sellingAndMarketingExpenses": 2800000,
    "sellingGeneralAndAdministrativeExpenses": 299600000,
    "otherExpenses": 51400000,
    "operatingExpenses": 351000000,
    "costAndExpenses": 1180600000,
    "interestIncome": 0,
    "interestExpense": 23500000,
    "depreciationAndAmortization": 134000000,
    "ebitda": 330000000,
    "ebitdaratio": 0.2398778804,
    "operatingIncome": 195100000,
    "operatingIncomeRatio": 0.1418187105,
    "totalOtherIncomeExpensesNet": -22600000,
    "incomeBeforeTax": 172500000,
    "incomeBeforeTaxRatio": 0.1253907102,
    "incomeTaxExpense": 10700000,
    "netIncome": 161800000,
    "netIncomeRatio": 0.1176128516,
    "eps": 3.47,
    "epsdiluted": 3.39,
    "weightedAverageShsOut": 46692296,
    "weightedAverageShsOutDil": 47700000,
    "link": "https://www.sec.gov/Archives/edgar/data/1094285/000109428522000049/0001094285-22-000049-index.htm",
    "finalLink": "https://www.sec.gov/Archives/edgar/data/1094285/000109428522000049/tdy-20220102.htm"
  },
  {
    "date": "2021-10-03",
    "symbol": "TDY",
    "reportedCurrency": "USD",
    "cik": "0001094285",
    "fillingDate": "2021-10-28",
    "acceptedDate": "2021-10-28 17:18:29",
    "calendarYear": "2021",
    "period": "Q3",
    "revenue": 1311900000,
    "costOfRevenue": 787700000,
    "grossProfit": 524200000,
    "grossProfitRatio": 0.3995731382,
    "researchAndDevelopmentExpenses": 0,
    "generalAndAdministrativeExpenses": 276500000,
    "sellingAndMarketingExpenses": 2800000,
    "sellingGeneralAndAdministrativeExpenses": 279300000,
    "otherExpenses": 55300000,
    "operatingExpenses": 334600000,
    "costAndExpenses": 1122300000,
    "interestIncome": 0,
    "interestExpense": 23800000,
    "depreciationAndAmortization": 125400000,
    "ebitda": 317100000,
    "ebitdaratio": 0.2417104962,
    "operatingIncome": 189600000,
    "operatingIncomeRatio": 0.1445232106,
    "totalOtherIncomeExpensesNet": -21700000,
    "incomeBeforeTax": 167900000,
    "incomeBeforeTaxRatio": 0.1279823157,
    "incomeTaxExpense": 33800000,
    "netIncome": 134100000,
    "netIncomeRatio": 0.1022181569,
    "eps": 2.88,
    "epsdiluted": 2.81,
    "weightedAverageShsOut": 46653888,
    "weightedAverageShsOutDil": 47700000,
    "link": "https://www.sec.gov/Archives/edgar/data/1094285/000109428521000170/0001094285-21-000170-index.htm",
    "finalLink": "https://www.sec.gov/Archives/edgar/data/1094285/000109428521000170/tdy-20211003.htm"
  },
  {
    "date": "2021-07-04",
    "symbol": "TDY",
    "reportedCurrency": "USD",
    "cik": "0001094285",
    "fillingDate": "2021-08-02",
    "acceptedDate": "2021-07-30 21:26:05",
    "calendarYear": "2021",
    "period": "Q2",
    "revenue": 1121000000,
    "costOfRevenue": 663100000,
    "grossProfit": 457900000,
    "grossProfitRatio": 0.4084745763,
    "researchAndDevelopmentExpenses": 0,
    "generalAndAdministrativeExpenses": 317900000,
    "sellingAndMarketingExpenses": 2800000,
    "sellingGeneralAndAdministrativeExpenses": 320700000,
    "otherExpenses": 32800000,
    "operatingExpenses": 353500000,
    "costAndExpenses": 1016600000,
    "interestIncome": 0,
    "interestExpense": 21200000,
    "depreciationAndAmortization": 83100000,
    "ebitda": 196400000,
    "ebitdaratio": 0.1752007136,
    "operatingIncome": 104400000,
    "operatingIncomeRatio": 0.0931311329,
    "totalOtherIncomeExpensesNet": -12300000,
    "incomeBeforeTax": 92100000,
    "incomeBeforeTaxRatio": 0.0821587868,
    "incomeTaxExpense": 27400000,
    "netIncome": 64700000,
    "netIncomeRatio": 0.0577163247,
    "eps": 1.39,
    "epsdiluted": 1.39,
    "weightedAverageShsOut": 46605286,
    "weightedAverageShsOutDil": 46605286,
    "link": "https://www.sec.gov/Archives/edgar/data/1094285/000109428521000140/0001094285-21-000140-index.htm",
    "finalLink": "https://www.sec.gov/Archives/edgar/data/1094285/000109428521000140/tdy-20210704.htm"
  },
  {
    "date": "2021-04-04",
    "symbol": "TDY",
    "reportedCurrency": "USD",
    "cik": "0001094285",
    "fillingDate": "2021-04-30",
    "acceptedDate": "2021-04-29 21:36:26",
    "calendarYear": "2021",
    "period": "Q1",
    "revenue": 805700000,
    "costOfRevenue": 492500000,
    "grossProfit": 313200000,
    "grossProfitRatio": 0.3887302966,
    "researchAndDevelopmentExpenses": 0,
    "generalAndAdministrativeExpenses": 165400000,
    "sellingAndMarketingExpenses": 2800000,
    "sellingGeneralAndAdministrativeExpenses": 168200000,
    "otherExpenses": 9800000,
    "operatingExpenses": 178000000,
    "costAndExpenses": 670500000,
    "interestIncome": 0,
    "interestExpense": 35700000,
    "depreciationAndAmortization": 29300000,
    "ebitda": 166300000,
    "ebitdaratio": 0.2064043689,
    "operatingIncome": 135200000,
    "operatingIncomeRatio": 0.1678043937,
    "totalOtherIncomeExpensesNet": -33900000,
    "incomeBeforeTax": 101300000,
    "incomeBeforeTaxRatio": 0.1257291796,
    "incomeTaxExpense": 16600000,
    "netIncome": 84700000,
    "netIncomeRatio": 0.1051259774,
    "eps": 2.29,
    "epsdiluted": 2.23,
    "weightedAverageShsOut": 37060838,
    "weightedAverageShsOutDil": 38000000,
    "link": "https://www.sec.gov/Archives/edgar/data/1094285/000109428521000111/0001094285-21-000111-index.htm",
    "finalLink": "https://www.sec.gov/Archives/edgar/data/1094285/000109428521000111/tdy-20210404.htm"
  },
  {
    "date": "2021-01-03",
    "symbol": "TDY",
    "reportedCurrency": "USD",
    "cik": "0001094285",
    "fillingDate": "2021-02-26",
    "acceptedDate": "2021-02-25 20:33:11",
    "calendarYear": "2020",
    "period": "Q4",
    "revenue": 809300000,
    "costOfRevenue": 493600000,
    "grossProfit": 315700000,
    "grossProfitRatio": 0.3900902014,
    "researchAndDevelopmentExpenses": 0,
    "generalAndAdministrativeExpenses": 168700000,
    "sellingAndMarketingExpenses": 3200000,
    "sellingGeneralAndAdministrativeExpenses": 171900000,
    "otherExpenses": 0,
    "operatingExpenses": 171900000,
    "costAndExpenses": 665500000,
    "interestIncome": 0,
    "interestExpense": 3400000,
    "depreciationAndAmortization": 28700000,
    "ebitda": 173200000,
    "ebitdaratio": 0.2140121092,
    "operatingIncome": 143800000,
    "operatingIncomeRatio": 0.1776844186,
    "totalOtherIncomeExpensesNet": -2700000,
    "incomeBeforeTax": 141100000,
    "incomeBeforeTaxRatio": 0.1743482022,
    "incomeTaxExpense": 9000000,
    "netIncome": 132100000,
    "netIncomeRatio": 0.1632274805,
    "eps": 3.57,
    "epsdiluted": 3.48,
    "weightedAverageShsOut": 36951607,
    "weightedAverageShsOutDil": 38000000,
    "link": "https://www.sec.gov/Archives/edgar/data/1094285/000109428521000066/0001094285-21-000066-index.htm",
    "finalLink": "https://www.sec.gov/Archives/edgar/data/1094285/000109428521000066/tdy-20210103.htm"
  },
  {
    "date": "2020-09-27",
    "symbol": "TDY",
    "reportedCurrency": "USD",
    "cik": "0001094285",
    "fillingDate": "2020-10-22",
    "acceptedDate": "2020-10-21 18:11:48",
    "calendarYear": "2020",
    "period": "Q3",
    "revenue": 749000000,
    "costOfRevenue": 458500000,
    "grossProfit": 290500000,
    "grossProfitRatio": 0.3878504673,
    "researchAndDevelopmentExpenses": 0,
    "generalAndAdministrativeExpenses": 154900000,
    "sellingAndMarketingExpenses": 3200000,
    "sellingGeneralAndAdministrativeExpenses": 158100000,
    "otherExpenses": 9900000,
    "operatingExpenses": 168000000,
    "costAndExpenses": 626500000,
    "interestIncome": 0,
    "interestExpense": 4100000,
    "depreciationAndAmortization": 29200000,
    "ebitda": 153000000,
    "ebitdaratio": 0.2042723632,
    "operatingIncome": 122500000,
    "operatingIncomeRatio": 0.1635514019,
    "totalOtherIncomeExpensesNet": -2800000,
    "incomeBeforeTax": 119700000,
    "incomeBeforeTaxRatio": 0.1598130841,
    "incomeTaxExpense": 25800000,
    "netIncome": 93900000,
    "netIncomeRatio": 0.1253671562,
    "eps": 2.55,
    "epsdiluted": 2.48,
    "weightedAverageShsOut": 36871712,
    "weightedAverageShsOutDil": 37800000,
    "link": "https://www.sec.gov/Archives/edgar/data/1094285/000109428520000163/0001094285-20-000163-index.htm",
    "finalLink": "https://www.sec.gov/Archives/edgar/data/1094285/000109428520000163/tdy-20200927.htm"
  },
  {
    "date": "2020-06-28",
    "symbol": "TDY",
    "reportedCurrency": "USD",
    "cik": "0001094285",
    "fillingDate": "2020-07-23",
    "acceptedDate": "2020-07-22 18:27:41",
    "calendarYear": "2020",
    "period": "Q2",
    "revenue": 743300000,
    "costOfRevenue": 460600000,
    "grossProfit": 282700000,
    "grossProfitRatio": 0.3803309565,
    "researchAndDevelopmentExpenses": 0,
    "generalAndAdministrativeExpenses": 160000000,
    "sellingAndMarketingExpenses": 3200000,
    "sellingGeneralAndAdministrativeExpenses": 163200000,
    "otherExpenses": 9700000,
    "operatingExpenses": 172900000,
    "costAndExpenses": 633500000,
    "interestIncome": 0,
    "interestExpense": 3700000,
    "depreciationAndAmortization": 29000000,
    "ebitda": 140600000,
    "ebitdaratio": 0.1891564644,
    "operatingIncome": 109800000,
    "operatingIncomeRatio": 0.1477196287,
    "totalOtherIncomeExpensesNet": -1900000,
    "incomeBeforeTax": 107900000,
    "incomeBeforeTaxRatio": 0.1451634602,
    "incomeTaxExpense": 14200000,
    "netIncome": 93700000,
    "netIncomeRatio": 0.1260594645,
    "eps": 2.54,
    "epsdiluted": 2.48,
    "weightedAverageShsOut": 36856873,
    "weightedAverageShsOutDil": 37800000,
    "link": "https://www.sec.gov/Archives/edgar/data/1094285/000109428520000139/0001094285-20-000139-index.htm",
    "finalLink": "https://www.sec.gov/Archives/edgar/data/1094285/000109428520000139/tdy-20200628.htm"
  },
  {
    "date": "2020-03-29",
    "symbol": "TDY",
    "reportedCurrency": "USD",
    "cik": "0001094285",
    "fillingDate": "2020-04-22",
    "acceptedDate": "2020-04-22 17:05:51",
    "calendarYear": "2020",
    "period": "Q1",
    "revenue": 784600000,
    "costOfRevenue": 492600000,
    "grossProfit": 292000000,
    "grossProfitRatio": 0.3721641601,
    "researchAndDevelopmentExpenses": 0,
    "generalAndAdministrativeExpenses": 185500000,
    "sellingAndMarketingExpenses": 2500000,
    "sellingGeneralAndAdministrativeExpenses": 188000000,
    "otherExpenses": 0,
    "operatingExpenses": 188000000,
    "costAndExpenses": 680600000,
    "interestIncome": 0,
    "interestExpense": 4100000,
    "depreciationAndAmortization": 29300000,
    "ebitda": 134400000,
    "ebitdaratio": 0.1712974764,
    "operatingIncome": 104000000,
    "operatingIncomeRatio": 0.1325516187,
    "totalOtherIncomeExpensesNet": -3000000,
    "incomeBeforeTax": 101000000,
    "incomeBeforeTaxRatio": 0.1287280143,
    "incomeTaxExpense": 18800000,
    "netIncome": 82200000,
    "netIncomeRatio": 0.1047667601,
    "eps": 2.25,
    "epsdiluted": 2.17,
    "weightedAverageShsOut": 36600000,
    "weightedAverageShsOutDil": 37800000,
    "link": "https://www.sec.gov/Archives/edgar/data/1094285/000109428520000068/0001094285-20-000068-index.htm",
    "finalLink": "https://www.sec.gov/Archives/edgar/data/1094285/000109428520000068/tdy-20200329.htm"
  },
  {
    "date": "2019-12-29",
    "symbol": "TDY",
    "reportedCurrency": "USD",
    "cik": "0001094285",
    "fillingDate": "2020-02-24",
    "acceptedDate": "2020-02-21 20:25:22",
    "calendarYear": "2019",
    "period": "Q4",
    "revenue": 834200000,
    "costOfRevenue": 505100000,
    "grossProfit": 329100000,
    "grossProfitRatio": 0.3945097099,
    "researchAndDevelopmentExpenses": 0,
    "generalAndAdministrativeExpenses": 193400000,
    "sellingAndMarketingExpenses": 1900000,
    "sellingGeneralAndAdministrativeExpenses": 195300000,
    "otherExpenses": 0,
    "operatingExpenses": 195300000,
    "costAndExpenses": 700400000,
    "interestIncome": 0,
    "interestExpense": 4700000,
    "depreciationAndAmortization": 29300000,
    "ebitda": 163500000,
    "ebitdaratio": 0.195996164,
    "operatingIncome": 133800000,
    "operatingIncomeRatio": 0.1603931911,
    "totalOtherIncomeExpensesNet": -4300000,
    "incomeBeforeTax": 129500000,
    "incomeBeforeTaxRatio": 0.1552385519,
    "incomeTaxExpense": 13800000,
    "netIncome": 115700000,
    "netIncomeRatio": 0.1386957564,
    "eps": 3.17,
    "epsdiluted": 3.06,
    "weightedAverageShsOut": 36547966,
    "weightedAverageShsOutDil": 37800000,
    "link": "https://www.sec.gov/Archives/edgar/data/1094285/000109428520000045/0001094285-20-000045-index.htm",
    "finalLink": "https://www.sec.gov/Archives/edgar/data/1094285/000109428520000045/tdy-20191229.htm"
  },
  {
    "date": "2019-09-29",
    "symbol": "TDY",
    "reportedCurrency": "USD",
    "cik": "0001094285",
    "fillingDate": "2019-10-28",
    "acceptedDate": "2019-10-25 19:52:04",
    "calendarYear": "2019",
    "period": "Q3",
    "revenue": 802200000,
    "costOfRevenue": 487700000,
    "grossProfit": 314500000,
    "grossProfitRatio": 0.3920468711,
    "researchAndDevelopmentExpenses": 0,
    "generalAndAdministrativeExpenses": 183900000,
    "sellingAndMarketingExpenses": 1900000,
    "sellingGeneralAndAdministrativeExpenses": 185800000,
    "otherExpenses": 0,
    "operatingExpenses": 185800000,
    "costAndExpenses": 673500000,
    "interestIncome": 0,
    "interestExpense": 5500000,
    "depreciationAndAmortization": 27900000,
    "ebitda": 156800000,
    "ebitdaratio": 0.1954624782,
    "operatingIncome": 128700000,
    "operatingIncomeRatio": 0.160433807,
    "totalOtherIncomeExpensesNet": -5300000,
    "incomeBeforeTax": 123400000,
    "incomeBeforeTaxRatio": 0.1538269758,
    "incomeTaxExpense": 16700000,
    "netIncome": 106700000,
    "netIncomeRatio": 0.1330092246,
    "eps": 2.93,
    "epsdiluted": 2.84,
    "weightedAverageShsOut": 36468438,
    "weightedAverageShsOutDil": 37600000,
    "link": "https://www.sec.gov/Archives/edgar/data/1094285/000109428519000162/0001094285-19-000162-index.htm",
    "finalLink": "https://www.sec.gov/Archives/edgar/data/1094285/000109428519000162/tdy-20190929.htm"
  },
  {
    "date": "2019-06-30",
    "symbol": "TDY",
    "reportedCurrency": "USD",
    "cik": "0001094285",
    "fillingDate": "2019-07-29",
    "acceptedDate": "2019-07-26 20:34:55",
    "calendarYear": "2019",
    "period": "Q2",
    "revenue": 782000000,
    "costOfRevenue": 463600000,
    "grossProfit": 318400000,
    "grossProfitRatio": 0.4071611253,
    "researchAndDevelopmentExpenses": 0,
    "generalAndAdministrativeExpenses": 184500000,
    "sellingAndMarketingExpenses": 2000000,
    "sellingGeneralAndAdministrativeExpenses": 186500000,
    "otherExpenses": 0,
    "operatingExpenses": 186500000,
    "costAndExpenses": 650100000,
    "interestIncome": 0,
    "interestExpense": 5400000,
    "depreciationAndAmortization": 27100000,
    "ebitda": 160400000,
    "ebitdaratio": 0.2051150895,
    "operatingIncome": 131900000,
    "operatingIncomeRatio": 0.1686700767,
    "totalOtherIncomeExpensesNet": -4000000,
    "incomeBeforeTax": 127900000,
    "incomeBeforeTaxRatio": 0.1635549872,
    "incomeTaxExpense": 23300000,
    "netIncome": 104600000,
    "netIncomeRatio": 0.1337595908,
    "eps": 2.88,
    "epsdiluted": 2.8,
    "weightedAverageShsOut": 36376376,
    "weightedAverageShsOutDil": 37400000,
    "link": "https://www.sec.gov/Archives/edgar/data/1094285/000109428519000138/0001094285-19-000138-index.htm",
    "finalLink": "https://www.sec.gov/Archives/edgar/data/1094285/000109428519000138/tdy-10q220190630.htm"
  },
  {
    "date": "2019-03-31",
    "symbol": "TDY",
    "reportedCurrency": "USD",
    "cik": "0001094285",
    "fillingDate": "2019-04-29",
    "acceptedDate": "2019-04-26 19:51:20",
    "calendarYear": "2019",
    "period": "Q1",
    "revenue": 745200000,
    "costOfRevenue": 463900000,
    "grossProfit": 281300000,
    "grossProfitRatio": 0.377482555,
    "researchAndDevelopmentExpenses": 0,
    "generalAndAdministrativeExpenses": 181800000,
    "sellingAndMarketingExpenses": 2200000,
    "sellingGeneralAndAdministrativeExpenses": 184000000,
    "otherExpenses": 0,
    "operatingExpenses": 184000000,
    "costAndExpenses": 647900000,
    "interestIncome": 0,
    "interestExpense": 5400000,
    "depreciationAndAmortization": 27600000,
    "ebitda": 125900000,
    "ebitdaratio": 0.1689479334,
    "operatingIncome": 97300000,
    "operatingIncomeRatio": 0.1305689748,
    "totalOtherIncomeExpensesNet": -4400000,
    "incomeBeforeTax": 92900000,
    "incomeBeforeTaxRatio": 0.1246645196,
    "incomeTaxExpense": 17600000,
    "netIncome": 75300000,
    "netIncomeRatio": 0.1010466989,
    "eps": 2.08,
    "epsdiluted": 2.02,
    "weightedAverageShsOut": 36232598,
    "weightedAverageShsOutDil": 37200000,
    "link": "https://www.sec.gov/Archives/edgar/data/1094285/000109428519000080/0001094285-19-000080-index.htm",
    "finalLink": "https://www.sec.gov/Archives/edgar/data/1094285/000109428519000080/tdy-10q120190331.htm"
  },
  {
    "date": "2018-12-30",
    "symbol": "TDY",
    "reportedCurrency": "USD",
    "cik": "0001094285",
    "fillingDate": "2019-02-25",
    "acceptedDate": "2019-02-22 20:43:01",
    "calendarYear": "2018",
    "period": "Q4",
    "revenue": 748400000,
    "costOfRevenue": 459600000,
    "grossProfit": 288800000,
    "grossProfitRatio": 0.3858898985,
    "researchAndDevelopmentExpenses": 0,
    "generalAndAdministrativeExpenses": 174200000,
    "sellingAndMarketingExpenses": 3400000,
    "sellingGeneralAndAdministrativeExpenses": 177600000,
    "otherExpenses": 0,
    "operatingExpenses": 177600000,
    "costAndExpenses": 637200000,
    "interestIncome": 0,
    "interestExpense": 5700000,
    "depreciationAndAmortization": 29300000,
    "ebitda": 142100000,
    "ebitdaratio": 0.1898717263,
    "operatingIncome": 111200000,
    "operatingIncomeRatio": 0.1485836451,
    "totalOtherIncomeExpensesNet": -4100000,
    "incomeBeforeTax": 107100000,
    "incomeBeforeTaxRatio": 0.1431052913,
    "incomeTaxExpense": 16000000,
    "netIncome": 91100000,
    "netIncomeRatio": 0.1217263495,
    "eps": 2.52,
    "epsdiluted": 2.45,
    "weightedAverageShsOut": 36087297,
    "weightedAverageShsOutDil": 37200000,
    "link": "https://www.sec.gov/Archives/edgar/data/1094285/000109428519000064/0001094285-19-000064-index.htm",
    "finalLink": "https://www.sec.gov/Archives/edgar/data/1094285/000109428519000064/tdy-2018x10k.htm"
  },
  {
    "date": "2018-09-30",
    "symbol": "TDY",
    "reportedCurrency": "USD",
    "cik": "0001094285",
    "fillingDate": "2018-10-29",
    "acceptedDate": "2018-10-26 19:15:38",
    "calendarYear": "2018",
    "period": "Q3",
    "revenue": 725300000,
    "costOfRevenue": 446200000,
    "grossProfit": 279100000,
    "grossProfitRatio": 0.3848062871,
    "researchAndDevelopmentExpenses": 0,
    "generalAndAdministrativeExpenses": 170200000,
    "sellingAndMarketingExpenses": 3400000,
    "sellingGeneralAndAdministrativeExpenses": 173600000,
    "otherExpenses": 0,
    "operatingExpenses": 173600000,
    "costAndExpenses": 619800000,
    "interestIncome": 0,
    "interestExpense": 6000000,
    "depreciationAndAmortization": 27300000,
    "ebitda": 133500000,
    "ebitdaratio": 0.1840617675,
    "operatingIncome": 105500000,
    "operatingIncomeRatio": 0.1454570523,
    "totalOtherIncomeExpensesNet": -5300000,
    "incomeBeforeTax": 100200000,
    "incomeBeforeTaxRatio": 0.1381497311,
    "incomeTaxExpense": 9900000,
    "netIncome": 90300000,
    "netIncomeRatio": 0.1245002068,
    "eps": 2.5,
    "epsdiluted": 2.43,
    "weightedAverageShsOut": 36072347,
    "weightedAverageShsOutDil": 37200000,
    "link": "https://www.sec.gov/Archives/edgar/data/1094285/000109428518000152/0001094285-18-000152-index.htm",
    "finalLink": "https://www.sec.gov/Archives/edgar/data/1094285/000109428518000152/tdy-10q320189030.htm"
  },
  {
    "date": "2018-07-01",
    "symbol": "TDY",
    "reportedCurrency": "USD",
    "cik": "0001094285",
    "fillingDate": "2018-08-06",
    "acceptedDate": "2018-08-03 19:49:19",
    "calendarYear": "2018",
    "period": "Q2",
    "revenue": 732500000,
    "costOfRevenue": 447000000,
    "grossProfit": 285500000,
    "grossProfitRatio": 0.3897610922,
    "researchAndDevelopmentExpenses": 0,
    "generalAndAdministrativeExpenses": 170700000,
    "sellingAndMarketingExpenses": 3300000,
    "sellingGeneralAndAdministrativeExpenses": 174000000,
    "otherExpenses": 0,
    "operatingExpenses": 174000000,
    "costAndExpenses": 621000000,
    "interestIncome": 0,
    "interestExpense": 6700000,
    "depreciationAndAmortization": 27600000,
    "ebitda": 138700000,
    "ebitdaratio": 0.1893515358,
    "operatingIncome": 111500000,
    "operatingIncomeRatio": 0.15221843,
    "totalOtherIncomeExpensesNet": -7100000,
    "incomeBeforeTax": 104400000,
    "incomeBeforeTaxRatio": 0.1425255973,
    "incomeTaxExpense": 18500000,
    "netIncome": 85900000,
    "netIncomeRatio": 0.1172696246,
    "eps": 2.4,
    "epsdiluted": 2.32,
    "weightedAverageShsOut": 35908645,
    "weightedAverageShsOutDil": 37000000,
    "link": "https://www.sec.gov/Archives/edgar/data/1094285/000109428518000120/0001094285-18-000120-index.htm",
    "finalLink": "https://www.sec.gov/Archives/edgar/data/1094285/000109428518000120/tdy-10q220180701.htm"
  },
  {
    "date": "2018-04-01",
    "symbol": "TDY",
    "reportedCurrency": "USD",
    "cik": "0001094285",
    "fillingDate": "2018-05-08",
    "acceptedDate": "2018-05-07 20:00:26",
    "calendarYear": "2018",
    "period": "Q1",
    "revenue": 695600000,
    "costOfRevenue": 438200000,
    "grossProfit": 257400000,
    "grossProfitRatio": 0.370040253,
    "researchAndDevelopmentExpenses": 0,
    "generalAndAdministrativeExpenses": 165600000,
    "sellingAndMarketingExpenses": 3400000,
    "sellingGeneralAndAdministrativeExpenses": 169000000,
    "otherExpenses": 0,
    "operatingExpenses": 169000000,
    "costAndExpenses": 607200000,
    "interestIncome": 0,
    "interestExpense": 7100000,
    "depreciationAndAmortization": 28800000,
    "ebitda": 118100000,
    "ebitdaratio": 0.1697814836,
    "operatingIncome": 88400000,
    "operatingIncomeRatio": 0.1270845313,
    "totalOtherIncomeExpensesNet": -6200000,
    "incomeBeforeTax": 82200000,
    "incomeBeforeTaxRatio": 0.1181713629,
    "incomeTaxExpense": 15700000,
    "netIncome": 66500000,
    "netIncomeRatio": 0.0956009201,
    "eps": 1.86,
    "epsdiluted": 1.81,
    "weightedAverageShsOut": 35739323,
    "weightedAverageShsOutDil": 36800000,
    "link": "https://www.sec.gov/Archives/edgar/data/1094285/000109428518000088/0001094285-18-000088-index.htm",
    "finalLink": "https://www.sec.gov/Archives/edgar/data/1094285/000109428518000088/tdy-10q120180401.htm"
  },
  {
    "date": "2017-12-31",
    "symbol": "TDY",
    "reportedCurrency": "USD",
    "cik": "0001094285",
    "fillingDate": "2018-02-27",
    "acceptedDate": "2018-02-27 17:03:17",
    "calendarYear": "2017",
    "period": "Q4",
    "revenue": 704400000,
    "costOfRevenue": 433900000,
    "grossProfit": 270500000,
    "grossProfitRatio": 0.3840147643,
    "researchAndDevelopmentExpenses": 0,
    "generalAndAdministrativeExpenses": 172100000,
    "sellingAndMarketingExpenses": 0,
    "sellingGeneralAndAdministrativeExpenses": 172100000,
    "otherExpenses": 0,
    "operatingExpenses": 172100000,
    "costAndExpenses": 606000000,
    "interestIncome": 0,
    "interestExpense": 7600000,
    "depreciationAndAmortization": 25600000,
    "ebitda": 121500000,
    "ebitdaratio": 0.1724872232,
    "operatingIncome": 98400000,
    "operatingIncomeRatio": 0.139693356,
    "totalOtherIncomeExpensesNet": -10100000,
    "incomeBeforeTax": 88300000,
    "incomeBeforeTaxRatio": 0.125354912,
    "incomeTaxExpense": 20700000,
    "netIncome": 67600000,
    "netIncomeRatio": 0.0959681999,
    "eps": 1.9,
    "epsdiluted": 1.84,
    "weightedAverageShsOut": 35540233,
    "weightedAverageShsOutDil": 36700000,
    "link": "https://www.sec.gov/Archives/edgar/data/1094285/000109428518000053/0001094285-18-000053-index.htm",
    "finalLink": "https://www.sec.gov/Archives/edgar/data/1094285/000109428518000053/tdy-2017x10k.htm"
  },
  {
    "date": "2017-10-01",
    "symbol": "TDY",
    "reportedCurrency": "USD",
    "cik": "0001094285",
    "fillingDate": "2017-11-07",
    "acceptedDate": "2017-11-06 19:57:32",
    "calendarYear": "2017",
    "period": "Q3",
    "revenue": 662200000,
    "costOfRevenue": 408600000,
    "grossProfit": 253600000,
    "grossProfitRatio": 0.3829658713,
    "researchAndDevelopmentExpenses": 0,
    "generalAndAdministrativeExpenses": 160700000,
    "sellingAndMarketingExpenses": 3400000,
    "sellingGeneralAndAdministrativeExpenses": 164100000,
    "otherExpenses": 0,
    "operatingExpenses": 164100000,
    "costAndExpenses": 572700000,
    "interestIncome": 0,
    "interestExpense": 8200000,
    "depreciationAndAmortization": 31400000,
    "ebitda": 121300000,
    "ebitdaratio": 0.1831772878,
    "operatingIncome": 89500000,
    "operatingIncomeRatio": 0.1351555421,
    "totalOtherIncomeExpensesNet": -7800000,
    "incomeBeforeTax": 81700000,
    "incomeBeforeTaxRatio": 0.1233766234,
    "incomeTaxExpense": 12700000,
    "netIncome": 69000000,
    "netIncomeRatio": 0.1041981275,
    "eps": 1.95,
    "epsdiluted": 1.9,
    "weightedAverageShsOut": 35436187,
    "weightedAverageShsOutDil": 36400000,
    "link": "https://www.sec.gov/Archives/edgar/data/1094285/000109428517000119/0001094285-17-000119-index.htm",
    "finalLink": "https://www.sec.gov/Archives/edgar/data/1094285/000109428517000119/tdy-10q320171001.htm"
  },
  {
    "date": "2017-07-02",
    "symbol": "TDY",
    "reportedCurrency": "USD",
    "cik": "0001094285",
    "fillingDate": "2017-08-08",
    "acceptedDate": "2017-08-07 20:24:23",
    "calendarYear": "2017",
    "period": "Q2",
    "revenue": 671100000,
    "costOfRevenue": 421200000,
    "grossProfit": 249900000,
    "grossProfitRatio": 0.3723737148,
    "researchAndDevelopmentExpenses": 0,
    "generalAndAdministrativeExpenses": 163700000,
    "sellingAndMarketingExpenses": 3400000,
    "sellingGeneralAndAdministrativeExpenses": 167100000,
    "otherExpenses": 0,
    "operatingExpenses": 167100000,
    "costAndExpenses": 588300000,
    "interestIncome": 0,
    "interestExpense": 9100000,
    "depreciationAndAmortization": 33200000,
    "ebitda": 118700000,
    "ebitdaratio": 0.1768737893,
    "operatingIncome": 82800000,
    "operatingIncomeRatio": 0.1233795262,
    "totalOtherIncomeExpensesNet": -6400000,
    "incomeBeforeTax": 76400000,
    "incomeBeforeTaxRatio": 0.1138429444,
    "incomeTaxExpense": 16300000,
    "netIncome": 60100000,
    "netIncomeRatio": 0.0895544628,
    "eps": 1.7,
    "epsdiluted": 1.66,
    "weightedAverageShsOut": 35331691,
    "weightedAverageShsOutDil": 36200000,
    "link": "https://www.sec.gov/Archives/edgar/data/1094285/000109428517000105/0001094285-17-000105-index.htm",
    "finalLink": "https://www.sec.gov/Archives/edgar/data/1094285/000109428517000105/tdy-10q220170702.htm"
  },
  {
    "date": "2017-04-02",
    "symbol": "TDY",
    "reportedCurrency": "USD",
    "cik": "0001094285",
    "fillingDate": "2017-05-11",
    "acceptedDate": "2017-05-11 17:05:01",
    "calendarYear": "2017",
    "period": "Q1",
    "revenue": 566100000,
    "costOfRevenue": 357000000,
    "grossProfit": 209100000,
    "grossProfitRatio": 0.3693693694,
    "researchAndDevelopmentExpenses": 0,
    "generalAndAdministrativeExpenses": 151000000,
    "sellingAndMarketingExpenses": 3300000,
    "sellingGeneralAndAdministrativeExpenses": 154300000,
    "otherExpenses": 0,
    "operatingExpenses": 154300000,
    "costAndExpenses": 511300000,
    "interestIncome": 0,
    "interestExpense": 8200000,
    "depreciationAndAmortization": 22800000,
    "ebitda": 71600000,
    "ebitdaratio": 0.1264794206,
    "operatingIncome": 54800000,
    "operatingIncomeRatio": 0.096802685,
    "totalOtherIncomeExpensesNet": -14200000,
    "incomeBeforeTax": 40600000,
    "incomeBeforeTaxRatio": 0.0717187776,
    "incomeTaxExpense": 10100000,
    "netIncome": 30500000,
    "netIncomeRatio": 0.0538774068,
    "eps": 0.87,
    "epsdiluted": 0.84,
    "weightedAverageShsOut": 35238500,
    "weightedAverageShsOutDil": 36100000,
    "link": "https://www.sec.gov/Archives/edgar/data/1094285/000109428517000075/0001094285-17-000075-index.htm",
    "finalLink": "https://www.sec.gov/Archives/edgar/data/1094285/000109428517000075/tdy-10q120170402.htm"
  },
  {
    "date": "2017-01-01",
    "symbol": "TDY",
    "reportedCurrency": "USD",
    "cik": "0001094285",
    "fillingDate": "2017-03-02",
    "acceptedDate": "2017-03-02 15:44:39",
    "calendarYear": "2016",
    "period": "Q4",
    "revenue": 563000000,
    "costOfRevenue": 349200000,
    "grossProfit": 213800000,
    "grossProfitRatio": 0.3797513321,
    "researchAndDevelopmentExpenses": 0,
    "generalAndAdministrativeExpenses": 145800000,
    "sellingAndMarketingExpenses": 0,
    "sellingGeneralAndAdministrativeExpenses": 145800000,
    "otherExpenses": 0,
    "operatingExpenses": 145800000,
    "costAndExpenses": 495000000,
    "interestIncome": 0,
    "interestExpense": 6000000,
    "depreciationAndAmortization": 22300000,
    "ebitda": 85800000,
    "ebitdaratio": 0.1523978686,
    "operatingIncome": 68000000,
    "operatingIncomeRatio": 0.1207815275,
    "totalOtherIncomeExpensesNet": -10500000,
    "incomeBeforeTax": 60700000,
    "incomeBeforeTaxRatio": 0.1078152753,
    "incomeTaxExpense": 7300000,
    "netIncome": 53000000,
    "netIncomeRatio": 0.0941385435,
    "eps": 1.52,
    "epsdiluted": 1.48,
    "weightedAverageShsOut": 35110762,
    "weightedAverageShsOutDil": 35900000,
    "link": "https://www.sec.gov/Archives/edgar/data/1094285/000109428517000031/0001094285-17-000031-index.htm",
    "finalLink": "https://www.sec.gov/Archives/edgar/data/1094285/000109428517000031/tdy-2016x10k.htm"
  },
  {
    "date": "2016-10-02",
    "symbol": "TDY",
    "reportedCurrency": "USD",
    "cik": "0001094285",
    "fillingDate": "2016-11-08",
    "acceptedDate": "2016-11-07 19:23:33",
    "calendarYear": "2016",
    "period": "Q3",
    "revenue": 526800000,
    "costOfRevenue": 317000000,
    "grossProfit": 209800000,
    "grossProfitRatio": 0.3982536067,
    "researchAndDevelopmentExpenses": 0,
    "generalAndAdministrativeExpenses": 141000000,
    "sellingAndMarketingExpenses": 0,
    "sellingGeneralAndAdministrativeExpenses": 141000000,
    "otherExpenses": 0,
    "operatingExpenses": 141000000,
    "costAndExpenses": 458000000,
    "interestIncome": 0,
    "interestExpense": 5600000,
    "depreciationAndAmortization": 22800000,
    "ebitda": 90800000,
    "ebitdaratio": 0.1723614275,
    "operatingIncome": 68800000,
    "operatingIncomeRatio": 0.1305998481,
    "totalOtherIncomeExpensesNet": -6400000,
    "incomeBeforeTax": 64200000,
    "incomeBeforeTaxRatio": 0.1218678815,
    "incomeTaxExpense": 11100000,
    "netIncome": 52000000,
    "netIncomeRatio": 0.0987091875,
    "eps": 1.5,
    "epsdiluted": 1.46,
    "weightedAverageShsOut": 34940356,
    "weightedAverageShsOutDil": 35600000,
    "link": "https://www.sec.gov/Archives/edgar/data/1094285/000109428516000282/0001094285-16-000282-index.htm",
    "finalLink": "https://www.sec.gov/Archives/edgar/data/1094285/000109428516000282/tdy-20161002x10q3.htm"
  },
  {
    "date": "2016-07-03",
    "symbol": "TDY",
    "reportedCurrency": "USD",
    "cik": "0001094285",
    "fillingDate": "2016-08-09",
    "acceptedDate": "2016-08-08 21:15:33",
    "calendarYear": "2016",
    "period": "Q2",
    "revenue": 539700000,
    "costOfRevenue": 336200000,
    "grossProfit": 203500000,
    "grossProfitRatio": 0.3770613304,
    "researchAndDevelopmentExpenses": 0,
    "generalAndAdministrativeExpenses": 149900000,
    "sellingAndMarketingExpenses": 0,
    "sellingGeneralAndAdministrativeExpenses": 149900000,
    "otherExpenses": 0,
    "operatingExpenses": 149900000,
    "costAndExpenses": 486100000,
    "interestIncome": 0,
    "interestExpense": 5900000,
    "depreciationAndAmortization": 21700000,
    "ebitda": 92500000,
    "ebitdaratio": 0.1713915138,
    "operatingIncome": 53600000,
    "operatingIncomeRatio": 0.0993144339,
    "totalOtherIncomeExpensesNet": 11300000,
    "incomeBeforeTax": 65600000,
    "incomeBeforeTaxRatio": 0.1215490087,
    "incomeTaxExpense": 19500000,
    "netIncome": 46900000,
    "netIncomeRatio": 0.0869001297,
    "eps": 1.32,
    "epsdiluted": 1.31,
    "weightedAverageShsOut": 34619385,
    "weightedAverageShsOutDil": 35000000,
    "link": "https://www.sec.gov/Archives/edgar/data/1094285/000109428516000246/0001094285-16-000246-index.htm",
    "finalLink": "https://www.sec.gov/Archives/edgar/data/1094285/000109428516000246/tdy-20160703x10q2.htm"
  },
  {
    "date": "2016-04-03",
    "symbol": "TDY",
    "reportedCurrency": "USD",
    "cik": "0001094285",
    "fillingDate": "2016-05-09",
    "acceptedDate": "2016-05-06 19:35:53",
    "calendarYear": "2016",
    "period": "Q1",
    "revenue": 530500000,
    "costOfRevenue": 324800000,
    "grossProfit": 205700000,
    "grossProfitRatio": 0.3877474081,
    "researchAndDevelopmentExpenses": 0,
    "generalAndAdministrativeExpenses": 144800000,
    "sellingAndMarketingExpenses": 0,
    "sellingGeneralAndAdministrativeExpenses": 144800000,
    "otherExpenses": 0,
    "operatingExpenses": 144800000,
    "costAndExpenses": 469600000,
    "interestIncome": 0,
    "interestExpense": 5700000,
    "depreciationAndAmortization": 21100000,
    "ebitda": 80700000,
    "ebitdaratio": 0.1521206409,
    "operatingIncome": 60900000,
    "operatingIncomeRatio": 0.114797361,
    "totalOtherIncomeExpensesNet": -7000000,
    "incomeBeforeTax": 54000000,
    "incomeBeforeTaxRatio": 0.1017907634,
    "incomeTaxExpense": 15600000,
    "netIncome": 39000000,
    "netIncomeRatio": 0.0735155514,
    "eps": 1.11,
    "epsdiluted": 1.1,
    "weightedAverageShsOut": 34479367,
    "weightedAverageShsOutDil": 34900000,
    "link": "https://www.sec.gov/Archives/edgar/data/1094285/000109428516000225/0001094285-16-000225-index.htm",
    "finalLink": "https://www.sec.gov/Archives/edgar/data/1094285/000109428516000225/tdy-20160403x10q1.htm"
  },
  {
    "date": "2016-01-03",
    "symbol": "TDY",
    "reportedCurrency": "USD",
    "cik": "0001094285",
    "fillingDate": "2016-03-01",
    "acceptedDate": "2016-02-29 21:31:51",
    "calendarYear": "2015",
    "period": "Q4",
    "revenue": 600000000,
    "costOfRevenue": 378400000,
    "grossProfit": 221600000,
    "grossProfitRatio": 0.3693333333,
    "researchAndDevelopmentExpenses": 0,
    "generalAndAdministrativeExpenses": 145600000,
    "sellingAndMarketingExpenses": 0,
    "sellingGeneralAndAdministrativeExpenses": 145600000,
    "otherExpenses": 0,
    "operatingExpenses": 145600000,
    "costAndExpenses": 524000000,
    "interestIncome": 0,
    "interestExpense": 6000000,
    "depreciationAndAmortization": 22400000,
    "ebitda": 96700000,
    "ebitdaratio": 0.1611666667,
    "operatingIncome": 76000000,
    "operatingIncomeRatio": 0.1266666667,
    "totalOtherIncomeExpensesNet": -7700000,
    "incomeBeforeTax": 68300000,
    "incomeBeforeTaxRatio": 0.1138333333,
    "incomeTaxExpense": 12800000,
    "netIncome": 55500000,
    "netIncomeRatio": 0.0925,
    "eps": 1.57,
    "epsdiluted": 1.57,
    "weightedAverageShsOut": 34514599,
    "weightedAverageShsOutDil": 35400000,
    "link": "https://www.sec.gov/Archives/edgar/data/1094285/000109428516000177/0001094285-16-000177-index.htm",
    "finalLink": "https://www.sec.gov/Archives/edgar/data/1094285/000109428516000177/tdy-20160103x10k.htm"
  },
  {
    "date": "2015-09-27",
    "symbol": "TDY",
    "reportedCurrency": "USD",
    "cik": "0001094285",
    "fillingDate": "2015-11-03",
    "acceptedDate": "2015-11-03 14:58:21",
    "calendarYear": "2015",
    "period": "Q3",
    "revenue": 551700000,
    "costOfRevenue": 340300000,
    "grossProfit": 211400000,
    "grossProfitRatio": 0.3831792641,
    "researchAndDevelopmentExpenses": 0,
    "generalAndAdministrativeExpenses": 139600000,
    "sellingAndMarketingExpenses": 0,
    "sellingGeneralAndAdministrativeExpenses": 139600000,
    "otherExpenses": 0,
    "operatingExpenses": 139600000,
    "costAndExpenses": 479900000,
    "interestIncome": 0,
    "interestExpense": 6000000,
    "depreciationAndAmortization": 21800000,
    "ebitda": 91500000,
    "ebitdaratio": 0.165851006,
    "operatingIncome": 71800000,
    "operatingIncomeRatio": 0.1301431938,
    "totalOtherIncomeExpensesNet": -8100000,
    "incomeBeforeTax": 61400000,
    "incomeBeforeTaxRatio": 0.111292369,
    "incomeTaxExpense": 13100000,
    "netIncome": 48300000,
    "netIncomeRatio": 0.0875475802,
    "eps": 1.36,
    "epsdiluted": 1.34,
    "weightedAverageShsOut": 35438456,
    "weightedAverageShsOutDil": 36100000,
    "link": "https://www.sec.gov/Archives/edgar/data/1094285/000109428515000136/0001094285-15-000136-index.htm",
    "finalLink": "https://www.sec.gov/Archives/edgar/data/1094285/000109428515000136/tdy-20150927x10q3.htm"
  },
  {
    "date": "2015-06-28",
    "symbol": "TDY",
    "reportedCurrency": "USD",
    "cik": "0001094285",
    "fillingDate": "2015-08-04",
    "acceptedDate": "2015-08-03 21:49:39",
    "calendarYear": "2015",
    "period": "Q2",
    "revenue": 573600000,
    "costOfRevenue": 353900000,
    "grossProfit": 219700000,
    "grossProfitRatio": 0.3830195258,
    "researchAndDevelopmentExpenses": 0,
    "generalAndAdministrativeExpenses": 150600000,
    "sellingAndMarketingExpenses": 0,
    "sellingGeneralAndAdministrativeExpenses": 150600000,
    "otherExpenses": 0,
    "operatingExpenses": 150600000,
    "costAndExpenses": 504500000,
    "interestIncome": 0,
    "interestExpense": 6000000,
    "depreciationAndAmortization": 22600000,
    "ebitda": 95100000,
    "ebitdaratio": 0.1657949791,
    "operatingIncome": 69100000,
    "operatingIncomeRatio": 0.1204672245,
    "totalOtherIncomeExpensesNet": -2600000,
    "incomeBeforeTax": 66300000,
    "incomeBeforeTaxRatio": 0.1155857741,
    "incomeTaxExpense": 18300000,
    "netIncome": 48300000,
    "netIncomeRatio": 0.0842050209,
    "eps": 1.36,
    "epsdiluted": 1.34,
    "weightedAverageShsOut": 35384799,
    "weightedAverageShsOutDil": 36100000,
    "link": "https://www.sec.gov/Archives/edgar/data/1094285/000109428515000111/0001094285-15-000111-index.htm",
    "finalLink": "https://www.sec.gov/Archives/edgar/data/1094285/000109428515000111/tdy-20150628x10q2.htm"
  },
  {
    "date": "2015-03-29",
    "symbol": "TDY",
    "reportedCurrency": "USD",
    "cik": "0001094285",
    "fillingDate": "2015-05-01",
    "acceptedDate": "2015-04-30 20:34:24",
    "calendarYear": "2015",
    "period": "Q1",
    "revenue": 565000000,
    "costOfRevenue": 345900000,
    "grossProfit": 219100000,
    "grossProfitRatio": 0.3877876106,
    "researchAndDevelopmentExpenses": 0,
    "generalAndAdministrativeExpenses": 151800000,
    "sellingAndMarketingExpenses": 0,
    "sellingGeneralAndAdministrativeExpenses": 151800000,
    "otherExpenses": 0,
    "operatingExpenses": 151800000,
    "costAndExpenses": 497700000,
    "interestIncome": 0,
    "interestExpense": 5900000,
    "depreciationAndAmortization": 23200000,
    "ebitda": 91300000,
    "ebitdaratio": 0.1615929204,
    "operatingIncome": 67300000,
    "operatingIncomeRatio": 0.1191150442,
    "totalOtherIncomeExpensesNet": -5100000,
    "incomeBeforeTax": 62200000,
    "incomeBeforeTaxRatio": 0.1100884956,
    "incomeTaxExpense": 18500000,
    "netIncome": 43700000,
    "netIncomeRatio": 0.0773451327,
    "eps": 1.24,
    "epsdiluted": 1.2,
    "weightedAverageShsOut": 35331555,
    "weightedAverageShsOutDil": 36500000,
    "link": "https://www.sec.gov/Archives/edgar/data/1094285/000109428515000078/0001094285-15-000078-index.htm",
    "finalLink": "https://www.sec.gov/Archives/edgar/data/1094285/000109428515000078/tdy-20150329x10q1.htm"
  },
  {
    "date": "2014-12-28",
    "symbol": "TDY",
    "reportedCurrency": "USD",
    "cik": "0001094285",
    "fillingDate": "2015-02-26",
    "acceptedDate": "2015-02-26 15:20:02",
    "calendarYear": "2014",
    "period": "Q4",
    "revenue": 622300000,
    "costOfRevenue": 391600000,
    "grossProfit": 230700000,
    "grossProfitRatio": 0.370721517,
    "researchAndDevelopmentExpenses": 0,
    "generalAndAdministrativeExpenses": 150800000,
    "sellingAndMarketingExpenses": 0,
    "sellingGeneralAndAdministrativeExpenses": 150800000,
    "otherExpenses": 0,
    "operatingExpenses": 150800000,
    "costAndExpenses": 542400000,
    "interestIncome": 0,
    "interestExpense": 5100000,
    "depreciationAndAmortization": 24200000,
    "ebitda": 103700000,
    "ebitdaratio": 0.1666398843,
    "operatingIncome": 79900000,
    "operatingIncomeRatio": 0.128394665,
    "totalOtherIncomeExpensesNet": -5500000,
    "incomeBeforeTax": 74400000,
    "incomeBeforeTaxRatio": 0.119556484,
    "incomeTaxExpense": 15500000,
    "netIncome": 60200000,
    "netIncomeRatio": 0.0967379078,
    "eps": 1.64,
    "epsdiluted": 1.62,
    "weightedAverageShsOut": 36655584,
    "weightedAverageShsOutDil": 37200000,
    "link": "https://www.sec.gov/Archives/edgar/data/1094285/000109428515000037/0001094285-15-000037-index.htm",
    "finalLink": "https://www.sec.gov/Archives/edgar/data/1094285/000109428515000037/tdy-20141228x10k.htm"
  },
  {
    "date": "2014-09-28",
    "symbol": "TDY",
    "reportedCurrency": "USD",
    "cik": "0001094285",
    "fillingDate": "2014-10-31",
    "acceptedDate": "2014-10-30 20:01:08",
    "calendarYear": "2014",
    "period": "Q3",
    "revenue": 601100000,
    "costOfRevenue": 375400000,
    "grossProfit": 225700000,
    "grossProfitRatio": 0.3754782898,
    "researchAndDevelopmentExpenses": 0,
    "generalAndAdministrativeExpenses": 151400000,
    "sellingAndMarketingExpenses": 0,
    "sellingGeneralAndAdministrativeExpenses": 151400000,
    "otherExpenses": 0,
    "operatingExpenses": 151400000,
    "costAndExpenses": 526800000,
    "interestIncome": 0,
    "interestExpense": 4600000,
    "depreciationAndAmortization": 23500000,
    "ebitda": 96000000,
    "ebitdaratio": 0.1597072035,
    "operatingIncome": 74300000,
    "operatingIncomeRatio": 0.123606721,
    "totalOtherIncomeExpensesNet": -6400000,
    "incomeBeforeTax": 67900000,
    "incomeBeforeTaxRatio": 0.1129595741,
    "incomeTaxExpense": 13000000,
    "netIncome": 55600000,
    "netIncomeRatio": 0.0924970887,
    "eps": 1.52,
    "epsdiluted": 1.47,
    "weightedAverageShsOut": 36551765,
    "weightedAverageShsOutDil": 37800000,
    "link": "https://www.sec.gov/Archives/edgar/data/1094285/000109428514000203/0001094285-14-000203-index.htm",
    "finalLink": "https://www.sec.gov/Archives/edgar/data/1094285/000109428514000203/tdy-2014928x10q.htm"
  },
  {
    "date": "2014-06-29",
    "symbol": "TDY",
    "reportedCurrency": "USD",
    "cik": "0001094285",
    "fillingDate": "2014-07-31",
    "acceptedDate": "2014-07-30 19:32:52",
    "calendarYear": "2014",
    "period": "Q2",
    "revenue": 597100000,
    "costOfRevenue": 368400000,
    "grossProfit": 228700000,
    "grossProfitRatio": 0.3830179199,
    "researchAndDevelopmentExpenses": 0,
    "generalAndAdministrativeExpenses": 154400000,
    "sellingAndMarketingExpenses": 0,
    "sellingGeneralAndAdministrativeExpenses": 154400000,
    "otherExpenses": 0,
    "operatingExpenses": 154400000,
    "costAndExpenses": 522800000,
    "interestIncome": 0,
    "interestExpense": 4600000,
    "depreciationAndAmortization": 23400000,
    "ebitda": 105900000,
    "ebitdaratio": 0.1773572266,
    "operatingIncome": 74300000,
    "operatingIncomeRatio": 0.124434768,
    "totalOtherIncomeExpensesNet": 3600000,
    "incomeBeforeTax": 77900000,
    "incomeBeforeTaxRatio": 0.1304639089,
    "incomeTaxExpense": 22100000,
    "netIncome": 56100000,
    "netIncomeRatio": 0.0939541115,
    "eps": 1.49,
    "epsdiluted": 1.47,
    "weightedAverageShsOut": 37557095,
    "weightedAverageShsOutDil": 38100000,
    "link": "https://www.sec.gov/Archives/edgar/data/1094285/000109428514000164/0001094285-14-000164-index.htm",
    "finalLink": "https://www.sec.gov/Archives/edgar/data/1094285/000109428514000164/tdy-2014630x10q.htm"
  },
  {
    "date": "2014-03-30",
    "symbol": "TDY",
    "reportedCurrency": "USD",
    "cik": "0001094285",
    "fillingDate": "2014-04-29",
    "acceptedDate": "2014-04-29 16:35:05",
    "calendarYear": "2014",
    "period": "Q1",
    "revenue": 573500000,
    "costOfRevenue": 351700000,
    "grossProfit": 221800000,
    "grossProfitRatio": 0.3867480384,
    "researchAndDevelopmentExpenses": 0,
    "generalAndAdministrativeExpenses": 155800000,
    "sellingAndMarketingExpenses": 0,
    "sellingGeneralAndAdministrativeExpenses": 155800000,
    "otherExpenses": 0,
    "operatingExpenses": 155800000,
    "costAndExpenses": 507500000,
    "interestIncome": 0,
    "interestExpense": 4700000,
    "depreciationAndAmortization": 23200000,
    "ebitda": 89800000,
    "ebitdaratio": 0.1565823888,
    "operatingIncome": 66000000,
    "operatingIncomeRatio": 0.1150828248,
    "totalOtherIncomeExpensesNet": -4100000,
    "incomeBeforeTax": 61900000,
    "incomeBeforeTaxRatio": 0.1079337402,
    "incomeTaxExpense": 15900000,
    "netIncome": 45800000,
    "netIncomeRatio": 0.0798605057,
    "eps": 1.22,
    "epsdiluted": 1.2,
    "weightedAverageShsOut": 37560180,
    "weightedAverageShsOutDil": 38300000,
    "link": "https://www.sec.gov/Archives/edgar/data/1094285/000109428514000117/0001094285-14-000117-index.htm",
    "finalLink": "https://www.sec.gov/Archives/edgar/data/1094285/000109428514000117/tdy-2014330x10q.htm"
  },
  {
    "date": "2013-12-29",
    "symbol": "TDY",
    "reportedCurrency": "USD",
    "cik": "0001094285",
    "fillingDate": "2014-02-25",
    "acceptedDate": "2014-02-24 21:53:32",
    "calendarYear": "2013",
    "period": "Q4",
    "revenue": 596600000,
    "costOfRevenue": 382000000,
    "grossProfit": 214600000,
    "grossProfitRatio": 0.359704995,
    "researchAndDevelopmentExpenses": 0,
    "generalAndAdministrativeExpenses": 151100000,
    "sellingAndMarketingExpenses": 0,
    "sellingGeneralAndAdministrativeExpenses": 151100000,
    "otherExpenses": 0,
    "operatingExpenses": 151100000,
    "costAndExpenses": 533100000,
    "interestIncome": 0,
    "interestExpense": 4800000,
    "depreciationAndAmortization": 24000000,
    "ebitda": 92800000,
    "ebitdaratio": 0.1555481059,
    "operatingIncome": 63500000,
    "operatingIncomeRatio": 0.1064364733,
    "totalOtherIncomeExpensesNet": 500000,
    "incomeBeforeTax": 64000000,
    "incomeBeforeTaxRatio": 0.1072745558,
    "incomeTaxExpense": 9500000,
    "netIncome": 54900000,
    "netIncomeRatio": 0.0920214549,
    "eps": 1.44,
    "epsdiluted": 1.44,
    "weightedAverageShsOut": 38125000,
    "weightedAverageShsOutDil": 38200000,
    "link": "https://www.sec.gov/Archives/edgar/data/1094285/000109428514000072/0001094285-14-000072-index.htm",
    "finalLink": "https://www.sec.gov/Archives/edgar/data/1094285/000109428514000072/tdy-20131229x10k.htm"
  },
  {
    "date": "2013-09-29",
    "symbol": "TDY",
    "reportedCurrency": "USD",
    "cik": "0001094285",
    "fillingDate": "2013-11-04",
    "acceptedDate": "2013-11-04 16:47:58",
    "calendarYear": "2013",
    "period": "Q3",
    "revenue": 571600000,
    "costOfRevenue": 369000000,
    "grossProfit": 202600000,
    "grossProfitRatio": 0.3544436669,
    "researchAndDevelopmentExpenses": 0,
    "generalAndAdministrativeExpenses": 149600000,
    "sellingAndMarketingExpenses": 0,
    "sellingGeneralAndAdministrativeExpenses": 149600000,
    "otherExpenses": 0,
    "operatingExpenses": 149600000,
    "costAndExpenses": 518600000,
    "interestIncome": 0,
    "interestExpense": 5100000,
    "depreciationAndAmortization": 23100000,
    "ebitda": 75400000,
    "ebitdaratio": 0.1319104269,
    "operatingIncome": 53000000,
    "operatingIncomeRatio": 0.0927221833,
    "totalOtherIncomeExpensesNet": -5800000,
    "incomeBeforeTax": 47200000,
    "incomeBeforeTaxRatio": 0.0825752274,
    "incomeTaxExpense": 300000,
    "netIncome": 46800000,
    "netIncomeRatio": 0.0818754374,
    "eps": 1.25,
    "epsdiluted": 1.23,
    "weightedAverageShsOut": 37490566,
    "weightedAverageShsOutDil": 38100000,
    "link": "https://www.sec.gov/Archives/edgar/data/1094285/000109428513000206/0001094285-13-000206-index.htm",
    "finalLink": "https://www.sec.gov/Archives/edgar/data/1094285/000109428513000206/tdy-2013929x10q.htm"
  },
  {
    "date": "2013-06-30",
    "symbol": "TDY",
    "reportedCurrency": "USD",
    "cik": "0001094285",
    "fillingDate": "2013-08-02",
    "acceptedDate": "2013-08-02 16:39:22",
    "calendarYear": "2013",
    "period": "Q2",
    "revenue": 601000000,
    "costOfRevenue": 383600000,
    "grossProfit": 217400000,
    "grossProfitRatio": 0.3617304493,
    "researchAndDevelopmentExpenses": 0,
    "generalAndAdministrativeExpenses": 152500000,
    "sellingAndMarketingExpenses": 0,
    "sellingGeneralAndAdministrativeExpenses": 152500000,
    "otherExpenses": 0,
    "operatingExpenses": 152500000,
    "costAndExpenses": 536100000,
    "interestIncome": 0,
    "interestExpense": 5100000,
    "depreciationAndAmortization": 22100000,
    "ebitda": 87000000,
    "ebitdaratio": 0.1447587354,
    "operatingIncome": 64900000,
    "operatingIncomeRatio": 0.1079866889,
    "totalOtherIncomeExpensesNet": -5100000,
    "incomeBeforeTax": 59800000,
    "incomeBeforeTaxRatio": 0.0995008319,
    "incomeTaxExpense": 16500000,
    "netIncome": 42900000,
    "netIncomeRatio": 0.0713810316,
    "eps": 1.15,
    "epsdiluted": 1.13,
    "weightedAverageShsOut": 37416824,
    "weightedAverageShsOutDil": 38000000,
    "link": "https://www.sec.gov/Archives/edgar/data/1094285/000109428513000180/0001094285-13-000180-index.htm",
    "finalLink": "https://www.sec.gov/Archives/edgar/data/1094285/000109428513000180/tdy-2013630x10q.htm"
  },
  {
    "date": "2013-03-31",
    "symbol": "TDY",
    "reportedCurrency": "USD",
    "cik": "0001094285",
    "fillingDate": "2013-05-07",
    "acceptedDate": "2013-05-07 16:54:59",
    "calendarYear": "2013",
    "period": "Q1",
    "revenue": 569400000,
    "costOfRevenue": 365400000,
    "grossProfit": 204000000,
    "grossProfitRatio": 0.3582718651,
    "researchAndDevelopmentExpenses": 0,
    "generalAndAdministrativeExpenses": 145100000,
    "sellingAndMarketingExpenses": 0,
    "sellingGeneralAndAdministrativeExpenses": 145100000,
    "otherExpenses": 0,
    "operatingExpenses": 145100000,
    "costAndExpenses": 510500000,
    "interestIncome": 0,
    "interestExpense": 5400000,
    "depreciationAndAmortization": 21900000,
    "ebitda": 80300000,
    "ebitdaratio": 0.141025641,
    "operatingIncome": 58900000,
    "operatingIncomeRatio": 0.1034422199,
    "totalOtherIncomeExpensesNet": -5900000,
    "incomeBeforeTax": 53000000,
    "incomeBeforeTaxRatio": 0.0930804355,
    "incomeTaxExpense": 13200000,
    "netIncome": 40400000,
    "netIncomeRatio": 0.0709518792,
    "eps": 1.08,
    "epsdiluted": 1.07,
    "weightedAverageShsOut": 37356380,
    "weightedAverageShsOutDil": 37800000,
    "link": "https://www.sec.gov/Archives/edgar/data/1094285/000109428513000140/0001094285-13-000140-index.htm",
    "finalLink": "https://www.sec.gov/Archives/edgar/data/1094285/000109428513000140/tdy-2013331x10q.htm"
  },
  {
    "date": "2012-12-30",
    "symbol": "TDY",
    "reportedCurrency": "USD",
    "cik": "0001094285",
    "fillingDate": "2013-02-26",
    "acceptedDate": "2013-02-26 16:21:23",
    "calendarYear": "2012",
    "period": "Q4",
    "revenue": 567400000,
    "costOfRevenue": 359000000,
    "grossProfit": 208400000,
    "grossProfitRatio": 0.3672893902,
    "researchAndDevelopmentExpenses": 0,
    "generalAndAdministrativeExpenses": 0,
    "sellingAndMarketingExpenses": 0,
    "sellingGeneralAndAdministrativeExpenses": 140800000,
    "otherExpenses": 0,
    "operatingExpenses": 140800000,
    "costAndExpenses": 499800000,
    "interestIncome": 0,
    "interestExpense": 5200000,
    "depreciationAndAmortization": 21900000,
    "ebitda": 90200000,
    "ebitdaratio": 0.1589707437,
    "operatingIncome": 67600000,
    "operatingIncomeRatio": 0.1191399366,
    "totalOtherIncomeExpensesNet": -4500000,
    "incomeBeforeTax": 63100000,
    "incomeBeforeTaxRatio": 0.1112090236,
    "incomeTaxExpense": 18600000,
    "netIncome": 46200000,
    "netIncomeRatio": 0.0814240395,
    "eps": 1.24,
    "epsdiluted": 1.23,
    "weightedAverageShsOut": 37162697,
    "weightedAverageShsOutDil": 37600000,
    "link": "https://www.sec.gov/Archives/edgar/data/1094285/000109428513000064/0001094285-13-000064-index.htm",
    "finalLink": "https://www.sec.gov/Archives/edgar/data/1094285/000109428513000064/tdy-20121230x10k.htm"
  },
  {
    "date": "2012-09-30",
    "symbol": "TDY",
    "reportedCurrency": "USD",
    "cik": "0001094285",
    "fillingDate": "2012-11-06",
    "acceptedDate": "2012-11-06 17:15:11",
    "calendarYear": "2012",
    "period": "Q3",
    "revenue": 547400000,
    "costOfRevenue": 349000000,
    "grossProfit": 198400000,
    "grossProfitRatio": 0.3624406284,
    "researchAndDevelopmentExpenses": 0,
    "generalAndAdministrativeExpenses": 138100000,
    "sellingAndMarketingExpenses": 0,
    "sellingGeneralAndAdministrativeExpenses": 138100000,
    "otherExpenses": 0,
    "operatingExpenses": 138100000,
    "costAndExpenses": 487100000,
    "interestIncome": 0,
    "interestExpense": 4500000,
    "depreciationAndAmortization": 21500000,
    "ebitda": 83000000,
    "ebitdaratio": 0.1516258677,
    "operatingIncome": 60300000,
    "operatingIncomeRatio": 0.1101571063,
    "totalOtherIncomeExpensesNet": -3300000,
    "incomeBeforeTax": 57000000,
    "incomeBeforeTaxRatio": 0.104128608,
    "incomeTaxExpense": 13900000,
    "netIncome": 42700000,
    "netIncomeRatio": 0.0780051151,
    "eps": 1.16,
    "epsdiluted": 1.14,
    "weightedAverageShsOut": 36887303,
    "weightedAverageShsOutDil": 37400000,
    "link": "https://www.sec.gov/Archives/edgar/data/1094285/000144530512003473/0001445305-12-003473-index.htm",
    "finalLink": "https://www.sec.gov/Archives/edgar/data/1094285/000144530512003473/tdy-2012930x10q.htm"
  },
  {
    "date": "2012-07-01",
    "symbol": "TDY",
    "reportedCurrency": "USD",
    "cik": "0001094285",
    "fillingDate": "2012-08-07",
    "acceptedDate": "2012-08-07 16:45:25",
    "calendarYear": "2012",
    "period": "Q2",
    "revenue": 518500000,
    "costOfRevenue": 343000000,
    "grossProfit": 175500000,
    "grossProfitRatio": 0.3384763742,
    "researchAndDevelopmentExpenses": 0,
    "generalAndAdministrativeExpenses": 115800000,
    "sellingAndMarketingExpenses": 0,
    "sellingGeneralAndAdministrativeExpenses": 115800000,
    "otherExpenses": 0,
    "operatingExpenses": 115800000,
    "costAndExpenses": 458800000,
    "interestIncome": 0,
    "interestExpense": 4100000,
    "depreciationAndAmortization": 18100000,
    "ebitda": 79200000,
    "ebitdaratio": 0.1527483124,
    "operatingIncome": 59700000,
    "operatingIncomeRatio": 0.1151398264,
    "totalOtherIncomeExpensesNet": -2700000,
    "incomeBeforeTax": 57000000,
    "incomeBeforeTaxRatio": 0.1099324976,
    "incomeTaxExpense": 17400000,
    "netIncome": 39500000,
    "netIncomeRatio": 0.0761812922,
    "eps": 1.07,
    "epsdiluted": 1.06,
    "weightedAverageShsOut": 36788556,
    "weightedAverageShsOutDil": 37300000,
    "link": "https://www.sec.gov/Archives/edgar/data/1094285/000119312512341092/0001193125-12-341092-index.htm",
    "finalLink": "https://www.sec.gov/Archives/edgar/data/1094285/000119312512341092/d379002d10q.htm"
  },
  {
    "date": "2012-04-01",
    "symbol": "TDY",
    "reportedCurrency": "USD",
    "cik": "0001094285",
    "fillingDate": "2012-05-04",
    "acceptedDate": "2012-05-04 16:23:08",
    "calendarYear": "2012",
    "period": "Q1",
    "revenue": 494000000,
    "costOfRevenue": 328100000,
    "grossProfit": 165900000,
    "grossProfitRatio": 0.3358299595,
    "researchAndDevelopmentExpenses": 0,
    "generalAndAdministrativeExpenses": 110400000,
    "sellingAndMarketingExpenses": 0,
    "sellingGeneralAndAdministrativeExpenses": 110400000,
    "otherExpenses": 0,
    "operatingExpenses": 110400000,
    "costAndExpenses": 438500000,
    "interestIncome": 0,
    "interestExpense": 4000000,
    "depreciationAndAmortization": 16800000,
    "ebitda": 71900000,
    "ebitdaratio": 0.1455465587,
    "operatingIncome": 55500000,
    "operatingIncomeRatio": 0.1123481781,
    "totalOtherIncomeExpensesNet": -4400000,
    "incomeBeforeTax": 51100000,
    "incomeBeforeTaxRatio": 0.1034412955,
    "incomeTaxExpense": 15500000,
    "netIncome": 35700000,
    "netIncomeRatio": 0.0722672065,
    "eps": 0.97,
    "epsdiluted": 0.96,
    "weightedAverageShsOut": 36740827,
    "weightedAverageShsOutDil": 37200000,
    "link": "https://www.sec.gov/Archives/edgar/data/1094285/000119312512212008/0001193125-12-212008-index.htm",
    "finalLink": "https://www.sec.gov/Archives/edgar/data/1094285/000119312512212008/d329534d10q.htm"
  },
  {
    "date": "2012-01-01",
    "symbol": "TDY",
    "reportedCurrency": "USD",
    "cik": "0001094285",
    "fillingDate": "2012-02-29",
    "acceptedDate": "2012-02-29 17:09:07",
    "calendarYear": "2011",
    "period": "Q4",
    "revenue": 474500000,
    "costOfRevenue": 315700000,
    "grossProfit": 158800000,
    "grossProfitRatio": 0.3346680717,
    "researchAndDevelopmentExpenses": 0,
    "generalAndAdministrativeExpenses": 0,
    "sellingAndMarketingExpenses": 0,
    "sellingGeneralAndAdministrativeExpenses": 105000000,
    "otherExpenses": 0,
    "operatingExpenses": 105000000,
    "costAndExpenses": 420700000,
    "interestIncome": 0,
    "interestExpense": 3800000,
    "depreciationAndAmortization": 16800000,
    "ebitda": 73700000,
    "ebitdaratio": 0.1553213909,
    "operatingIncome": 53800000,
    "operatingIncomeRatio": 0.1133825079,
    "totalOtherIncomeExpensesNet": -700000,
    "incomeBeforeTax": 53100000,
    "incomeBeforeTaxRatio": 0.1119072708,
    "incomeTaxExpense": 16400000,
    "netIncome": 36800000,
    "netIncomeRatio": 0.0775553214,
    "eps": 1,
    "epsdiluted": 0.99,
    "weightedAverageShsOut": 36740827,
    "weightedAverageShsOutDil": 37200000,
    "link": "https://www.sec.gov/Archives/edgar/data/1094285/000119312512089549/0001193125-12-089549-index.htm",
    "finalLink": "https://www.sec.gov/Archives/edgar/data/1094285/000119312512089549/d245373d10k.htm"
  },
  {
    "date": "2011-10-02",
    "symbol": "TDY",
    "reportedCurrency": "USD",
    "cik": "0001094285",
    "fillingDate": "2011-11-07",
    "acceptedDate": "2011-11-07 16:35:45",
    "calendarYear": "2011",
    "period": "Q3",
    "revenue": 496400000,
    "costOfRevenue": 331300000,
    "grossProfit": 165100000,
    "grossProfitRatio": 0.3325946817,
    "researchAndDevelopmentExpenses": 0,
    "generalAndAdministrativeExpenses": 0,
    "sellingAndMarketingExpenses": 0,
    "sellingGeneralAndAdministrativeExpenses": 108300000,
    "otherExpenses": 0,
    "operatingExpenses": 108300000,
    "costAndExpenses": 439600000,
    "interestIncome": 0,
    "interestExpense": 3700000,
    "depreciationAndAmortization": 16700000,
    "ebitda": 69700000,
    "ebitdaratio": 0.1404109589,
    "operatingIncome": 56800000,
    "operatingIncomeRatio": 0.1144238517,
    "totalOtherIncomeExpensesNet": -7500000,
    "incomeBeforeTax": 49300000,
    "incomeBeforeTaxRatio": 0.0993150685,
    "incomeTaxExpense": 15200000,
    "netIncome": 34100000,
    "netIncomeRatio": 0.0686946011,
    "eps": 0.93,
    "epsdiluted": 0.91,
    "weightedAverageShsOut": 36942982,
    "weightedAverageShsOutDil": 37400000,
    "link": "https://www.sec.gov/Archives/edgar/data/1094285/000119312511299894/0001193125-11-299894-index.htm",
    "finalLink": "https://www.sec.gov/Archives/edgar/data/1094285/000119312511299894/d248731d10q.htm"
  },
  {
    "date": "2011-07-03",
    "symbol": "TDY",
    "reportedCurrency": "USD",
    "cik": "0001094285",
    "fillingDate": "2011-08-09",
    "acceptedDate": "2011-08-09 15:15:36",
    "calendarYear": "2011",
    "period": "Q2",
    "revenue": 502900000,
    "costOfRevenue": 330600000,
    "grossProfit": 172300000,
    "grossProfitRatio": 0.3426128455,
    "researchAndDevelopmentExpenses": 0,
    "generalAndAdministrativeExpenses": 0,
    "sellingAndMarketingExpenses": 0,
    "sellingGeneralAndAdministrativeExpenses": 110400000,
    "otherExpenses": 0,
    "operatingExpenses": 110400000,
    "costAndExpenses": 441000000,
    "interestIncome": 0,
    "interestExpense": 4300000,
    "depreciationAndAmortization": 16800000,
    "ebitda": 78700000,
    "ebitdaratio": 0.1564923444,
    "operatingIncome": 61900000,
    "operatingIncomeRatio": 0.1230861006,
    "totalOtherIncomeExpensesNet": -2700000,
    "incomeBeforeTax": 59200000,
    "incomeBeforeTaxRatio": 0.11771724,
    "incomeTaxExpense": 20400000,
    "netIncome": 152300000,
    "netIncomeRatio": 0.3028435077,
    "eps": 4.15,
    "epsdiluted": 4.08,
    "weightedAverageShsOut": 36775396,
    "weightedAverageShsOutDil": 37300000,
    "link": "https://www.sec.gov/Archives/edgar/data/1094285/000095012311075029/0000950123-11-075029-index.htm",
    "finalLink": "https://www.sec.gov/Archives/edgar/data/1094285/000095012311075029/v59574e10vq.htm"
  },
  {
    "date": "2011-04-03",
    "symbol": "TDY",
    "reportedCurrency": "USD",
    "cik": "0001094285",
    "fillingDate": "2011-05-13",
    "acceptedDate": "2011-05-13 16:35:49",
    "calendarYear": "2011",
    "period": "Q1",
    "revenue": 468100000,
    "costOfRevenue": 313100000,
    "grossProfit": 155000000,
    "grossProfitRatio": 0.3311258278,
    "researchAndDevelopmentExpenses": 0,
    "generalAndAdministrativeExpenses": 0,
    "sellingAndMarketingExpenses": 0,
    "sellingGeneralAndAdministrativeExpenses": 100300000,
    "otherExpenses": 0,
    "operatingExpenses": 100300000,
    "costAndExpenses": 413400000,
    "interestIncome": 0,
    "interestExpense": 4400000,
    "depreciationAndAmortization": 13900000,
    "ebitda": 68300000,
    "ebitdaratio": 0.1459089938,
    "operatingIncome": 54700000,
    "operatingIncomeRatio": 0.1168553728,
    "totalOtherIncomeExpensesNet": -4700000,
    "incomeBeforeTax": 50000000,
    "incomeBeforeTaxRatio": 0.1068147832,
    "incomeTaxExpense": 17500000,
    "netIncome": 32000000,
    "netIncomeRatio": 0.0683614612,
    "eps": 0.87,
    "epsdiluted": 0.86,
    "weightedAverageShsOut": 36711050,
    "weightedAverageShsOutDil": 37200000,
    "link": "https://www.sec.gov/Archives/edgar/data/1094285/000095012311050175/0000950123-11-050175-index.htm",
    "finalLink": "https://www.sec.gov/Archives/edgar/data/1094285/000095012311050175/v58929e10vq.htm"
  },
  {
    "date": "2011-01-02",
    "symbol": "TDY",
    "reportedCurrency": "USD",
    "cik": "0001094285",
    "fillingDate": "2011-03-03",
    "acceptedDate": "2011-03-03 17:11:33",
    "calendarYear": "2010",
    "period": "Q4",
    "revenue": 318600000,
    "costOfRevenue": 218400000,
    "grossProfit": 100200000,
    "grossProfitRatio": 0.3145009416,
    "researchAndDevelopmentExpenses": 0,
    "generalAndAdministrativeExpenses": 0,
    "sellingAndMarketingExpenses": 0,
    "sellingGeneralAndAdministrativeExpenses": 54200000,
    "otherExpenses": 0,
    "operatingExpenses": 54200000,
    "costAndExpenses": 272600000,
    "interestIncome": 0,
    "interestExpense": 0,
    "depreciationAndAmortization": 10200000,
    "ebitda": 55300000,
    "ebitdaratio": 0.173571877,
    "operatingIncome": 46000000,
    "operatingIncomeRatio": 0.1443816698,
    "totalOtherIncomeExpensesNet": -2700000,
    "incomeBeforeTax": 43300000,
    "incomeBeforeTaxRatio": 0.1359070935,
    "incomeTaxExpense": 7300000,
    "netIncome": 36600000,
    "netIncomeRatio": 0.1148775895,
    "eps": 1.04,
    "epsdiluted": 1.03,
    "weightedAverageShsOut": 36711050,
    "weightedAverageShsOutDil": 37200000,
    "link": "https://www.sec.gov/Archives/edgar/data/1094285/000095012311021752/0000950123-11-021752-index.htm",
    "finalLink": "https://www.sec.gov/Archives/edgar/data/1094285/000095012311021752/v58077e10vk.htm"
  },
  {
    "date": "2010-10-03",
    "symbol": "TDY",
    "reportedCurrency": "USD",
    "cik": "0001094285",
    "fillingDate": "2010-11-10",
    "acceptedDate": "2010-11-09 19:11:42",
    "calendarYear": "2010",
    "period": "Q3",
    "revenue": 409800000,
    "costOfRevenue": 284900000,
    "grossProfit": 124900000,
    "grossProfitRatio": 0.3047828209,
    "researchAndDevelopmentExpenses": 0,
    "generalAndAdministrativeExpenses": 0,
    "sellingAndMarketingExpenses": 0,
    "sellingGeneralAndAdministrativeExpenses": 79000000,
    "otherExpenses": 0,
    "operatingExpenses": 79000000,
    "costAndExpenses": 363900000,
    "interestIncome": 0,
    "interestExpense": 1400000,
    "depreciationAndAmortization": 11800000,
    "ebitda": 57400000,
    "ebitdaratio": 0.140068326,
    "operatingIncome": 45900000,
    "operatingIncomeRatio": 0.1120058565,
    "totalOtherIncomeExpensesNet": -1900000,
    "incomeBeforeTax": 45200000,
    "incomeBeforeTaxRatio": 0.1102977062,
    "incomeTaxExpense": 14800000,
    "netIncome": 30300000,
    "netIncomeRatio": 0.0739385066,
    "eps": 0.84,
    "epsdiluted": 0.82,
    "weightedAverageShsOut": 36288891,
    "weightedAverageShsOutDil": 36800000,
    "link": "https://www.sec.gov/Archives/edgar/data/1094285/000095012310103465/0000950123-10-103465-index.htm",
    "finalLink": "https://www.sec.gov/Archives/edgar/data/1094285/000095012310103465/v57288e10vq.htm"
  },
  {
    "date": "2010-07-04",
    "symbol": "TDY",
    "reportedCurrency": "USD",
    "cik": "0001094285",
    "fillingDate": "2010-08-10",
    "acceptedDate": "2010-08-09 21:48:45",
    "calendarYear": "2010",
    "period": "Q2",
    "revenue": 408000000,
    "costOfRevenue": 287400000,
    "grossProfit": 120600000,
    "grossProfitRatio": 0.2955882353,
    "researchAndDevelopmentExpenses": 0,
    "generalAndAdministrativeExpenses": 0,
    "sellingAndMarketingExpenses": 0,
    "sellingGeneralAndAdministrativeExpenses": 76900000,
    "otherExpenses": 0,
    "operatingExpenses": 76900000,
    "costAndExpenses": 364300000,
    "interestIncome": 0,
    "interestExpense": 700000,
    "depreciationAndAmortization": 10800000,
    "ebitda": 55000000,
    "ebitdaratio": 0.1348039216,
    "operatingIncome": 43700000,
    "operatingIncomeRatio": 0.1071078431,
    "totalOtherIncomeExpensesNet": -100000,
    "incomeBeforeTax": 45500000,
    "incomeBeforeTaxRatio": 0.1115196078,
    "incomeTaxExpense": 16900000,
    "netIncome": 28600000,
    "netIncomeRatio": 0.0700980392,
    "eps": 0.79,
    "epsdiluted": 0.78,
    "weightedAverageShsOut": 36200000,
    "weightedAverageShsOutDil": 36900000,
    "link": "https://www.sec.gov/Archives/edgar/data/1094285/000095012310075306/0000950123-10-075306-index.htm",
    "finalLink": "https://www.sec.gov/Archives/edgar/data/1094285/000095012310075306/v56103e10vq.htm"
  },
  {
    "date": "2010-04-04",
    "symbol": "TDY",
    "reportedCurrency": "USD",
    "cik": "0001094285",
    "fillingDate": "2010-05-07",
    "acceptedDate": "2010-05-07 16:57:52",
    "calendarYear": "2010",
    "period": "Q1",
    "revenue": 404900000,
    "costOfRevenue": 287800000,
    "grossProfit": 117100000,
    "grossProfitRatio": 0.2892072117,
    "researchAndDevelopmentExpenses": 0,
    "generalAndAdministrativeExpenses": 0,
    "sellingAndMarketingExpenses": 0,
    "sellingGeneralAndAdministrativeExpenses": 77100000,
    "otherExpenses": 0,
    "operatingExpenses": 77100000,
    "costAndExpenses": 364900000,
    "interestIncome": 0,
    "interestExpense": 1000000,
    "depreciationAndAmortization": 10600000,
    "ebitda": 51300000,
    "ebitdaratio": 0.1266979501,
    "operatingIncome": 40000000,
    "operatingIncomeRatio": 0.0987898246,
    "totalOtherIncomeExpensesNet": -300000,
    "incomeBeforeTax": 39600000,
    "incomeBeforeTaxRatio": 0.0978019264,
    "incomeTaxExpense": 14600000,
    "netIncome": 25000000,
    "netIncomeRatio": 0.0617436404,
    "eps": 0.69,
    "epsdiluted": 0.68,
    "weightedAverageShsOut": 36223382,
    "weightedAverageShsOutDil": 36800000,
    "link": "https://www.sec.gov/Archives/edgar/data/1094285/000095012310046498/0000950123-10-046498-index.htm",
    "finalLink": "https://www.sec.gov/Archives/edgar/data/1094285/000095012310046498/v54565e10vq.htm"
  },
  {
    "date": "2010-01-03",
    "symbol": "TDY",
    "reportedCurrency": "USD",
    "cik": "0001094285",
    "fillingDate": "2010-03-02",
    "acceptedDate": "2010-03-02 17:17:31",
    "calendarYear": "2009",
    "period": "Q4",
    "revenue": 454400000,
    "costOfRevenue": 324200000,
    "grossProfit": 130200000,
    "grossProfitRatio": 0.2865316901,
    "researchAndDevelopmentExpenses": 0,
    "generalAndAdministrativeExpenses": 0,
    "sellingAndMarketingExpenses": 0,
    "sellingGeneralAndAdministrativeExpenses": 86900000,
    "otherExpenses": 0,
    "operatingExpenses": 86900000,
    "costAndExpenses": 411100000,
    "interestIncome": 0,
    "interestExpense": 0,
    "depreciationAndAmortization": 11500000,
    "ebitda": 55000000,
    "ebitdaratio": 0.1210387324,
    "operatingIncome": 43300000,
    "operatingIncomeRatio": 0.095290493,
    "totalOtherIncomeExpensesNet": -1000000,
    "incomeBeforeTax": 42300000,
    "incomeBeforeTaxRatio": 0.0930897887,
    "incomeTaxExpense": 10100000,
    "netIncome": 32200000,
    "netIncomeRatio": 0.0708626761,
    "eps": 0.89,
    "epsdiluted": 0.88,
    "weightedAverageShsOut": 36223382,
    "weightedAverageShsOutDil": 36800000,
    "link": "https://www.sec.gov/Archives/edgar/data/1094285/000095012310020097/0000950123-10-020097-index.htm",
    "finalLink": "https://www.sec.gov/Archives/edgar/data/1094285/000095012310020097/v55323e10vk.htm"
  },
  {
    "date": "2009-09-27",
    "symbol": "TDY",
    "reportedCurrency": "USD",
    "cik": "0001094285",
    "fillingDate": "2009-11-05",
    "acceptedDate": "2009-11-04 21:16:37",
    "calendarYear": "2009",
    "period": "Q3",
    "revenue": 429400000,
    "costOfRevenue": 304200000,
    "grossProfit": 125200000,
    "grossProfitRatio": 0.291569632,
    "researchAndDevelopmentExpenses": 0,
    "generalAndAdministrativeExpenses": 0,
    "sellingAndMarketingExpenses": 0,
    "sellingGeneralAndAdministrativeExpenses": 81500000,
    "otherExpenses": 0,
    "operatingExpenses": 81500000,
    "costAndExpenses": 385700000,
    "interestIncome": 0,
    "interestExpense": 1100000,
    "depreciationAndAmortization": 10200000,
    "ebitda": 53900000,
    "ebitdaratio": 0.125523987,
    "operatingIncome": 43700000,
    "operatingIncomeRatio": 0.1017699115,
    "totalOtherIncomeExpensesNet": -1100000,
    "incomeBeforeTax": 42600000,
    "incomeBeforeTaxRatio": 0.0992081975,
    "incomeTaxExpense": 7400000,
    "netIncome": 35100000,
    "netIncomeRatio": 0.0817419655,
    "eps": 0.97,
    "epsdiluted": 0.96,
    "weightedAverageShsOut": 36000000,
    "weightedAverageShsOutDil": 36600000,
    "link": "https://www.sec.gov/Archives/edgar/data/1094285/000095012309057843/0000950123-09-057843-index.htm",
    "finalLink": "https://www.sec.gov/Archives/edgar/data/1094285/000095012309057843/v54219e10vq.htm"
  },
  {
    "date": "2009-06-28",
    "symbol": "TDY",
    "reportedCurrency": "USD",
    "cik": "0001094285",
    "fillingDate": "2009-08-04",
    "acceptedDate": "2009-08-04 16:57:01",
    "calendarYear": "2009",
    "period": "Q2",
    "revenue": 441100000,
    "costOfRevenue": 313800000,
    "grossProfit": 127300000,
    "grossProfitRatio": 0.2885966901,
    "researchAndDevelopmentExpenses": 0,
    "generalAndAdministrativeExpenses": 0,
    "sellingAndMarketingExpenses": 0,
    "sellingGeneralAndAdministrativeExpenses": 83600000,
    "otherExpenses": 0,
    "operatingExpenses": 83600000,
    "costAndExpenses": 397400000,
    "interestIncome": 0,
    "interestExpense": 1500000,
    "depreciationAndAmortization": 11300000,
    "ebitda": 55000000,
    "ebitdaratio": 0.1246882793,
    "operatingIncome": 43700000,
    "operatingIncomeRatio": 0.0990705056,
    "totalOtherIncomeExpensesNet": -2100000,
    "incomeBeforeTax": 41600000,
    "incomeBeforeTaxRatio": 0.0943096803,
    "incomeTaxExpense": 16200000,
    "netIncome": 25200000,
    "netIncomeRatio": 0.0571299025,
    "eps": 0.7,
    "epsdiluted": 0.69,
    "weightedAverageShsOut": 36000000,
    "weightedAverageShsOutDil": 36600000,
    "link": "https://www.sec.gov/Archives/edgar/data/1094285/000095012309029643/0000950123-09-029643-index.htm",
    "finalLink": "https://www.sec.gov/Archives/edgar/data/1094285/000095012309029643/v53331e10vq.htm"
  },
  {
    "date": "2009-03-29",
    "symbol": "TDY",
    "reportedCurrency": "USD",
    "cik": "0001094285",
    "fillingDate": "2009-05-07",
    "acceptedDate": "2009-05-07 16:46:16",
    "calendarYear": "2009",
    "period": "Q1",
    "revenue": 440300000,
    "costOfRevenue": 313800000,
    "grossProfit": 126500000,
    "grossProfitRatio": 0.2873041108,
    "researchAndDevelopmentExpenses": 0,
    "generalAndAdministrativeExpenses": 0,
    "sellingAndMarketingExpenses": 0,
    "sellingGeneralAndAdministrativeExpenses": 91200000,
    "otherExpenses": 0,
    "operatingExpenses": 91200000,
    "costAndExpenses": 405000000,
    "interestIncome": 0,
    "interestExpense": 1100000,
    "depreciationAndAmortization": 11700000,
    "ebitda": 47400000,
    "ebitdaratio": 0.1076538724,
    "operatingIncome": 35300000,
    "operatingIncomeRatio": 0.0801726096,
    "totalOtherIncomeExpensesNet": -700000,
    "incomeBeforeTax": 34600000,
    "incomeBeforeTaxRatio": 0.0785827845,
    "incomeTaxExpense": 13600000,
    "netIncome": 20800000,
    "netIncomeRatio": 0.0472405178,
    "eps": 0.58,
    "epsdiluted": 0.57,
    "weightedAverageShsOut": 36000000,
    "weightedAverageShsOutDil": 36500000,
    "link": "https://www.sec.gov/Archives/edgar/data/1094285/000095013409009924/0000950134-09-009924-index.htm",
    "finalLink": "https://www.sec.gov/Archives/edgar/data/1094285/000095013409009924/v52414e10vq.htm"
  },
  {
    "date": "2008-12-28",
    "symbol": "TDY",
    "reportedCurrency": "USD",
    "cik": "0001094285",
    "fillingDate": "2009-02-26",
    "acceptedDate": "2009-02-26 16:26:18",
    "calendarYear": "2008",
    "period": "Q4",
    "revenue": 464800000,
    "costOfRevenue": 344800000,
    "grossProfit": 120000000,
    "grossProfitRatio": 0.2581755594,
    "researchAndDevelopmentExpenses": 0,
    "generalAndAdministrativeExpenses": 0,
    "sellingAndMarketingExpenses": 0,
    "sellingGeneralAndAdministrativeExpenses": 86500000,
    "otherExpenses": 0,
    "operatingExpenses": 86500000,
    "costAndExpenses": 431300000,
    "interestIncome": 0,
    "interestExpense": 2900000,
    "depreciationAndAmortization": 10900000,
    "ebitda": 44400000,
    "ebitdaratio": 0.095524957,
    "operatingIncome": 33500000,
    "operatingIncomeRatio": 0.0720740103,
    "totalOtherIncomeExpensesNet": -3100000,
    "incomeBeforeTax": 30400000,
    "incomeBeforeTaxRatio": 0.065404475,
    "incomeTaxExpense": 10500000,
    "netIncome": 19900000,
    "netIncomeRatio": 0.0428141136,
    "eps": 0.55,
    "epsdiluted": 0.55,
    "weightedAverageShsOut": 36000000,
    "weightedAverageShsOutDil": 36500000,
    "link": "https://www.sec.gov/Archives/edgar/data/1094285/000095013409003862/0000950134-09-003862-index.htm",
    "finalLink": "https://www.sec.gov/Archives/edgar/data/1094285/000095013409003862/v51550e10vk.htm"
  },
  {
    "date": "2008-09-28",
    "symbol": "TDY",
    "reportedCurrency": "USD",
    "cik": "0001094285",
    "fillingDate": "2008-10-31",
    "acceptedDate": "2008-10-31 17:20:41",
    "calendarYear": "2008",
    "period": "Q3",
    "revenue": 497600000,
    "costOfRevenue": 348500000,
    "grossProfit": 149100000,
    "grossProfitRatio": 0.2996382637,
    "researchAndDevelopmentExpenses": 0,
    "generalAndAdministrativeExpenses": 0,
    "sellingAndMarketingExpenses": 0,
    "sellingGeneralAndAdministrativeExpenses": 97200000,
    "otherExpenses": 0,
    "operatingExpenses": 97200000,
    "costAndExpenses": 445700000,
    "interestIncome": 0,
    "interestExpense": 2900000,
    "depreciationAndAmortization": 12600000,
    "ebitda": 64500000,
    "ebitdaratio": 0.1296221865,
    "operatingIncome": 51900000,
    "operatingIncomeRatio": 0.1043006431,
    "totalOtherIncomeExpensesNet": -2800000,
    "incomeBeforeTax": 49100000,
    "incomeBeforeTaxRatio": 0.0986736334,
    "incomeTaxExpense": 18200000,
    "netIncome": 30900000,
    "netIncomeRatio": 0.0620980707,
    "eps": 0.87,
    "epsdiluted": 0.84,
    "weightedAverageShsOut": 35600000,
    "weightedAverageShsOutDil": 36700000,
    "link": "https://www.sec.gov/Archives/edgar/data/1094285/000095013408018964/0000950134-08-018964-index.htm",
    "finalLink": "https://www.sec.gov/Archives/edgar/data/1094285/000095013408018964/v50323e10vq.htm"
  },
  {
    "date": "2008-06-29",
    "symbol": "TDY",
    "reportedCurrency": "USD",
    "cik": "0001094285",
    "fillingDate": "2008-08-08",
    "acceptedDate": "2008-08-08 16:32:33",
    "calendarYear": "2008",
    "period": "Q2",
    "revenue": 478800000,
    "costOfRevenue": 330900000,
    "grossProfit": 147900000,
    "grossProfitRatio": 0.3088972431,
    "researchAndDevelopmentExpenses": 0,
    "generalAndAdministrativeExpenses": 0,
    "sellingAndMarketingExpenses": 0,
    "sellingGeneralAndAdministrativeExpenses": 92100000,
    "otherExpenses": 0,
    "operatingExpenses": 92100000,
    "costAndExpenses": 423000000,
    "interestIncome": 0,
    "interestExpense": 1800000,
    "depreciationAndAmortization": 13100000,
    "ebitda": 69600000,
    "ebitdaratio": 0.1453634085,
    "operatingIncome": 55800000,
    "operatingIncomeRatio": 0.1165413534,
    "totalOtherIncomeExpensesNet": -1800000,
    "incomeBeforeTax": 53300000,
    "incomeBeforeTaxRatio": 0.1113199666,
    "incomeTaxExpense": 20700000,
    "netIncome": 32600000,
    "netIncomeRatio": 0.0680868839,
    "eps": 0.92,
    "epsdiluted": 0.89,
    "weightedAverageShsOut": 35400000,
    "weightedAverageShsOutDil": 36500000,
    "link": "https://www.sec.gov/Archives/edgar/data/1094285/000095013408014753/0000950134-08-014753-index.htm",
    "finalLink": "https://www.sec.gov/Archives/edgar/data/1094285/000095013408014753/v42920e10vq.htm"
  },
  {
    "date": "2008-03-30",
    "symbol": "TDY",
    "reportedCurrency": "USD",
    "cik": "0001094285",
    "fillingDate": "2008-05-02",
    "acceptedDate": "2008-05-02 16:56:01",
    "calendarYear": "2008",
    "period": "Q1",
    "revenue": 451800000,
    "costOfRevenue": 315300000,
    "grossProfit": 136500000,
    "grossProfitRatio": 0.302124834,
    "researchAndDevelopmentExpenses": 0,
    "generalAndAdministrativeExpenses": 0,
    "sellingAndMarketingExpenses": 0,
    "sellingGeneralAndAdministrativeExpenses": 88800000,
    "otherExpenses": 0,
    "operatingExpenses": 88800000,
    "costAndExpenses": 404100000,
    "interestIncome": 0,
    "interestExpense": 4400000,
    "depreciationAndAmortization": 10700000,
    "ebitda": 58200000,
    "ebitdaratio": 0.1288180611,
    "operatingIncome": 47700000,
    "operatingIncomeRatio": 0.1055776892,
    "totalOtherIncomeExpensesNet": -3200000,
    "incomeBeforeTax": 43500000,
    "incomeBeforeTaxRatio": 0.0962815405,
    "incomeTaxExpense": 15600000,
    "netIncome": 27900000,
    "netIncomeRatio": 0.061752988,
    "eps": 0.79,
    "epsdiluted": 0.77,
    "weightedAverageShsOut": 35200000,
    "weightedAverageShsOutDil": 36300000,
    "link": "https://www.sec.gov/Archives/edgar/data/1094285/000095012408002202/0000950124-08-002202-index.htm",
    "finalLink": "https://www.sec.gov/Archives/edgar/data/1094285/000095012408002202/v40430e10vq.htm"
  },
  {
    "date": "2007-12-30",
    "symbol": "TDY",
    "reportedCurrency": "USD",
    "cik": "0001094285",
    "fillingDate": "2008-02-28",
    "acceptedDate": "2008-02-28 15:55:51",
    "calendarYear": "2007",
    "period": "Q4",
    "revenue": 427500000,
    "costOfRevenue": 304600000,
    "grossProfit": 122900000,
    "grossProfitRatio": 0.2874853801,
    "researchAndDevelopmentExpenses": 0,
    "generalAndAdministrativeExpenses": 0,
    "sellingAndMarketingExpenses": 0,
    "sellingGeneralAndAdministrativeExpenses": 81100000,
    "otherExpenses": 0,
    "operatingExpenses": 81100000,
    "costAndExpenses": 385700000,
    "interestIncome": 0,
    "interestExpense": 300000,
    "depreciationAndAmortization": 9100000,
    "ebitda": 50900000,
    "ebitdaratio": 0.1190643275,
    "operatingIncome": 41800000,
    "operatingIncomeRatio": 0.0977777778,
    "totalOtherIncomeExpensesNet": -1800000,
    "incomeBeforeTax": 40000000,
    "incomeBeforeTaxRatio": 0.0935672515,
    "incomeTaxExpense": 13400000,
    "netIncome": 26600000,
    "netIncomeRatio": 0.0622222222,
    "eps": 0.76,
    "epsdiluted": 0.73,
    "weightedAverageShsOut": 35200000,
    "weightedAverageShsOutDil": 36300000,
    "link": "https://www.sec.gov/Archives/edgar/data/1094285/000095012408000940/0000950124-08-000940-index.htm",
    "finalLink": "https://www.sec.gov/Archives/edgar/data/1094285/000095012408000940/v38408e10vk.htm"
  },
  {
    "date": "2007-09-30",
    "symbol": "TDY",
    "reportedCurrency": "USD",
    "cik": "0001094285",
    "fillingDate": "2007-11-02",
    "acceptedDate": "2007-11-02 16:50:19",
    "calendarYear": "2007",
    "period": "Q3",
    "revenue": 408900000,
    "costOfRevenue": 284900000,
    "grossProfit": 124000000,
    "grossProfitRatio": 0.303252629,
    "researchAndDevelopmentExpenses": 0,
    "generalAndAdministrativeExpenses": 0,
    "sellingAndMarketingExpenses": 0,
    "sellingGeneralAndAdministrativeExpenses": 84000000,
    "otherExpenses": 0,
    "operatingExpenses": 84000000,
    "costAndExpenses": 368900000,
    "interestIncome": 0,
    "interestExpense": 2100000,
    "depreciationAndAmortization": 9000000,
    "ebitda": 49000000,
    "ebitdaratio": 0.1198337002,
    "operatingIncome": 40000000,
    "operatingIncomeRatio": 0.0978234287,
    "totalOtherIncomeExpensesNet": -3000000,
    "incomeBeforeTax": 37000000,
    "incomeBeforeTaxRatio": 0.0904866716,
    "incomeTaxExpense": 9900000,
    "netIncome": 27100000,
    "netIncomeRatio": 0.066275373,
    "eps": 0.77,
    "epsdiluted": 0.75,
    "weightedAverageShsOut": 35000000,
    "weightedAverageShsOutDil": 36200000,
    "link": "https://www.sec.gov/Archives/edgar/data/1094285/000095012407005547/0000950124-07-005547-index.htm",
    "finalLink": "https://www.sec.gov/Archives/edgar/data/1094285/000095012407005547/v35145e10vq.htm"
  },
  {
    "date": "2007-07-01",
    "symbol": "TDY",
    "reportedCurrency": "USD",
    "cik": "0001094285",
    "fillingDate": "2007-08-03",
    "acceptedDate": "2007-08-02 21:22:03",
    "calendarYear": "2007",
    "period": "Q2",
    "revenue": 400300000,
    "costOfRevenue": 274900000,
    "grossProfit": 125400000,
    "grossProfitRatio": 0.3132650512,
    "researchAndDevelopmentExpenses": 0,
    "generalAndAdministrativeExpenses": 0,
    "sellingAndMarketingExpenses": 0,
    "sellingGeneralAndAdministrativeExpenses": 81800000,
    "otherExpenses": 0,
    "operatingExpenses": 81800000,
    "costAndExpenses": 356700000,
    "interestIncome": 0,
    "interestExpense": 4000000,
    "depreciationAndAmortization": 8900000,
    "ebitda": 52500000,
    "ebitdaratio": 0.1311516363,
    "operatingIncome": 43600000,
    "operatingIncomeRatio": 0.1089183113,
    "totalOtherIncomeExpensesNet": -4200000,
    "incomeBeforeTax": 39400000,
    "incomeBeforeTaxRatio": 0.0984261804,
    "incomeTaxExpense": 15100000,
    "netIncome": 24300000,
    "netIncomeRatio": 0.0607044716,
    "eps": 0.69,
    "epsdiluted": 0.67,
    "weightedAverageShsOut": 35000000,
    "weightedAverageShsOutDil": 36100000,
    "link": "https://www.sec.gov/Archives/edgar/data/1094285/000095013707011153/0000950137-07-011153-index.htm",
    "finalLink": "https://www.sec.gov/Archives/edgar/data/1094285/000095013707011153/v32492e10vq.htm"
  },
  {
    "date": "2007-04-01",
    "symbol": "TDY",
    "reportedCurrency": "USD",
    "cik": "0001094285",
    "fillingDate": "2007-05-10",
    "acceptedDate": "2007-05-09 21:40:59",
    "calendarYear": "2007",
    "period": "Q1",
    "revenue": 385600000,
    "costOfRevenue": 272000000,
    "grossProfit": 113600000,
    "grossProfitRatio": 0.2946058091,
    "researchAndDevelopmentExpenses": 0,
    "generalAndAdministrativeExpenses": 0,
    "sellingAndMarketingExpenses": 0,
    "sellingGeneralAndAdministrativeExpenses": 76700000,
    "otherExpenses": 0,
    "operatingExpenses": 76700000,
    "costAndExpenses": 348700000,
    "interestIncome": 0,
    "interestExpense": 3700000,
    "depreciationAndAmortization": 7700000,
    "ebitda": 44600000,
    "ebitdaratio": 0.1156639004,
    "operatingIncome": 36900000,
    "operatingIncomeRatio": 0.0956950207,
    "totalOtherIncomeExpensesNet": -4000000,
    "incomeBeforeTax": 32900000,
    "incomeBeforeTaxRatio": 0.0853215768,
    "incomeTaxExpense": 12400000,
    "netIncome": 20500000,
    "netIncomeRatio": 0.0531639004,
    "eps": 0.59,
    "epsdiluted": 0.57,
    "weightedAverageShsOut": 34800000,
    "weightedAverageShsOutDil": 35800000,
    "link": "https://www.sec.gov/Archives/edgar/data/1094285/000095013707007158/0000950137-07-007158-index.htm",
    "finalLink": "https://www.sec.gov/Archives/edgar/data/1094285/000095013707007158/v30147e10vq.htm"
  },
  {
    "date": "2006-12-31",
    "symbol": "TDY",
    "reportedCurrency": "USD",
    "cik": "0001094285",
    "fillingDate": "2007-03-01",
    "acceptedDate": "2007-02-28 21:59:35",
    "calendarYear": "2006",
    "period": "Q4",
    "revenue": 391300000,
    "costOfRevenue": 276700000,
    "grossProfit": 114600000,
    "grossProfitRatio": 0.2928699208,
    "researchAndDevelopmentExpenses": 0,
    "generalAndAdministrativeExpenses": 0,
    "sellingAndMarketingExpenses": 0,
    "sellingGeneralAndAdministrativeExpenses": 81400000,
    "otherExpenses": 0,
    "operatingExpenses": 81400000,
    "costAndExpenses": 358100000,
    "interestIncome": 0,
    "interestExpense": 4400000,
    "depreciationAndAmortization": 11100000,
    "ebitda": 44300000,
    "ebitdaratio": 0.113212369,
    "operatingIncome": 33200000,
    "operatingIncomeRatio": 0.0848453872,
    "totalOtherIncomeExpensesNet": -4100000,
    "incomeBeforeTax": 29100000,
    "incomeBeforeTaxRatio": 0.074367493,
    "incomeTaxExpense": 10200000,
    "netIncome": 18900000,
    "netIncomeRatio": 0.0483005367,
    "eps": 0.54,
    "epsdiluted": 0.53,
    "weightedAverageShsOut": 34800000,
    "weightedAverageShsOutDil": 35800000,
    "link": "https://www.sec.gov/Archives/edgar/data/1094285/000095013707003050/0000950137-07-003050-index.htm",
    "finalLink": "https://www.sec.gov/Archives/edgar/data/1094285/000095013707003050/v27705e10vk.htm"
  },
  {
    "date": "2006-10-01",
    "symbol": "TDY",
    "reportedCurrency": "USD",
    "cik": "0001094285",
    "fillingDate": "2006-11-09",
    "acceptedDate": "2006-11-08 21:31:10",
    "calendarYear": "2006",
    "period": "Q3",
    "revenue": 363600000,
    "costOfRevenue": 261300000,
    "grossProfit": 102300000,
    "grossProfitRatio": 0.2813531353,
    "researchAndDevelopmentExpenses": 0,
    "generalAndAdministrativeExpenses": 0,
    "sellingAndMarketingExpenses": 0,
    "sellingGeneralAndAdministrativeExpenses": 70200000,
    "otherExpenses": 0,
    "operatingExpenses": 70200000,
    "costAndExpenses": 331500000,
    "interestIncome": 0,
    "interestExpense": 800000,
    "depreciationAndAmortization": 7800000,
    "ebitda": 39900000,
    "ebitdaratio": 0.1097359736,
    "operatingIncome": 32100000,
    "operatingIncomeRatio": 0.0882838284,
    "totalOtherIncomeExpensesNet": -1100000,
    "incomeBeforeTax": 31000000,
    "incomeBeforeTaxRatio": 0.0852585259,
    "incomeTaxExpense": 8400000,
    "netIncome": 22600000,
    "netIncomeRatio": 0.0621562156,
    "eps": 0.65,
    "epsdiluted": 0.63,
    "weightedAverageShsOut": 34600000,
    "weightedAverageShsOutDil": 35700000,
    "link": "https://www.sec.gov/Archives/edgar/data/1094285/000095012406006618/0000950124-06-006618-index.htm",
    "finalLink": "https://www.sec.gov/Archives/edgar/data/1094285/000095012406006618/v24970e10vq.htm"
  },
  {
    "date": "2006-07-02",
    "symbol": "TDY",
    "reportedCurrency": "USD",
    "cik": "0001094285",
    "fillingDate": "2006-08-07",
    "acceptedDate": "2006-08-07 16:09:27",
    "calendarYear": "2006",
    "period": "Q2",
    "revenue": 348100000,
    "costOfRevenue": 245400000,
    "grossProfit": 102700000,
    "grossProfitRatio": 0.2950301637,
    "researchAndDevelopmentExpenses": 0,
    "generalAndAdministrativeExpenses": 0,
    "sellingAndMarketingExpenses": 0,
    "sellingGeneralAndAdministrativeExpenses": 69200000,
    "otherExpenses": 0,
    "operatingExpenses": 69200000,
    "costAndExpenses": 314600000,
    "interestIncome": 0,
    "interestExpense": 100000,
    "depreciationAndAmortization": 6500000,
    "ebitda": 40000000,
    "ebitdaratio": 0.1149095088,
    "operatingIncome": 33500000,
    "operatingIncomeRatio": 0.0962367136,
    "totalOtherIncomeExpensesNet": -600000,
    "incomeBeforeTax": 32900000,
    "incomeBeforeTaxRatio": 0.094513071,
    "incomeTaxExpense": 12000000,
    "netIncome": 20900000,
    "netIncomeRatio": 0.0600402183,
    "eps": 0.61,
    "epsdiluted": 0.59,
    "weightedAverageShsOut": 34400000,
    "weightedAverageShsOutDil": 35400000,
    "link": "https://www.sec.gov/Archives/edgar/data/1094285/000095012406004247/0000950124-06-004247-index.htm",
    "finalLink": "https://www.sec.gov/Archives/edgar/data/1094285/000095012406004247/v22774e10vq.htm"
  },
  {
    "date": "2006-04-02",
    "symbol": "TDY",
    "reportedCurrency": "USD",
    "cik": "0001094285",
    "fillingDate": "2006-05-08",
    "acceptedDate": "2006-05-08 17:08:00",
    "calendarYear": "2006",
    "period": "Q1",
    "revenue": 330200000,
    "costOfRevenue": 236800000,
    "grossProfit": 93400000,
    "grossProfitRatio": 0.2828588734,
    "researchAndDevelopmentExpenses": 0,
    "generalAndAdministrativeExpenses": 0,
    "sellingAndMarketingExpenses": 0,
    "sellingGeneralAndAdministrativeExpenses": 67100000,
    "otherExpenses": 0,
    "operatingExpenses": 67100000,
    "costAndExpenses": 303900000,
    "interestIncome": 0,
    "interestExpense": 0,
    "depreciationAndAmortization": 6600000,
    "ebitda": 32900000,
    "ebitdaratio": 0.0996365839,
    "operatingIncome": 26300000,
    "operatingIncomeRatio": 0.0796486978,
    "totalOtherIncomeExpensesNet": 2400000,
    "incomeBeforeTax": 28700000,
    "incomeBeforeTaxRatio": 0.08691702,
    "incomeTaxExpense": 10800000,
    "netIncome": 17900000,
    "netIncomeRatio": 0.05420957,
    "eps": 0.53,
    "epsdiluted": 0.51,
    "weightedAverageShsOut": 34000000,
    "weightedAverageShsOutDil": 35100000,
    "link": "https://www.sec.gov/Archives/edgar/data/1094285/000095012906005119/0000950129-06-005119-index.htm",
    "finalLink": "https://www.sec.gov/Archives/edgar/data/1094285/000095012906005119/v20316e10vq.htm"
  },
  {
    "date": "2006-01-01",
    "symbol": "TDY",
    "reportedCurrency": "USD",
    "cik": "0001094285",
    "fillingDate": "2006-03-03",
    "acceptedDate": "2006-03-02 21:38:22",
    "calendarYear": "2005",
    "period": "Q4",
    "revenue": 310400000,
    "costOfRevenue": 222600000,
    "grossProfit": 87800000,
    "grossProfitRatio": 0.2828608247,
    "researchAndDevelopmentExpenses": 0,
    "generalAndAdministrativeExpenses": 0,
    "sellingAndMarketingExpenses": 0,
    "sellingGeneralAndAdministrativeExpenses": 60800000,
    "otherExpenses": 0,
    "operatingExpenses": 60800000,
    "costAndExpenses": 283400000,
    "interestIncome": 0,
    "interestExpense": 0,
    "depreciationAndAmortization": 7100000,
    "ebitda": 34100000,
    "ebitdaratio": 0.1098582474,
    "operatingIncome": 27000000,
    "operatingIncomeRatio": 0.0869845361,
    "totalOtherIncomeExpensesNet": -300000,
    "incomeBeforeTax": 26700000,
    "incomeBeforeTaxRatio": 0.0860180412,
    "incomeTaxExpense": 10100000,
    "netIncome": 16600000,
    "netIncomeRatio": 0.0534793814,
    "eps": 0.49,
    "epsdiluted": 0.47,
    "weightedAverageShsOut": 34000000,
    "weightedAverageShsOutDil": 35100000,
    "link": "https://www.sec.gov/Archives/edgar/data/1094285/000095012906002207/0000950129-06-002207-index.htm",
    "finalLink": "https://www.sec.gov/Archives/edgar/data/1094285/000095012906002207/v17886e10vk.htm"
  },
  {
    "date": "2005-10-02",
    "symbol": "TDY",
    "reportedCurrency": "USD",
    "cik": "0001094285",
    "fillingDate": "2005-11-04",
    "acceptedDate": "2005-11-04 16:46:44",
    "calendarYear": "2005",
    "period": "Q3",
    "revenue": 295300000,
    "costOfRevenue": 212500000,
    "grossProfit": 82800000,
    "grossProfitRatio": 0.2803928209,
    "researchAndDevelopmentExpenses": 0,
    "generalAndAdministrativeExpenses": 0,
    "sellingAndMarketingExpenses": 0,
    "sellingGeneralAndAdministrativeExpenses": 59400000,
    "otherExpenses": 0,
    "operatingExpenses": 59400000,
    "costAndExpenses": 271900000,
    "interestIncome": 0,
    "interestExpense": 0,
    "depreciationAndAmortization": 6300000,
    "ebitda": 29700000,
    "ebitdaratio": 0.1005756857,
    "operatingIncome": 23400000,
    "operatingIncomeRatio": 0.0792414494,
    "totalOtherIncomeExpensesNet": 1800000,
    "incomeBeforeTax": 25200000,
    "incomeBeforeTaxRatio": 0.0853369455,
    "incomeTaxExpense": 9500000,
    "netIncome": 15700000,
    "netIncomeRatio": 0.0531662716,
    "eps": 0.47,
    "epsdiluted": 0.45,
    "weightedAverageShsOut": 33300000,
    "weightedAverageShsOutDil": 34800000,
    "link": "https://www.sec.gov/Archives/edgar/data/1094285/000095012905010565/0000950129-05-010565-index.htm",
    "finalLink": "https://www.sec.gov/Archives/edgar/data/1094285/000095012905010565/v14111e10vq.htm"
  },
  {
    "date": "2005-07-03",
    "symbol": "TDY",
    "reportedCurrency": "USD",
    "cik": "0001094285",
    "fillingDate": "2005-08-05",
    "acceptedDate": "2005-08-05 17:16:28",
    "calendarYear": "2005",
    "period": "Q2",
    "revenue": 303300000,
    "costOfRevenue": 220000000,
    "grossProfit": 83300000,
    "grossProfitRatio": 0.2746455654,
    "researchAndDevelopmentExpenses": 0,
    "generalAndAdministrativeExpenses": 0,
    "sellingAndMarketingExpenses": 0,
    "sellingGeneralAndAdministrativeExpenses": 56600000,
    "otherExpenses": 0,
    "operatingExpenses": 56600000,
    "costAndExpenses": 276600000,
    "interestIncome": 0,
    "interestExpense": 900000,
    "depreciationAndAmortization": 6100000,
    "ebitda": 32800000,
    "ebitdaratio": 0.1081437521,
    "operatingIncome": 26700000,
    "operatingIncomeRatio": 0.0880316518,
    "totalOtherIncomeExpensesNet": -900000,
    "incomeBeforeTax": 25800000,
    "incomeBeforeTaxRatio": 0.0850642928,
    "incomeTaxExpense": 9700000,
    "netIncome": 16100000,
    "netIncomeRatio": 0.0530827563,
    "eps": 0.49,
    "epsdiluted": 0.47,
    "weightedAverageShsOut": 33100000,
    "weightedAverageShsOutDil": 34500000,
    "link": "https://www.sec.gov/Archives/edgar/data/1094285/000095012905007762/0000950129-05-007762-index.htm",
    "finalLink": "https://www.sec.gov/Archives/edgar/data/1094285/000095012905007762/v11488e10vq.htm"
  },
  {
    "date": "2005-04-03",
    "symbol": "TDY",
    "reportedCurrency": "USD",
    "cik": "0001094285",
    "fillingDate": "2005-05-11",
    "acceptedDate": "2005-05-11 16:22:34",
    "calendarYear": "2005",
    "period": "Q1",
    "revenue": 297500000,
    "costOfRevenue": 214500000,
    "grossProfit": 83000000,
    "grossProfitRatio": 0.2789915966,
    "researchAndDevelopmentExpenses": 0,
    "generalAndAdministrativeExpenses": 0,
    "sellingAndMarketingExpenses": 0,
    "sellingGeneralAndAdministrativeExpenses": 59400000,
    "otherExpenses": 0,
    "operatingExpenses": 59400000,
    "costAndExpenses": 273900000,
    "interestIncome": 0,
    "interestExpense": 246100000,
    "depreciationAndAmortization": 6100000,
    "ebitda": 29700000,
    "ebitdaratio": 0.0998319328,
    "operatingIncome": 23600000,
    "operatingIncomeRatio": 0.0793277311,
    "totalOtherIncomeExpensesNet": 1700000,
    "incomeBeforeTax": 25300000,
    "incomeBeforeTaxRatio": 0.0850420168,
    "incomeTaxExpense": 9500000,
    "netIncome": 15800000,
    "netIncomeRatio": 0.0531092437,
    "eps": 0.48,
    "epsdiluted": 0.46,
    "weightedAverageShsOut": 33000000,
    "weightedAverageShsOutDil": 34400000,
    "link": "https://www.sec.gov/Archives/edgar/data/1094285/000095012905005139/0000950129-05-005139-index.htm",
    "finalLink": "https://www.sec.gov/Archives/edgar/data/1094285/000095012905005139/v08963e10vq.htm"
  },
  {
    "date": "2005-01-02",
    "symbol": "TDY",
    "reportedCurrency": "USD",
    "cik": "0001094285",
    "fillingDate": "2005-03-02",
    "acceptedDate": "2005-03-02 16:35:47",
    "calendarYear": "2004",
    "period": "Q4",
    "revenue": 288100000,
    "costOfRevenue": 205100000,
    "grossProfit": 83000000,
    "grossProfitRatio": 0.2880944117,
    "researchAndDevelopmentExpenses": 0,
    "generalAndAdministrativeExpenses": 0,
    "sellingAndMarketingExpenses": 0,
    "sellingGeneralAndAdministrativeExpenses": 60900000,
    "otherExpenses": 0,
    "operatingExpenses": 60900000,
    "costAndExpenses": 266000000,
    "interestIncome": 0,
    "interestExpense": 900000,
    "depreciationAndAmortization": 6400000,
    "ebitda": 28500000,
    "ebitdaratio": 0.0989239847,
    "operatingIncome": 22100000,
    "operatingIncomeRatio": 0.0767094759,
    "totalOtherIncomeExpensesNet": -900000,
    "incomeBeforeTax": 21200000,
    "incomeBeforeTaxRatio": 0.0735855606,
    "incomeTaxExpense": 7800000,
    "netIncome": 13400000,
    "netIncomeRatio": 0.0465116279,
    "eps": 0.41,
    "epsdiluted": 0.39,
    "weightedAverageShsOut": 33000000,
    "weightedAverageShsOutDil": 34400000,
    "link": "https://www.sec.gov/Archives/edgar/data/1094285/000095012905001911/0000950129-05-001911-index.htm",
    "finalLink": "https://www.sec.gov/Archives/edgar/data/1094285/000095012905001911/v05843e10vk.htm"
  },
  {
    "date": "2004-09-26",
    "symbol": "TDY",
    "reportedCurrency": "USD",
    "cik": "0001094285",
    "fillingDate": "2004-11-04",
    "acceptedDate": "2004-11-04 16:29:50",
    "calendarYear": "2004",
    "period": "Q3",
    "revenue": 270000000,
    "costOfRevenue": 194600000,
    "grossProfit": 75400000,
    "grossProfitRatio": 0.2792592593,
    "researchAndDevelopmentExpenses": 0,
    "generalAndAdministrativeExpenses": 0,
    "sellingAndMarketingExpenses": 0,
    "sellingGeneralAndAdministrativeExpenses": 56900000,
    "otherExpenses": 0,
    "operatingExpenses": 56900000,
    "costAndExpenses": 251500000,
    "interestIncome": 0,
    "interestExpense": 0,
    "depreciationAndAmortization": 7000000,
    "ebitda": 25500000,
    "ebitdaratio": 0.0944444444,
    "operatingIncome": 18500000,
    "operatingIncomeRatio": 0.0685185185,
    "totalOtherIncomeExpensesNet": 2100000,
    "incomeBeforeTax": 20600000,
    "incomeBeforeTaxRatio": 0.0762962963,
    "incomeTaxExpense": 8100000,
    "netIncome": 12500000,
    "netIncomeRatio": 0.0462962963,
    "eps": 0.38,
    "epsdiluted": 0.37,
    "weightedAverageShsOut": 32500000,
    "weightedAverageShsOutDil": 33600000,
    "link": "https://www.sec.gov/Archives/edgar/data/1094285/000095012904008498/0000950129-04-008498-index.htm",
    "finalLink": "https://www.sec.gov/Archives/edgar/data/1094285/000095012904008498/v02927e10vq.htm"
  },
  {
    "date": "2004-06-27",
    "symbol": "TDY",
    "reportedCurrency": "USD",
    "cik": "0001094285",
    "fillingDate": "2004-08-06",
    "acceptedDate": "2004-08-06 14:44:17",
    "calendarYear": "2004",
    "period": "Q2",
    "revenue": 238900000,
    "costOfRevenue": 178300000,
    "grossProfit": 60600000,
    "grossProfitRatio": 0.2536626203,
    "researchAndDevelopmentExpenses": 0,
    "generalAndAdministrativeExpenses": 0,
    "sellingAndMarketingExpenses": 0,
    "sellingGeneralAndAdministrativeExpenses": 43900000,
    "otherExpenses": 0,
    "operatingExpenses": 43900000,
    "costAndExpenses": 222200000,
    "interestIncome": 0,
    "interestExpense": 100000,
    "depreciationAndAmortization": 5800000,
    "ebitda": 22500000,
    "ebitdaratio": 0.094181666,
    "operatingIncome": 16700000,
    "operatingIncomeRatio": 0.0699037254,
    "totalOtherIncomeExpensesNet": -200000,
    "incomeBeforeTax": 16500000,
    "incomeBeforeTaxRatio": 0.069066555,
    "incomeTaxExpense": 6600000,
    "netIncome": 9900000,
    "netIncomeRatio": 0.041439933,
    "eps": 0.31,
    "epsdiluted": 0.3,
    "weightedAverageShsOut": 32400000,
    "weightedAverageShsOutDil": 33200000,
    "link": "https://www.sec.gov/Archives/edgar/data/1094285/000095012904005679/0000950129-04-005679-index.htm",
    "finalLink": "https://www.sec.gov/Archives/edgar/data/1094285/000095012904005679/v00934e10vq.htm"
  },
  {
    "date": "2004-03-28",
    "symbol": "TDY",
    "reportedCurrency": "USD",
    "cik": "0001094285",
    "fillingDate": "2004-05-07",
    "acceptedDate": "2004-05-07 15:52:33",
    "calendarYear": "2004",
    "period": "Q1",
    "revenue": 219600000,
    "costOfRevenue": 168300000,
    "grossProfit": 51300000,
    "grossProfitRatio": 0.2336065574,
    "researchAndDevelopmentExpenses": 0,
    "generalAndAdministrativeExpenses": 0,
    "sellingAndMarketingExpenses": 0,
    "sellingGeneralAndAdministrativeExpenses": 41700000,
    "otherExpenses": -200400000,
    "operatingExpenses": -158700000,
    "costAndExpenses": 9600000,
    "interestIncome": 0,
    "interestExpense": 200100000,
    "depreciationAndAmortization": 5600000,
    "ebitda": 215600000,
    "ebitdaratio": 0.9817850638,
    "operatingIncome": 210000000,
    "operatingIncomeRatio": 0.956284153,
    "totalOtherIncomeExpensesNet": -200300000,
    "incomeBeforeTax": 9700000,
    "incomeBeforeTaxRatio": 0.0441712204,
    "incomeTaxExpense": 3800000,
    "netIncome": 5900000,
    "netIncomeRatio": 0.026867031,
    "eps": 0.18,
    "epsdiluted": 0.18,
    "weightedAverageShsOut": 32300000,
    "weightedAverageShsOutDil": 33100000,
    "link": "https://www.sec.gov/Archives/edgar/data/1094285/000095012904002968/0000950129-04-002968-index.htm",
    "finalLink": "https://www.sec.gov/Archives/edgar/data/1094285/000095012904002968/v98797e10vq.htm"
  },
  {
    "date": "2003-12-28",
    "symbol": "TDY",
    "reportedCurrency": "USD",
    "cik": "0001094285",
    "fillingDate": "2004-03-04",
    "acceptedDate": "2004-03-04 16:44:07",
    "calendarYear": "2003",
    "period": "Q4",
    "revenue": 222400000,
    "costOfRevenue": 168500000,
    "grossProfit": 53900000,
    "grossProfitRatio": 0.2423561151,
    "researchAndDevelopmentExpenses": 0,
    "generalAndAdministrativeExpenses": 0,
    "sellingAndMarketingExpenses": 0,
    "sellingGeneralAndAdministrativeExpenses": 40600000,
    "otherExpenses": 0,
    "operatingExpenses": 40600000,
    "costAndExpenses": 209100000,
    "interestIncome": 0,
    "interestExpense": 900000,
    "depreciationAndAmortization": 6000000,
    "ebitda": 19300000,
    "ebitdaratio": 0.0867805755,
    "operatingIncome": 13300000,
    "operatingIncomeRatio": 0.0598021583,
    "totalOtherIncomeExpensesNet": -600000,
    "incomeBeforeTax": 12700000,
    "incomeBeforeTaxRatio": 0.0571043165,
    "incomeTaxExpense": 4900000,
    "netIncome": 7800000,
    "netIncomeRatio": 0.0350719424,
    "eps": 0.24,
    "epsdiluted": 0.24,
    "weightedAverageShsOut": 32300000,
    "weightedAverageShsOutDil": 33100000,
    "link": "https://www.sec.gov/Archives/edgar/data/1094285/000095014804000489/0000950148-04-000489-index.htm",
    "finalLink": "https://www.sec.gov/Archives/edgar/data/1094285/000095014804000489/v96916e10vk.htm"
  },
  {
    "date": "2003-09-28",
    "symbol": "TDY",
    "reportedCurrency": "USD",
    "cik": "0001094285",
    "fillingDate": "2003-11-12",
    "acceptedDate": "2003-11-12 14:42:52",
    "calendarYear": "2003",
    "period": "Q3",
    "revenue": 215700000,
    "costOfRevenue": 163100000,
    "grossProfit": 52600000,
    "grossProfitRatio": 0.2438572091,
    "researchAndDevelopmentExpenses": 0,
    "generalAndAdministrativeExpenses": 0,
    "sellingAndMarketingExpenses": 0,
    "sellingGeneralAndAdministrativeExpenses": 40700000,
    "otherExpenses": 0,
    "operatingExpenses": 40700000,
    "costAndExpenses": 203800000,
    "interestIncome": 0,
    "interestExpense": 0,
    "depreciationAndAmortization": 5900000,
    "ebitda": 17800000,
    "ebitdaratio": 0.0825220213,
    "operatingIncome": 11900000,
    "operatingIncomeRatio": 0.0551692165,
    "totalOtherIncomeExpensesNet": 300000,
    "incomeBeforeTax": 12200000,
    "incomeBeforeTaxRatio": 0.0565600371,
    "incomeTaxExpense": 2300000,
    "netIncome": 9900000,
    "netIncomeRatio": 0.0458970793,
    "eps": 0.31,
    "epsdiluted": 0.3,
    "weightedAverageShsOut": 32200000,
    "weightedAverageShsOutDil": 32700000,
    "link": "https://www.sec.gov/Archives/edgar/data/1094285/000095014803002690/0000950148-03-002690-index.htm",
    "finalLink": "https://www.sec.gov/Archives/edgar/data/1094285/000095014803002690/v94504e10vq.htm"
  },
  {
    "date": "2003-06-29",
    "symbol": "TDY",
    "reportedCurrency": "USD",
    "cik": "0001094285",
    "fillingDate": "2003-08-12",
    "acceptedDate": "2003-08-12 16:52:57",
    "calendarYear": "2003",
    "period": "Q2",
    "revenue": 205400000,
    "costOfRevenue": 153500000,
    "grossProfit": 51900000,
    "grossProfitRatio": 0.252677702,
    "researchAndDevelopmentExpenses": 0,
    "generalAndAdministrativeExpenses": 0,
    "sellingAndMarketingExpenses": 0,
    "sellingGeneralAndAdministrativeExpenses": 39300000,
    "otherExpenses": 0,
    "operatingExpenses": 39300000,
    "costAndExpenses": 192800000,
    "interestIncome": 0,
    "interestExpense": 3600000,
    "depreciationAndAmortization": 5600000,
    "ebitda": 18200000,
    "ebitdaratio": 0.0886075949,
    "operatingIncome": 12600000,
    "operatingIncomeRatio": 0.0613437196,
    "totalOtherIncomeExpensesNet": -1900000,
    "incomeBeforeTax": 10700000,
    "incomeBeforeTaxRatio": 0.0520934761,
    "incomeTaxExpense": 4200000,
    "netIncome": 6500000,
    "netIncomeRatio": 0.0316455696,
    "eps": 0.2,
    "epsdiluted": 0.2,
    "weightedAverageShsOut": 32200000,
    "weightedAverageShsOutDil": 32500000,
    "link": "https://www.sec.gov/Archives/edgar/data/1094285/000095014803001981/0000950148-03-001981-index.htm",
    "finalLink": "https://www.sec.gov/Archives/edgar/data/1094285/000095014803001981/v92384e10vq.htm"
  },
  {
    "date": "2003-03-30",
    "symbol": "TDY",
    "reportedCurrency": "USD",
    "cik": "0001094285",
    "fillingDate": "2003-05-14",
    "acceptedDate": "2003-05-14 16:30:24",
    "calendarYear": "2003",
    "period": "Q1",
    "revenue": 197200000,
    "costOfRevenue": 151600000,
    "grossProfit": 45600000,
    "grossProfitRatio": 0.2312373225,
    "researchAndDevelopmentExpenses": 0,
    "generalAndAdministrativeExpenses": 0,
    "sellingAndMarketingExpenses": 0,
    "sellingGeneralAndAdministrativeExpenses": 36400000,
    "otherExpenses": 0,
    "operatingExpenses": 36400000,
    "costAndExpenses": 188000000,
    "interestIncome": 0,
    "interestExpense": 300000,
    "depreciationAndAmortization": 5600000,
    "ebitda": 14800000,
    "ebitdaratio": 0.0750507099,
    "operatingIncome": 9200000,
    "operatingIncomeRatio": 0.046653144,
    "totalOtherIncomeExpensesNet": -200000,
    "incomeBeforeTax": 9000000,
    "incomeBeforeTaxRatio": 0.0456389452,
    "incomeTaxExpense": 3500000,
    "netIncome": 5500000,
    "netIncomeRatio": 0.0278904665,
    "eps": 0.17,
    "epsdiluted": 0.17,
    "weightedAverageShsOut": 32200000,
    "weightedAverageShsOutDil": 32500000,
    "link": "https://www.sec.gov/Archives/edgar/data/1094285/000095014803001271/0000950148-03-001271-index.htm",
    "finalLink": "https://www.sec.gov/Archives/edgar/data/1094285/000095014803001271/v90232e10vq.htm"
  },
  {
    "date": "2002-12-29",
    "symbol": "TDY",
    "reportedCurrency": "USD",
    "cik": "0001094285",
    "fillingDate": "2003-03-05",
    "acceptedDate": "2003-03-05 15:38:53",
    "calendarYear": "2002",
    "period": "Q4",
    "revenue": 209600000,
    "costOfRevenue": 160600000,
    "grossProfit": 49000000,
    "grossProfitRatio": 0.233778626,
    "researchAndDevelopmentExpenses": 0,
    "generalAndAdministrativeExpenses": 0,
    "sellingAndMarketingExpenses": 0,
    "sellingGeneralAndAdministrativeExpenses": 36600000,
    "otherExpenses": -100000,
    "operatingExpenses": 36500000,
    "costAndExpenses": 197100000,
    "interestIncome": 0,
    "interestExpense": 900000,
    "depreciationAndAmortization": 5500000,
    "ebitda": 17900000,
    "ebitdaratio": 0.0854007634,
    "operatingIncome": 12500000,
    "operatingIncomeRatio": 0.0596374046,
    "totalOtherIncomeExpensesNet": -600000,
    "incomeBeforeTax": 11900000,
    "incomeBeforeTaxRatio": 0.0567748092,
    "incomeTaxExpense": 4700000,
    "netIncome": 7200000,
    "netIncomeRatio": 0.034351145,
    "eps": 0.22,
    "epsdiluted": 0.22,
    "weightedAverageShsOut": 32200000,
    "weightedAverageShsOutDil": 32500000,
    "link": "https://www.sec.gov/Archives/edgar/data/1094285/000095014803000464/0000950148-03-000464-index.htm",
    "finalLink": "https://www.sec.gov/Archives/edgar/data/1094285/000095014803000464/v87993e10vk.htm"
  },
  {
    "date": "2002-09-29",
    "symbol": "TDY",
    "reportedCurrency": "USD",
    "cik": "0001094285",
    "fillingDate": "2002-11-12",
    "acceptedDate": "2002-11-12 16:55:33",
    "calendarYear": "2002",
    "period": "Q3",
    "revenue": 191800000,
    "costOfRevenue": 143600000,
    "grossProfit": 48200000,
    "grossProfitRatio": 0.2513034411,
    "researchAndDevelopmentExpenses": 0,
    "generalAndAdministrativeExpenses": 0,
    "sellingAndMarketingExpenses": 0,
    "sellingGeneralAndAdministrativeExpenses": 36700000,
    "otherExpenses": 0,
    "operatingExpenses": 36700000,
    "costAndExpenses": 180300000,
    "interestIncome": 0,
    "interestExpense": 200000,
    "depreciationAndAmortization": 5500000,
    "ebitda": 17000000,
    "ebitdaratio": 0.0886339937,
    "operatingIncome": 11500000,
    "operatingIncomeRatio": 0.0599582899,
    "totalOtherIncomeExpensesNet": -100000,
    "incomeBeforeTax": 11400000,
    "incomeBeforeTaxRatio": 0.0594369135,
    "incomeTaxExpense": 4500000,
    "netIncome": 6900000,
    "netIncomeRatio": 0.0359749739,
    "eps": 0.22,
    "epsdiluted": 0.21,
    "weightedAverageShsOut": 32000000,
    "weightedAverageShsOutDil": 32700000,
    "link": "https://www.sec.gov/Archives/edgar/data/1094285/000095014802002644/0000950148-02-002644-index.htm",
    "finalLink": "https://www.sec.gov/Archives/edgar/data/1094285/000095014802002644/v85874e10vq.htm"
  },
  {
    "date": "2002-06-30",
    "symbol": "TDY",
    "reportedCurrency": "USD",
    "cik": "0001094285",
    "fillingDate": "2002-08-13",
    "acceptedDate": "2002-08-13 16:56:52",
    "calendarYear": "2002",
    "period": "Q2",
    "revenue": 188000000,
    "costOfRevenue": 141700000,
    "grossProfit": 46300000,
    "grossProfitRatio": 0.2462765957,
    "researchAndDevelopmentExpenses": 0,
    "generalAndAdministrativeExpenses": 0,
    "sellingAndMarketingExpenses": 0,
    "sellingGeneralAndAdministrativeExpenses": 36600000,
    "otherExpenses": -600000,
    "operatingExpenses": 36000000,
    "costAndExpenses": 177700000,
    "interestIncome": 0,
    "interestExpense": 0,
    "depreciationAndAmortization": 5700000,
    "ebitda": 15400000,
    "ebitdaratio": 0.0819148936,
    "operatingIncome": 10300000,
    "operatingIncomeRatio": 0.054787234,
    "totalOtherIncomeExpensesNet": 0,
    "incomeBeforeTax": 10300000,
    "incomeBeforeTaxRatio": 0.054787234,
    "incomeTaxExpense": 4100000,
    "netIncome": 6200000,
    "netIncomeRatio": 0.0329787234,
    "eps": 0.19,
    "epsdiluted": 0.19,
    "weightedAverageShsOut": 32000000,
    "weightedAverageShsOutDil": 32900000,
    "link": "https://www.sec.gov/Archives/edgar/data/1094285/000095014802001970/0000950148-02-001970-index.htm",
    "finalLink": "https://www.sec.gov/Archives/edgar/data/1094285/000095014802001970/v83686e10vq.htm"
  },
  {
    "date": "2002-03-31",
    "symbol": "TDY",
    "reportedCurrency": "USD",
    "cik": "0001094285",
    "fillingDate": "2002-05-14",
    "acceptedDate": "2002-05-14 16:51:28",
    "calendarYear": "2002",
    "period": "Q1",
    "revenue": 183300000,
    "costOfRevenue": 139000000,
    "grossProfit": 44300000,
    "grossProfitRatio": 0.2416803055,
    "researchAndDevelopmentExpenses": 0,
    "generalAndAdministrativeExpenses": 0,
    "sellingAndMarketingExpenses": 0,
    "sellingGeneralAndAdministrativeExpenses": 35700000,
    "otherExpenses": 0,
    "operatingExpenses": 35700000,
    "costAndExpenses": 174700000,
    "interestIncome": 0,
    "interestExpense": 0,
    "depreciationAndAmortization": 5100000,
    "ebitda": 13700000,
    "ebitdaratio": 0.074740862,
    "operatingIncome": 8600000,
    "operatingIncomeRatio": 0.0469176214,
    "totalOtherIncomeExpensesNet": -100000,
    "incomeBeforeTax": 8500000,
    "incomeBeforeTaxRatio": 0.0463720676,
    "incomeTaxExpense": 3400000,
    "netIncome": 5100000,
    "netIncomeRatio": 0.0278232406,
    "eps": 0.16,
    "epsdiluted": 0.16,
    "weightedAverageShsOut": 31973556,
    "weightedAverageShsOutDil": 32500000,
    "link": "https://www.sec.gov/Archives/edgar/data/1094285/000095014802001305/0000950148-02-001305-index.htm",
    "finalLink": "https://www.sec.gov/Archives/edgar/data/1094285/000095014802001305/v81630e10-q.htm"
  },
  {
    "date": "2001-12-30",
    "symbol": "TDY",
    "reportedCurrency": "USD",
    "cik": "0001094285",
    "fillingDate": "2002-03-18",
    "acceptedDate": "2002-03-18 00:00:00",
    "calendarYear": "2001",
    "period": "Q4",
    "revenue": 185000000,
    "costOfRevenue": 138100000,
    "grossProfit": 46900000,
    "grossProfitRatio": 0.2535135135,
    "researchAndDevelopmentExpenses": 0,
    "generalAndAdministrativeExpenses": 0,
    "sellingAndMarketingExpenses": 0,
    "sellingGeneralAndAdministrativeExpenses": 35800000,
    "otherExpenses": 200000,
    "operatingExpenses": 36000000,
    "costAndExpenses": 174100000,
    "interestIncome": 0,
    "interestExpense": 100000,
    "depreciationAndAmortization": 5300000,
    "ebitda": 16300000,
    "ebitdaratio": 0.0881081081,
    "operatingIncome": 10900000,
    "operatingIncomeRatio": 0.0589189189,
    "totalOtherIncomeExpensesNet": -100000,
    "incomeBeforeTax": 10800000,
    "incomeBeforeTaxRatio": 0.0583783784,
    "incomeTaxExpense": 4300000,
    "netIncome": 6500000,
    "netIncomeRatio": 0.0351351351,
    "eps": 0.2,
    "epsdiluted": 0.2,
    "weightedAverageShsOut": 31973556,
    "weightedAverageShsOutDil": 32500000,
    "link": "https://www.sec.gov/Archives/edgar/data/1094285/000095014802000625/0000950148-02-000625-index.htm",
    "finalLink": "https://www.sec.gov/Archives/edgar/data/1094285/000095014802000625/v79210e10-k405.htm"
  },
  {
    "date": "2001-09-30",
    "symbol": "TDY",
    "reportedCurrency": "USD",
    "cik": "0001094285",
    "fillingDate": "2001-11-09",
    "acceptedDate": "2001-11-09 00:00:00",
    "calendarYear": "2001",
    "period": "Q3",
    "revenue": 185600000,
    "costOfRevenue": 141100000,
    "grossProfit": 44500000,
    "grossProfitRatio": 0.239762931,
    "researchAndDevelopmentExpenses": 0,
    "generalAndAdministrativeExpenses": 0,
    "sellingAndMarketingExpenses": 0,
    "sellingGeneralAndAdministrativeExpenses": 34800000,
    "otherExpenses": 0,
    "operatingExpenses": 34800000,
    "costAndExpenses": 175900000,
    "interestIncome": 0,
    "interestExpense": 200000,
    "depreciationAndAmortization": 4700000,
    "ebitda": 14400000,
    "ebitdaratio": 0.0775862069,
    "operatingIncome": 9700000,
    "operatingIncomeRatio": 0.052262931,
    "totalOtherIncomeExpensesNet": -200000,
    "incomeBeforeTax": 9500000,
    "incomeBeforeTaxRatio": 0.0511853448,
    "incomeTaxExpense": 3800000,
    "netIncome": 5700000,
    "netIncomeRatio": 0.0307112069,
    "eps": 0.18,
    "epsdiluted": 0.18,
    "weightedAverageShsOut": 31700000,
    "weightedAverageShsOutDil": 32500000,
    "link": "https://www.sec.gov/Archives/edgar/data/1094285/000095014801502196/0000950148-01-502196-index.htm",
    "finalLink": "https://www.sec.gov/Archives/edgar/data/1094285/000095014801502196/v76962e10-q.htm"
  },
  {
    "date": "2001-07-01",
    "symbol": "TDY",
    "reportedCurrency": "USD",
    "cik": "0001094285",
    "fillingDate": "2001-08-07",
    "acceptedDate": "2001-08-07 00:00:00",
    "calendarYear": "2001",
    "period": "Q2",
    "revenue": 184000000,
    "costOfRevenue": 147900000,
    "grossProfit": 36100000,
    "grossProfitRatio": 0.1961956522,
    "researchAndDevelopmentExpenses": 0,
    "generalAndAdministrativeExpenses": 0,
    "sellingAndMarketingExpenses": 0,
    "sellingGeneralAndAdministrativeExpenses": 37900000,
    "otherExpenses": 16100000,
    "operatingExpenses": 54000000,
    "costAndExpenses": 201900000,
    "interestIncome": 0,
    "interestExpense": 22200000,
    "depreciationAndAmortization": 5100000,
    "ebitda": -4100000,
    "ebitdaratio": -0.0222826087,
    "operatingIncome": -17900000,
    "operatingIncomeRatio": -0.0972826087,
    "totalOtherIncomeExpensesNet": 1000000,
    "incomeBeforeTax": -16900000,
    "incomeBeforeTaxRatio": -0.0918478261,
    "incomeTaxExpense": -6700000,
    "netIncome": -10400000,
    "netIncomeRatio": -0.0565217391,
    "eps": -0.33,
    "epsdiluted": -0.33,
    "weightedAverageShsOut": 31600000,
    "weightedAverageShsOutDil": 31600000,
    "link": "https://www.sec.gov/Archives/edgar/data/1094285/000095014801501401/0000950148-01-501401-index.htm",
    "finalLink": "https://www.sec.gov/Archives/edgar/data/1094285/000095014801501401/v74684e10-q.htm"
  },
  {
    "date": "2001-04-01",
    "symbol": "TDY",
    "reportedCurrency": "USD",
    "cik": "0001094285",
    "fillingDate": "2001-05-11",
    "acceptedDate": "2001-05-11 00:00:00",
    "calendarYear": "2001",
    "period": "Q1",
    "revenue": 189700000,
    "costOfRevenue": 146300000,
    "grossProfit": 43400000,
    "grossProfitRatio": 0.2287822878,
    "researchAndDevelopmentExpenses": 0,
    "generalAndAdministrativeExpenses": 0,
    "sellingAndMarketingExpenses": 0,
    "sellingGeneralAndAdministrativeExpenses": 35300000,
    "otherExpenses": 0,
    "operatingExpenses": 35300000,
    "costAndExpenses": 181600000,
    "interestIncome": 0,
    "interestExpense": 100000,
    "depreciationAndAmortization": 5400000,
    "ebitda": 13500000,
    "ebitdaratio": 0.0711649974,
    "operatingIncome": 8100000,
    "operatingIncomeRatio": 0.0426989984,
    "totalOtherIncomeExpensesNet": -200000,
    "incomeBeforeTax": 7900000,
    "incomeBeforeTaxRatio": 0.0416447022,
    "incomeTaxExpense": 3100000,
    "netIncome": 4800000,
    "netIncomeRatio": 0.0253031102,
    "eps": 0.15,
    "epsdiluted": 0.15,
    "weightedAverageShsOut": 32500000,
    "weightedAverageShsOutDil": 32500000,
    "link": "https://www.sec.gov/Archives/edgar/data/1094285/000095014801500635/0000950148-01-500635-index.htm",
    "finalLink": "https://www.sec.gov/Archives/edgar/data/1094285/000095014801500635/v72467e10-q.htm"
  },
  {
    "date": "2000-12-31",
    "symbol": "TDY",
    "reportedCurrency": "USD",
    "cik": "0001094285",
    "fillingDate": "2001-02-26",
    "acceptedDate": "2001-02-26 00:00:00",
    "calendarYear": "2000",
    "period": "Q4",
    "revenue": 196300000,
    "costOfRevenue": 143600000,
    "grossProfit": 52700000,
    "grossProfitRatio": 0.2684666327,
    "researchAndDevelopmentExpenses": 0,
    "generalAndAdministrativeExpenses": 0,
    "sellingAndMarketingExpenses": 0,
    "sellingGeneralAndAdministrativeExpenses": 34200000,
    "otherExpenses": 3200000,
    "operatingExpenses": 37400000,
    "costAndExpenses": 181000000,
    "interestIncome": 0,
    "interestExpense": 0,
    "depreciationAndAmortization": 3200000,
    "ebitda": 18500000,
    "ebitdaratio": 0.0942435048,
    "operatingIncome": 15300000,
    "operatingIncomeRatio": 0.0779419256,
    "totalOtherIncomeExpensesNet": -200000,
    "incomeBeforeTax": 15100000,
    "incomeBeforeTaxRatio": 0.0769230769,
    "incomeTaxExpense": 6000000,
    "netIncome": 9200000,
    "netIncomeRatio": 0.0468670402,
    "eps": 0.28,
    "epsdiluted": 0.28,
    "weightedAverageShsOut": 31536283,
    "weightedAverageShsOutDil": 32500000,
    "link": "https://www.sec.gov/Archives/edgar/data/1094285/000095014801500060/0000950148-01-500060-index.htm",
    "finalLink": "https://www.sec.gov/Archives/edgar/data/1094285/000095014801500060/v69886e10-k405.txt"
  },
  {
    "date": "2000-10-01",
    "symbol": "TDY",
    "reportedCurrency": "USD",
    "cik": "0001094285",
    "fillingDate": "2000-11-14",
    "acceptedDate": "2000-11-14 00:00:00",
    "calendarYear": "2000",
    "period": "Q3",
    "revenue": 201100000,
    "costOfRevenue": 141600000,
    "grossProfit": 59500000,
    "grossProfitRatio": 0.2958727001,
    "researchAndDevelopmentExpenses": 0,
    "generalAndAdministrativeExpenses": 0,
    "sellingAndMarketingExpenses": 0,
    "sellingGeneralAndAdministrativeExpenses": 38800000,
    "otherExpenses": 3800000,
    "operatingExpenses": 42600000,
    "costAndExpenses": 184200000,
    "interestIncome": 0,
    "interestExpense": 200000,
    "depreciationAndAmortization": 3800000,
    "ebitda": 20700000,
    "ebitdaratio": 0.1029338637,
    "operatingIncome": 16900000,
    "operatingIncomeRatio": 0.0840377921,
    "totalOtherIncomeExpensesNet": -800000,
    "incomeBeforeTax": 16100000,
    "incomeBeforeTaxRatio": 0.0800596718,
    "incomeTaxExpense": 6400000,
    "netIncome": 9800000,
    "netIncomeRatio": 0.0487319741,
    "eps": 0.33,
    "epsdiluted": 0.32,
    "weightedAverageShsOut": 29000000,
    "weightedAverageShsOutDil": 30200000,
    "link": "https://www.sec.gov/Archives/edgar/data/1094285/000095014800002385/0000950148-00-002385-index.htm",
    "finalLink": "https://www.sec.gov/Archives/edgar/data/1094285/000095014800002385/v67301e10-q.txt"
  },
  {
    "date": "2000-07-02",
    "symbol": "TDY",
    "reportedCurrency": "USD",
    "cik": "0001094285",
    "fillingDate": "2000-08-02",
    "acceptedDate": "2000-08-02 00:00:00",
    "calendarYear": "2000",
    "period": "Q2",
    "revenue": 202300000,
    "costOfRevenue": 143400000,
    "grossProfit": 58900000,
    "grossProfitRatio": 0.2911517548,
    "researchAndDevelopmentExpenses": 0,
    "generalAndAdministrativeExpenses": 0,
    "sellingAndMarketingExpenses": 0,
    "sellingGeneralAndAdministrativeExpenses": 49300000,
    "otherExpenses": 3500000,
    "operatingExpenses": 52800000,
    "costAndExpenses": 196200000,
    "interestIncome": 0,
    "interestExpense": 900000,
    "depreciationAndAmortization": 3500000,
    "ebitda": 9600000,
    "ebitdaratio": 0.0474542758,
    "operatingIncome": 6100000,
    "operatingIncomeRatio": 0.0301532378,
    "totalOtherIncomeExpensesNet": -1500000,
    "incomeBeforeTax": 4600000,
    "incomeBeforeTaxRatio": 0.0227385072,
    "incomeTaxExpense": 1800000,
    "netIncome": 3100000,
    "netIncomeRatio": 0.0153237766,
    "eps": 0.11,
    "epsdiluted": 0.11,
    "weightedAverageShsOut": 28181818,
    "weightedAverageShsOutDil": 28181818,
    "link": "https://www.sec.gov/Archives/edgar/data/1094285/000095014800001571/0000950148-00-001571-index.htm",
    "finalLink": "https://www.sec.gov/Archives/edgar/data/1094285/000095014800001571/e10-q.txt"
  },
  {
    "date": "2000-04-02",
    "symbol": "TDY",
    "reportedCurrency": "USD",
    "cik": "0001094285",
    "fillingDate": "2000-05-12",
    "acceptedDate": "2000-05-12 00:00:00",
    "calendarYear": "2000",
    "period": "Q1",
    "revenue": 203500000,
    "costOfRevenue": 143600000,
    "grossProfit": 59900000,
    "grossProfitRatio": 0.2943488943,
    "researchAndDevelopmentExpenses": 0,
    "generalAndAdministrativeExpenses": 0,
    "sellingAndMarketingExpenses": 0,
    "sellingGeneralAndAdministrativeExpenses": 36900000,
    "otherExpenses": 4300000,
    "operatingExpenses": 41200000,
    "costAndExpenses": 184800000,
    "interestIncome": 0,
    "interestExpense": 1600000,
    "depreciationAndAmortization": 4300000,
    "ebitda": 23000000,
    "ebitdaratio": 0.113022113,
    "operatingIncome": 18700000,
    "operatingIncomeRatio": 0.0918918919,
    "totalOtherIncomeExpensesNet": -1700000,
    "incomeBeforeTax": 17000000,
    "incomeBeforeTaxRatio": 0.0835380835,
    "incomeTaxExpense": 6800000,
    "netIncome": 10200000,
    "netIncomeRatio": 0.0501228501,
    "eps": 0.38,
    "epsdiluted": 0.38,
    "weightedAverageShsOut": 27100000,
    "weightedAverageShsOutDil": 27100000,
    "link": "https://www.sec.gov/Archives/edgar/data/1094285/000095014800001018/0000950148-00-001018-index.html",
    "finalLink": "https://www.sec.gov/Archives/edgar/data/1094285/000095014800001018/"
  },
  {
    "date": "2000-01-02",
    "symbol": "TDY",
    "reportedCurrency": "USD",
    "cik": "0001094285",
    "fillingDate": "2000-03-27",
    "acceptedDate": "2000-03-27 00:00:00",
    "calendarYear": "1999",
    "period": "Q4",
    "revenue": 200400000,
    "costOfRevenue": 0,
    "grossProfit": 200400000,
    "grossProfitRatio": 1,
    "researchAndDevelopmentExpenses": 0,
    "generalAndAdministrativeExpenses": 0,
    "sellingAndMarketingExpenses": 0,
    "sellingGeneralAndAdministrativeExpenses": 0,
    "otherExpenses": 721600000,
    "operatingExpenses": 721600000,
    "costAndExpenses": 721600000,
    "interestIncome": 0,
    "interestExpense": 0,
    "depreciationAndAmortization": 0,
    "ebitda": -521200000,
    "ebitdaratio": -2.6007984032,
    "operatingIncome": -521200000,
    "operatingIncomeRatio": -2.6007984032,
    "totalOtherIncomeExpensesNet": 521200000,
    "incomeBeforeTax": 0,
    "incomeBeforeTaxRatio": 0,
    "incomeTaxExpense": -534400000,
    "netIncome": 13200000,
    "netIncomeRatio": 0.0658682635,
    "eps": 0.48,
    "epsdiluted": 0.48,
    "weightedAverageShsOut": 26881822,
    "weightedAverageShsOutDil": 27100000,
    "link": "https://www.sec.gov/Archives/edgar/data/1094285/000095012800000576/0000950128-00-000576-index.html",
    "finalLink": "https://www.sec.gov/Archives/edgar/data/1094285/000095012800000576/"
  },
  {
    "date": "1999-09-30",
    "symbol": "TDY",
    "reportedCurrency": "USD",
    "cik": "0001094285",
    "fillingDate": "1999-10-03",
    "acceptedDate": "1999-10-02 20:00:00",
    "calendarYear": "1999",
    "period": "Q3",
    "revenue": 201000000,
    "costOfRevenue": 0,
    "grossProfit": 201000000,
    "grossProfitRatio": 1,
    "researchAndDevelopmentExpenses": 0,
    "generalAndAdministrativeExpenses": 0,
    "sellingAndMarketingExpenses": 0,
    "sellingGeneralAndAdministrativeExpenses": 0,
    "otherExpenses": 0,
    "operatingExpenses": 0,
    "costAndExpenses": 0,
    "interestIncome": 0,
    "interestExpense": 0,
    "depreciationAndAmortization": 0,
    "ebitda": 201000000,
    "ebitdaratio": 1,
    "operatingIncome": 201000000,
    "operatingIncomeRatio": 1,
    "totalOtherIncomeExpensesNet": -201000000,
    "incomeBeforeTax": 0,
    "incomeBeforeTaxRatio": 0,
    "incomeTaxExpense": 189100000,
    "netIncome": 11900000,
    "netIncomeRatio": 0.0592039801,
    "eps": 0.43,
    "epsdiluted": 0.43,
    "weightedAverageShsOut": 27674419,
    "weightedAverageShsOutDil": 27674419,
    "link": "",
    "finalLink": ""
  },
  {
    "date": "1999-06-30",
    "symbol": "TDY",
    "reportedCurrency": "USD",
    "cik": "0001094285",
    "fillingDate": "1999-06-30",
    "acceptedDate": "1999-06-30 00:00:00",
    "calendarYear": "1999",
    "period": "Q2",
    "revenue": 201000000,
    "costOfRevenue": 0,
    "grossProfit": 201000000,
    "grossProfitRatio": 1,
    "researchAndDevelopmentExpenses": 0,
    "generalAndAdministrativeExpenses": 0,
    "sellingAndMarketingExpenses": 0,
    "sellingGeneralAndAdministrativeExpenses": 0,
    "otherExpenses": 0,
    "operatingExpenses": 0,
    "costAndExpenses": 0,
    "interestIncome": 0,
    "interestExpense": 0,
    "depreciationAndAmortization": 0,
    "ebitda": 201000000,
    "ebitdaratio": 1,
    "operatingIncome": 201000000,
    "operatingIncomeRatio": 1,
    "totalOtherIncomeExpensesNet": -201000000,
    "incomeBeforeTax": 0,
    "incomeBeforeTaxRatio": 0,
    "incomeTaxExpense": 189100000,
    "netIncome": 11900000,
    "netIncomeRatio": 0.0592039801,
    "eps": 0.43,
    "epsdiluted": 0.43,
    "weightedAverageShsOut": 27674419,
    "weightedAverageShsOutDil": 27674419,
    "link": null,
    "finalLink": null
  },
  {
    "date": "1999-03-31",
    "symbol": "TDY",
    "reportedCurrency": "USD",
    "cik": "0001094285",
    "fillingDate": "1999-03-31",
    "acceptedDate": "1999-03-31 00:00:00",
    "calendarYear": "1999",
    "period": "Q1",
    "revenue": 201000000,
    "costOfRevenue": 0,
    "grossProfit": 201000000,
    "grossProfitRatio": 1,
    "researchAndDevelopmentExpenses": 0,
    "generalAndAdministrativeExpenses": 0,
    "sellingAndMarketingExpenses": 0,
    "sellingGeneralAndAdministrativeExpenses": 0,
    "otherExpenses": 0,
    "operatingExpenses": 0,
    "costAndExpenses": 0,
    "interestIncome": 0,
    "interestExpense": 0,
    "depreciationAndAmortization": 0,
    "ebitda": 201000000,
    "ebitdaratio": 1,
    "operatingIncome": 201000000,
    "operatingIncomeRatio": 1,
    "totalOtherIncomeExpensesNet": -201000000,
    "incomeBeforeTax": 0,
    "incomeBeforeTaxRatio": 0,
    "incomeTaxExpense": 189100000,
    "netIncome": 11900000,
    "netIncomeRatio": 0.0592039801,
    "eps": 0.43,
    "epsdiluted": 0.43,
    "weightedAverageShsOut": 27674419,
    "weightedAverageShsOutDil": 27674419,
    "link": null,
    "finalLink": null
  },
  {
    "date": "1998-12-31",
    "symbol": "TDY",
    "reportedCurrency": "USD",
    "cik": "0001094285",
    "fillingDate": "1998-12-31",
    "acceptedDate": "1998-12-31 00:00:00",
    "calendarYear": "1998",
    "period": "Q4",
    "revenue": 191700000,
    "costOfRevenue": 0,
    "grossProfit": 191700000,
    "grossProfitRatio": 1,
    "researchAndDevelopmentExpenses": 0,
    "generalAndAdministrativeExpenses": 0,
    "sellingAndMarketingExpenses": 0,
    "sellingGeneralAndAdministrativeExpenses": 0,
    "otherExpenses": 699000000,
    "operatingExpenses": 699000000,
    "costAndExpenses": 699000000,
    "interestIncome": 0,
    "interestExpense": 0,
    "depreciationAndAmortization": 0,
    "ebitda": -507300000,
    "ebitdaratio": -2.6463223787,
    "operatingIncome": -507300000,
    "operatingIncomeRatio": -2.6463223787,
    "totalOtherIncomeExpensesNet": 507300000,
    "incomeBeforeTax": 0,
    "incomeBeforeTaxRatio": 0,
    "incomeTaxExpense": -518200000,
    "netIncome": 10900000,
    "netIncomeRatio": 0.0568596766,
    "eps": 0.39,
    "epsdiluted": 0.39,
    "weightedAverageShsOut": 27674419,
    "weightedAverageShsOutDil": 27674419,
    "link": null,
    "finalLink": null
  },
  {
    "date": "1998-09-30",
    "symbol": "TDY",
    "reportedCurrency": "USD",
    "cik": "0001094285",
    "fillingDate": "1998-09-30",
    "acceptedDate": "1998-09-30 00:00:00",
    "calendarYear": "1998",
    "period": "Q3",
    "revenue": 189500000,
    "costOfRevenue": 0,
    "grossProfit": 189500000,
    "grossProfitRatio": 1,
    "researchAndDevelopmentExpenses": 0,
    "generalAndAdministrativeExpenses": 0,
    "sellingAndMarketingExpenses": 0,
    "sellingGeneralAndAdministrativeExpenses": 0,
    "otherExpenses": 0,
    "operatingExpenses": 0,
    "costAndExpenses": 0,
    "interestIncome": 0,
    "interestExpense": 0,
    "depreciationAndAmortization": 0,
    "ebitda": 189500000,
    "ebitdaratio": 1,
    "operatingIncome": 189500000,
    "operatingIncomeRatio": 1,
    "totalOtherIncomeExpensesNet": -189500000,
    "incomeBeforeTax": 0,
    "incomeBeforeTaxRatio": 0,
    "incomeTaxExpense": 176900000,
    "netIncome": 12600000,
    "netIncomeRatio": 0.0664907652,
    "eps": 0.45,
    "epsdiluted": 0.45,
    "weightedAverageShsOut": 28000000,
    "weightedAverageShsOutDil": 28000000,
    "link": null,
    "finalLink": null
  },
  {
    "date": "1998-06-30",
    "symbol": "TDY",
    "reportedCurrency": "USD",
    "cik": "0001094285",
    "fillingDate": "1998-06-30",
    "acceptedDate": "1998-06-30 00:00:00",
    "calendarYear": "1998",
    "period": "Q2",
    "revenue": 200500000,
    "costOfRevenue": 0,
    "grossProfit": 200500000,
    "grossProfitRatio": 1,
    "researchAndDevelopmentExpenses": 0,
    "generalAndAdministrativeExpenses": 0,
    "sellingAndMarketingExpenses": 0,
    "sellingGeneralAndAdministrativeExpenses": 0,
    "otherExpenses": 0,
    "operatingExpenses": 0,
    "costAndExpenses": 0,
    "interestIncome": 0,
    "interestExpense": 0,
    "depreciationAndAmortization": 0,
    "ebitda": 200500000,
    "ebitdaratio": 1,
    "operatingIncome": 200500000,
    "operatingIncomeRatio": 1,
    "totalOtherIncomeExpensesNet": -200500000,
    "incomeBeforeTax": 0,
    "incomeBeforeTaxRatio": 0,
    "incomeTaxExpense": 186600000,
    "netIncome": 13900000,
    "netIncomeRatio": 0.0693266833,
    "eps": 0.49,
    "epsdiluted": 0.49,
    "weightedAverageShsOut": 28367347,
    "weightedAverageShsOutDil": 28367347,
    "link": null,
    "finalLink": null
  },
  {
    "date": "1998-03-31",
    "symbol": "TDY",
    "reportedCurrency": "USD",
    "cik": "0001094285",
    "fillingDate": "1998-03-31",
    "acceptedDate": "1998-03-31 00:00:00",
    "calendarYear": "1998",
    "period": "Q1",
    "revenue": 198800000,
    "costOfRevenue": 0,
    "grossProfit": 198800000,
    "grossProfitRatio": 1,
    "researchAndDevelopmentExpenses": 0,
    "generalAndAdministrativeExpenses": 0,
    "sellingAndMarketingExpenses": 0,
    "sellingGeneralAndAdministrativeExpenses": 0,
    "otherExpenses": 0,
    "operatingExpenses": 0,
    "costAndExpenses": 0,
    "interestIncome": 0,
    "interestExpense": 0,
    "depreciationAndAmortization": 0,
    "ebitda": 198800000,
    "ebitdaratio": 1,
    "operatingIncome": 198800000,
    "operatingIncomeRatio": 1,
    "totalOtherIncomeExpensesNet": -198800000,
    "incomeBeforeTax": 0,
    "incomeBeforeTaxRatio": 0,
    "incomeTaxExpense": 187500000,
    "netIncome": 11300000,
    "netIncomeRatio": 0.0568410463,
    "eps": 0.4,
    "epsdiluted": 0.4,
    "weightedAverageShsOut": 28250000,
    "weightedAverageShsOutDil": 28250000,
    "link": null,
    "finalLink": null
  }
]