[
  {
    "date": "2025-06-30",
    "symbol": "TECH",
    "reportedCurrency": "USD",
    "cik": "0000842023",
    "fillingDate": "2025-08-22",
    "acceptedDate": "2025-08-22 06:31:16",
    "calendarYear": "2025",
    "period": "Q4",
    "revenue": 316964000,
    "costOfRevenue": 118152000,
    "grossProfit": 198812000,
    "grossProfitRatio": 0.6272384246,
    "researchAndDevelopmentExpenses": 26032000,
    "generalAndAdministrativeExpenses": 0,
    "sellingAndMarketingExpenses": 0,
    "sellingGeneralAndAdministrativeExpenses": 23216000,
    "otherExpenses": 173424000,
    "operatingExpenses": 222672000,
    "costAndExpenses": 340824000,
    "interestIncome": 585000,
    "interestExpense": 2178000,
    "depreciationAndAmortization": 27111000,
    "ebitda": 6430000,
    "ebitdaratio": 0.0202862155,
    "operatingIncome": -23860000,
    "operatingIncomeRatio": -0.0752766876,
    "totalOtherIncomeExpensesNet": 1001000,
    "incomeBeforeTax": -22859000,
    "incomeBeforeTaxRatio": -0.0721186002,
    "incomeTaxExpense": -5181000,
    "netIncome": -17678000,
    "netIncomeRatio": -0.0557728953,
    "eps": -0.11,
    "epsdiluted": -0.11,
    "weightedAverageShsOut": 154913000,
    "weightedAverageShsOutDil": 154913000,
    "link": "https://www.sec.gov/Archives/edgar/data/842023/000155837025011716/0001558370-25-011716-index.htm",
    "finalLink": "https://www.sec.gov/Archives/edgar/data/842023/000155837025011716/tech-20250630x10k.htm"
  },
  {
    "date": "2025-03-31",
    "symbol": "TECH",
    "reportedCurrency": "USD",
    "cik": "0000842023",
    "fillingDate": "2025-05-08",
    "acceptedDate": "2025-05-08 16:30:29",
    "calendarYear": "2025",
    "period": "Q3",
    "revenue": 316181000,
    "costOfRevenue": 101625000,
    "grossProfit": 214556000,
    "grossProfitRatio": 0.6785859998,
    "researchAndDevelopmentExpenses": 24579000,
    "generalAndAdministrativeExpenses": 0,
    "sellingAndMarketingExpenses": 0,
    "sellingGeneralAndAdministrativeExpenses": 151269000,
    "otherExpenses": 0,
    "operatingExpenses": 175848000,
    "costAndExpenses": 277473000,
    "interestIncome": 1026000,
    "interestExpense": 2007000,
    "depreciationAndAmortization": 27571000,
    "ebitda": 67852000,
    "ebitdaratio": 0.2145986002,
    "operatingIncome": 38708000,
    "operatingIncomeRatio": 0.1224235485,
    "totalOtherIncomeExpensesNet": -434000,
    "incomeBeforeTax": 38274000,
    "incomeBeforeTaxRatio": 0.121050917,
    "incomeTaxExpense": 15686000,
    "netIncome": 22588000,
    "netIncomeRatio": 0.0714400929,
    "eps": 0.14,
    "epsdiluted": 0.14,
    "weightedAverageShsOut": 157372000,
    "weightedAverageShsOutDil": 158944000,
    "link": "https://www.sec.gov/Archives/edgar/data/842023/000155837025006990/0001558370-25-006990-index.htm",
    "finalLink": "https://www.sec.gov/Archives/edgar/data/842023/000155837025006990/tech-20250331x10q.htm"
  },
  {
    "date": "2024-12-31",
    "symbol": "TECH",
    "reportedCurrency": "USD",
    "cik": "0000842023",
    "fillingDate": "2025-02-06",
    "acceptedDate": "2025-02-06 16:30:29",
    "calendarYear": "2025",
    "period": "Q2",
    "revenue": 297031000,
    "costOfRevenue": 103145000,
    "grossProfit": 193886000,
    "grossProfitRatio": 0.652746683,
    "researchAndDevelopmentExpenses": 25016000,
    "generalAndAdministrativeExpenses": 0,
    "sellingAndMarketingExpenses": 0,
    "sellingGeneralAndAdministrativeExpenses": 121451000,
    "otherExpenses": 0,
    "operatingExpenses": 146467000,
    "costAndExpenses": 249612000,
    "interestIncome": 1348000,
    "interestExpense": 2148000,
    "depreciationAndAmortization": 27084000,
    "ebitda": 74923000,
    "ebitdaratio": 0.2522396652,
    "operatingIncome": 47419000,
    "operatingIncomeRatio": 0.1596432696,
    "totalOtherIncomeExpensesNet": -4543000,
    "incomeBeforeTax": 42876000,
    "incomeBeforeTaxRatio": 0.1443485697,
    "incomeTaxExpense": 7986000,
    "netIncome": 34890000,
    "netIncomeRatio": 0.1174624871,
    "eps": 0.22,
    "epsdiluted": 0.22,
    "weightedAverageShsOut": 158431000,
    "weightedAverageShsOutDil": 160626000,
    "link": "https://www.sec.gov/Archives/edgar/data/842023/000155837025000689/0001558370-25-000689-index.htm",
    "finalLink": "https://www.sec.gov/Archives/edgar/data/842023/000155837025000689/tech-20241231x10q.htm"
  },
  {
    "date": "2024-09-30",
    "symbol": "TECH",
    "reportedCurrency": "USD",
    "cik": "0000842023",
    "fillingDate": "2024-11-05",
    "acceptedDate": "2024-11-05 16:31:30",
    "calendarYear": "2025",
    "period": "Q1",
    "revenue": 289458000,
    "costOfRevenue": 106441000,
    "grossProfit": 183017000,
    "grossProfitRatio": 0.6322748033,
    "researchAndDevelopmentExpenses": 23869000,
    "generalAndAdministrativeExpenses": 0,
    "sellingAndMarketingExpenses": 0,
    "sellingGeneralAndAdministrativeExpenses": 119161000,
    "otherExpenses": 0,
    "operatingExpenses": 143030000,
    "costAndExpenses": 249471000,
    "interestIncome": 926000,
    "interestExpense": 2176000,
    "depreciationAndAmortization": 28137000,
    "ebitda": 73865000,
    "ebitdaratio": 0.2551838263,
    "operatingIncome": 39987000,
    "operatingIncomeRatio": 0.138144394,
    "totalOtherIncomeExpensesNet": 184000,
    "incomeBeforeTax": 40171000,
    "incomeBeforeTaxRatio": 0.1387800648,
    "incomeTaxExpense": 6571000,
    "netIncome": 33600000,
    "netIncomeRatio": 0.1160790166,
    "eps": 0.21,
    "epsdiluted": 0.21,
    "weightedAverageShsOut": 158531000,
    "weightedAverageShsOutDil": 161115000,
    "link": "https://www.sec.gov/Archives/edgar/data/842023/000155837024014439/0001558370-24-014439-index.htm",
    "finalLink": "https://www.sec.gov/Archives/edgar/data/842023/000155837024014439/tech-20240930x10q.htm"
  },
  {
    "date": "2024-06-30",
    "symbol": "TECH",
    "reportedCurrency": "USD",
    "cik": "0000842023",
    "fillingDate": "2024-08-22",
    "acceptedDate": "2024-08-22 16:30:35",
    "calendarYear": "2024",
    "period": "Q4",
    "revenue": 306098000,
    "costOfRevenue": 101223000,
    "grossProfit": 204875000,
    "grossProfitRatio": 0.669311789,
    "researchAndDevelopmentExpenses": 23989000,
    "generalAndAdministrativeExpenses": 0,
    "sellingAndMarketingExpenses": 0,
    "sellingGeneralAndAdministrativeExpenses": 101896000,
    "otherExpenses": 689000,
    "operatingExpenses": 125885000,
    "costAndExpenses": 227108000,
    "interestIncome": 905000,
    "interestExpense": 2509000,
    "depreciationAndAmortization": 28057000,
    "ebitda": 96757000,
    "ebitdaratio": 0.3160981124,
    "operatingIncome": 45823000,
    "operatingIncomeRatio": 0.1497004227,
    "totalOtherIncomeExpensesNet": -4162000,
    "incomeBeforeTax": 41661000,
    "incomeBeforeTaxRatio": 0.1361034701,
    "incomeTaxExpense": 1073000,
    "netIncome": 40588000,
    "netIncomeRatio": 0.1325980568,
    "eps": 0.26,
    "epsdiluted": 0.25,
    "weightedAverageShsOut": 157868000,
    "weightedAverageShsOutDil": 160651000,
    "link": "https://www.sec.gov/Archives/edgar/data/842023/000155837024012430/0001558370-24-012430-index.htm",
    "finalLink": "https://www.sec.gov/Archives/edgar/data/842023/000155837024012430/tech-20240630x10k.htm"
  },
  {
    "date": "2024-03-31",
    "symbol": "TECH",
    "reportedCurrency": "USD",
    "cik": "0000842023",
    "fillingDate": "2024-05-06",
    "acceptedDate": "2024-05-06 16:30:44",
    "calendarYear": "2024",
    "period": "Q3",
    "revenue": 303428000,
    "costOfRevenue": 98182000,
    "grossProfit": 205246000,
    "grossProfitRatio": 0.6764240611,
    "researchAndDevelopmentExpenses": 25761000,
    "generalAndAdministrativeExpenses": 0,
    "sellingAndMarketingExpenses": 0,
    "sellingGeneralAndAdministrativeExpenses": 107505000,
    "otherExpenses": -874000,
    "operatingExpenses": 133266000,
    "costAndExpenses": 231448000,
    "interestIncome": 712000,
    "interestExpense": 4005000,
    "depreciationAndAmortization": 27311000,
    "ebitda": 99331000,
    "ebitdaratio": 0.3273626692,
    "operatingIncome": 66998000,
    "operatingIncomeRatio": 0.2208036173,
    "totalOtherIncomeExpensesNet": -5914000,
    "incomeBeforeTax": 61084000,
    "incomeBeforeTaxRatio": 0.2013129968,
    "incomeTaxExpense": 12025000,
    "netIncome": 49059000,
    "netIncomeRatio": 0.1616825079,
    "eps": 0.31,
    "epsdiluted": 0.31,
    "weightedAverageShsOut": 157309000,
    "weightedAverageShsOutDil": 160496000,
    "link": "https://www.sec.gov/Archives/edgar/data/842023/000155837024006803/0001558370-24-006803-index.htm",
    "finalLink": "https://www.sec.gov/Archives/edgar/data/842023/000155837024006803/tmb-20240331x10q.htm"
  },
  {
    "date": "2023-12-31",
    "symbol": "TECH",
    "reportedCurrency": "USD",
    "cik": "0000842023",
    "fillingDate": "2024-02-07",
    "acceptedDate": "2024-02-07 16:31:56",
    "calendarYear": "2024",
    "period": "Q2",
    "revenue": 272598000,
    "costOfRevenue": 96011000,
    "grossProfit": 176587000,
    "grossProfitRatio": 0.6477927204,
    "researchAndDevelopmentExpenses": 22916000,
    "generalAndAdministrativeExpenses": 0,
    "sellingAndMarketingExpenses": 0,
    "sellingGeneralAndAdministrativeExpenses": 115667000,
    "otherExpenses": 810000,
    "operatingExpenses": 138583000,
    "costAndExpenses": 234594000,
    "interestIncome": 816000,
    "interestExpense": 4329000,
    "depreciationAndAmortization": 27803000,
    "ebitda": 77939000,
    "ebitdaratio": 0.2859118556,
    "operatingIncome": 38004000,
    "operatingIncomeRatio": 0.1394140823,
    "totalOtherIncomeExpensesNet": -4617000,
    "incomeBeforeTax": 33387000,
    "incomeBeforeTaxRatio": 0.1224770541,
    "incomeTaxExpense": 5922000,
    "netIncome": 27465000,
    "netIncomeRatio": 0.1007527568,
    "eps": 0.17,
    "epsdiluted": 0.17,
    "weightedAverageShsOut": 157533000,
    "weightedAverageShsOutDil": 160060000,
    "link": "https://www.sec.gov/Archives/edgar/data/842023/000155837024000862/0001558370-24-000862-index.htm",
    "finalLink": "https://www.sec.gov/Archives/edgar/data/842023/000155837024000862/tmb-20231231x10q.htm"
  },
  {
    "date": "2023-09-30",
    "symbol": "TECH",
    "reportedCurrency": "USD",
    "cik": "0000842023",
    "fillingDate": "2023-11-07",
    "acceptedDate": "2023-11-07 16:35:57",
    "calendarYear": "2024",
    "period": "Q1",
    "revenue": 276935000,
    "costOfRevenue": 91744000,
    "grossProfit": 185191000,
    "grossProfitRatio": 0.6687164858,
    "researchAndDevelopmentExpenses": 23998000,
    "generalAndAdministrativeExpenses": 0,
    "sellingAndMarketingExpenses": 0,
    "sellingGeneralAndAdministrativeExpenses": 105331000,
    "otherExpenses": 0,
    "operatingExpenses": 129329000,
    "costAndExpenses": 221073000,
    "interestIncome": 890000,
    "interestExpense": 4893000,
    "depreciationAndAmortization": 28540000,
    "ebitda": 84084000,
    "ebitdaratio": 0.303623594,
    "operatingIncome": 55862000,
    "operatingIncomeRatio": 0.2017152039,
    "totalOtherIncomeExpensesNet": -6304000,
    "incomeBeforeTax": 49558000,
    "incomeBeforeTaxRatio": 0.1789517396,
    "incomeTaxExpense": -1435000,
    "netIncome": 50993000,
    "netIncomeRatio": 0.1841334609,
    "eps": 0.32,
    "epsdiluted": 0.31,
    "weightedAverageShsOut": 158130000,
    "weightedAverageShsOutDil": 161940000,
    "link": "https://www.sec.gov/Archives/edgar/data/842023/000155837023018018/0001558370-23-018018-index.htm",
    "finalLink": "https://www.sec.gov/Archives/edgar/data/842023/000155837023018018/tmb-20230930x10q.htm"
  },
  {
    "date": "2023-06-30",
    "symbol": "TECH",
    "reportedCurrency": "USD",
    "cik": "0000842023",
    "fillingDate": "2023-08-23",
    "acceptedDate": "2023-08-23 16:30:51",
    "calendarYear": "2023",
    "period": "Q4",
    "revenue": 301320000,
    "costOfRevenue": 96623000,
    "grossProfit": 204697000,
    "grossProfitRatio": 0.6793342626,
    "researchAndDevelopmentExpenses": 23419000,
    "generalAndAdministrativeExpenses": 0,
    "sellingAndMarketingExpenses": 0,
    "sellingGeneralAndAdministrativeExpenses": 86754000,
    "otherExpenses": 0,
    "operatingExpenses": 110172000,
    "costAndExpenses": 206795000,
    "interestIncome": 1035000,
    "interestExpense": 3702000,
    "depreciationAndAmortization": 26923000,
    "ebitda": 110385000,
    "ebitdaratio": 0.3663381123,
    "operatingIncome": 94525000,
    "operatingIncomeRatio": 0.31370304,
    "totalOtherIncomeExpensesNet": -6209000,
    "incomeBeforeTax": 88316000,
    "incomeBeforeTaxRatio": 0.2930970397,
    "incomeTaxExpense": 12832000,
    "netIncome": 75484000,
    "netIncomeRatio": 0.2505110846,
    "eps": 0.48,
    "epsdiluted": 0.47,
    "weightedAverageShsOut": 157504000,
    "weightedAverageShsOutDil": 161920000,
    "link": "https://www.sec.gov/Archives/edgar/data/842023/000155837023015226/0001558370-23-015226-index.htm",
    "finalLink": "https://www.sec.gov/Archives/edgar/data/842023/000155837023015226/tmb-20230630x10k.htm"
  },
  {
    "date": "2023-03-31",
    "symbol": "TECH",
    "reportedCurrency": "USD",
    "cik": "0000842023",
    "fillingDate": "2023-05-08",
    "acceptedDate": "2023-05-08 16:30:53",
    "calendarYear": "2023",
    "period": "Q3",
    "revenue": 294146000,
    "costOfRevenue": 91984000,
    "grossProfit": 202162000,
    "grossProfitRatio": 0.6872845458,
    "researchAndDevelopmentExpenses": 22713000,
    "generalAndAdministrativeExpenses": 0,
    "sellingAndMarketingExpenses": 0,
    "sellingGeneralAndAdministrativeExpenses": 99238000,
    "otherExpenses": -15000,
    "operatingExpenses": 121951000,
    "costAndExpenses": 213935000,
    "interestIncome": 974000,
    "interestExpense": 1367000,
    "depreciationAndAmortization": 26971000,
    "ebitda": 105849000,
    "ebitdaratio": 0.3598519103,
    "operatingIncome": 80211000,
    "operatingIncomeRatio": 0.2726911126,
    "totalOtherIncomeExpensesNet": -15000,
    "incomeBeforeTax": 80196000,
    "incomeBeforeTaxRatio": 0.2726401175,
    "incomeTaxExpense": 9978000,
    "netIncome": 70218000,
    "netIncomeRatio": 0.2387181876,
    "eps": 0.45,
    "epsdiluted": 0.43,
    "weightedAverageShsOut": 157311000,
    "weightedAverageShsOutDil": 161615000,
    "link": "https://www.sec.gov/Archives/edgar/data/842023/000155837023008540/0001558370-23-008540-index.htm",
    "finalLink": "https://www.sec.gov/Archives/edgar/data/842023/000155837023008540/tmb-20230331x10q.htm"
  },
  {
    "date": "2022-12-31",
    "symbol": "TECH",
    "reportedCurrency": "USD",
    "cik": "0000842023",
    "fillingDate": "2023-02-07",
    "acceptedDate": "2023-02-07 16:30:38",
    "calendarYear": "2023",
    "period": "Q2",
    "revenue": 271581000,
    "costOfRevenue": 88221000,
    "grossProfit": 183360000,
    "grossProfitRatio": 0.6751576878,
    "researchAndDevelopmentExpenses": 22459000,
    "generalAndAdministrativeExpenses": 0,
    "sellingAndMarketingExpenses": 0,
    "sellingGeneralAndAdministrativeExpenses": 93010000,
    "otherExpenses": 0,
    "operatingExpenses": 115469000,
    "costAndExpenses": 203690000,
    "interestIncome": 968000,
    "interestExpense": 2356000,
    "depreciationAndAmortization": 26703000,
    "ebitda": 103001000,
    "ebitdaratio": 0.3792643815,
    "operatingIncome": 67891000,
    "operatingIncomeRatio": 0.2499843509,
    "totalOtherIncomeExpensesNet": -1462000,
    "incomeBeforeTax": 66429000,
    "incomeBeforeTaxRatio": 0.2446010582,
    "incomeTaxExpense": 16424000,
    "netIncome": 50005000,
    "netIncomeRatio": 0.1841255463,
    "eps": 0.32,
    "epsdiluted": 0.31,
    "weightedAverageShsOut": 157011000,
    "weightedAverageShsOutDil": 161750000,
    "link": "https://www.sec.gov/Archives/edgar/data/842023/000155837023000979/0001558370-23-000979-index.htm",
    "finalLink": "https://www.sec.gov/Archives/edgar/data/842023/000155837023000979/tmb-20221231x10q.htm"
  },
  {
    "date": "2022-09-30",
    "symbol": "TECH",
    "reportedCurrency": "USD",
    "cik": "0000842023",
    "fillingDate": "2022-11-07",
    "acceptedDate": "2022-11-07 16:31:06",
    "calendarYear": "2023",
    "period": "Q1",
    "revenue": 269655000,
    "costOfRevenue": 90060000,
    "grossProfit": 179595000,
    "grossProfitRatio": 0.6660176893,
    "researchAndDevelopmentExpenses": 23903000,
    "generalAndAdministrativeExpenses": 0,
    "sellingAndMarketingExpenses": 0,
    "sellingGeneralAndAdministrativeExpenses": 99375000,
    "otherExpenses": 0,
    "operatingExpenses": 123278000,
    "costAndExpenses": 213338000,
    "interestIncome": 433000,
    "interestExpense": 3790000,
    "depreciationAndAmortization": 26641000,
    "ebitda": 85725000,
    "ebitdaratio": 0.3179062135,
    "operatingIncome": 56317000,
    "operatingIncomeRatio": 0.2088483433,
    "totalOtherIncomeExpensesNet": 47399000,
    "incomeBeforeTax": 103716000,
    "incomeBeforeTaxRatio": 0.3846247984,
    "incomeTaxExpense": 13982000,
    "netIncome": 89555000,
    "netIncomeRatio": 0.3321095474,
    "eps": 0.57,
    "epsdiluted": 0.55,
    "weightedAverageShsOut": 156928000,
    "weightedAverageShsOutDil": 162172000,
    "link": "https://www.sec.gov/Archives/edgar/data/842023/000155837022016640/0001558370-22-016640-index.htm",
    "finalLink": "https://www.sec.gov/Archives/edgar/data/842023/000155837022016640/tmb-20220930x10q.htm"
  },
  {
    "date": "2022-06-30",
    "symbol": "TECH",
    "reportedCurrency": "USD",
    "cik": "0000842023",
    "fillingDate": "2022-08-24",
    "acceptedDate": "2022-08-24 16:31:27",
    "calendarYear": "2022",
    "period": "Q4",
    "revenue": 288229000,
    "costOfRevenue": 87878000,
    "grossProfit": 200351000,
    "grossProfitRatio": 0.6951104851,
    "researchAndDevelopmentExpenses": 23148000,
    "generalAndAdministrativeExpenses": 0,
    "sellingAndMarketingExpenses": 0,
    "sellingGeneralAndAdministrativeExpenses": 96630000,
    "otherExpenses": 0,
    "operatingExpenses": 119778000,
    "costAndExpenses": 207656000,
    "interestIncome": 188000,
    "interestExpense": 2505000,
    "depreciationAndAmortization": 25866000,
    "ebitda": 86526000,
    "ebitdaratio": 0.3001988003,
    "operatingIncome": 80573000,
    "operatingIncomeRatio": 0.2795450839,
    "totalOtherIncomeExpensesNet": -1521000,
    "incomeBeforeTax": 79053000,
    "incomeBeforeTaxRatio": 0.2742714994,
    "incomeTaxExpense": 17137000,
    "netIncome": 61524000,
    "netIncomeRatio": 0.2134552734,
    "eps": 0.39,
    "epsdiluted": 0.38,
    "weightedAverageShsOut": 156807000,
    "weightedAverageShsOutDil": 163588000,
    "link": "https://www.sec.gov/Archives/edgar/data/842023/000155837022013935/0001558370-22-013935-index.htm",
    "finalLink": "https://www.sec.gov/Archives/edgar/data/842023/000155837022013935/tmb-20220630x10k.htm"
  },
  {
    "date": "2022-03-31",
    "symbol": "TECH",
    "reportedCurrency": "USD",
    "cik": "0000842023",
    "fillingDate": "2022-05-09",
    "acceptedDate": "2022-05-09 16:30:58",
    "calendarYear": "2022",
    "period": "Q3",
    "revenue": 290376000,
    "costOfRevenue": 88918000,
    "grossProfit": 201458000,
    "grossProfitRatio": 0.6937832328,
    "researchAndDevelopmentExpenses": 21742000,
    "generalAndAdministrativeExpenses": 0,
    "sellingAndMarketingExpenses": 0,
    "sellingGeneralAndAdministrativeExpenses": 89269000,
    "otherExpenses": 0,
    "operatingExpenses": 111011000,
    "costAndExpenses": 199929000,
    "interestIncome": 168000,
    "interestExpense": 2493000,
    "depreciationAndAmortization": 25367000,
    "ebitda": 111813000,
    "ebitdaratio": 0.3850628151,
    "operatingIncome": 90447000,
    "operatingIncomeRatio": 0.3114823539,
    "totalOtherIncomeExpensesNet": -21675000,
    "incomeBeforeTax": 68772000,
    "incomeBeforeTaxRatio": 0.2368377552,
    "incomeTaxExpense": 8628000,
    "netIncome": 60739000,
    "netIncomeRatio": 0.2091736232,
    "eps": 0.39,
    "epsdiluted": 0.37,
    "weightedAverageShsOut": 157087000,
    "weightedAverageShsOutDil": 163876000,
    "link": "https://www.sec.gov/Archives/edgar/data/842023/000155837022007844/0001558370-22-007844-index.htm",
    "finalLink": "https://www.sec.gov/Archives/edgar/data/842023/000155837022007844/tmb-20220331x10q.htm"
  },
  {
    "date": "2021-12-31",
    "symbol": "TECH",
    "reportedCurrency": "USD",
    "cik": "0000842023",
    "fillingDate": "2022-02-07",
    "acceptedDate": "2022-02-07 16:30:46",
    "calendarYear": "2022",
    "period": "Q2",
    "revenue": 269276000,
    "costOfRevenue": 85585000,
    "grossProfit": 183691000,
    "grossProfitRatio": 0.6821662532,
    "researchAndDevelopmentExpenses": 20650000,
    "generalAndAdministrativeExpenses": 0,
    "sellingAndMarketingExpenses": 0,
    "sellingGeneralAndAdministrativeExpenses": 100693000,
    "otherExpenses": 0,
    "operatingExpenses": 121343000,
    "costAndExpenses": 206928000,
    "interestIncome": 245000,
    "interestExpense": 2902000,
    "depreciationAndAmortization": 25102000,
    "ebitda": 92987000,
    "ebitdaratio": 0.3453222716,
    "operatingIncome": 62348000,
    "operatingIncomeRatio": 0.2315393871,
    "totalOtherIncomeExpensesNet": 23831000,
    "incomeBeforeTax": 86179000,
    "incomeBeforeTaxRatio": 0.3200396619,
    "incomeTaxExpense": 14120000,
    "netIncome": 80173000,
    "netIncomeRatio": 0.297735409,
    "eps": 0.51,
    "epsdiluted": 0.49,
    "weightedAverageShsOut": 157240000,
    "weightedAverageShsOutDil": 164828000,
    "link": "https://www.sec.gov/Archives/edgar/data/842023/000143774922002626/0001437749-22-002626-index.htm",
    "finalLink": "https://www.sec.gov/Archives/edgar/data/842023/000143774922002626/tech20211231_10q.htm"
  },
  {
    "date": "2021-09-30",
    "symbol": "TECH",
    "reportedCurrency": "USD",
    "cik": "0000842023",
    "fillingDate": "2021-11-08",
    "acceptedDate": "2021-11-08 16:32:05",
    "calendarYear": "2022",
    "period": "Q1",
    "revenue": 257719000,
    "costOfRevenue": 86722000,
    "grossProfit": 170997000,
    "grossProfitRatio": 0.6635017209,
    "researchAndDevelopmentExpenses": 21600000,
    "generalAndAdministrativeExpenses": 0,
    "sellingAndMarketingExpenses": 0,
    "sellingGeneralAndAdministrativeExpenses": 86175000,
    "otherExpenses": 0,
    "operatingExpenses": 107775000,
    "costAndExpenses": 194497000,
    "interestIncome": 193000,
    "interestExpense": 3409000,
    "depreciationAndAmortization": 24734000,
    "ebitda": 87175000,
    "ebitdaratio": 0.3382560075,
    "operatingIncome": 63222000,
    "operatingIncomeRatio": 0.2453136944,
    "totalOtherIncomeExpensesNet": 4161000,
    "incomeBeforeTax": 67383000,
    "incomeBeforeTaxRatio": 0.2614591862,
    "incomeTaxExpense": -1598000,
    "netIncome": 69615000,
    "netIncomeRatio": 0.2701197816,
    "eps": 0.45,
    "epsdiluted": 0.42,
    "weightedAverageShsOut": 156376000,
    "weightedAverageShsOutDil": 164632000,
    "link": "https://www.sec.gov/Archives/edgar/data/842023/000143774921025721/0001437749-21-025721-index.htm",
    "finalLink": "https://www.sec.gov/Archives/edgar/data/842023/000143774921025721/tech20210930_10q.htm"
  },
  {
    "date": "2021-06-30",
    "symbol": "TECH",
    "reportedCurrency": "USD",
    "cik": "0000842023",
    "fillingDate": "2021-08-25",
    "acceptedDate": "2021-08-25 16:46:35",
    "calendarYear": "2021",
    "period": "Q4",
    "revenue": 259028000,
    "costOfRevenue": 83083000,
    "grossProfit": 175945000,
    "grossProfitRatio": 0.6792508918,
    "researchAndDevelopmentExpenses": 20722000,
    "generalAndAdministrativeExpenses": 0,
    "sellingAndMarketingExpenses": 0,
    "sellingGeneralAndAdministrativeExpenses": 86641000,
    "otherExpenses": 0,
    "operatingExpenses": 107363000,
    "costAndExpenses": 190446000,
    "interestIncome": 167000,
    "interestExpense": 3291000,
    "depreciationAndAmortization": 24672000,
    "ebitda": 38948000,
    "ebitdaratio": 0.150362123,
    "operatingIncome": 68582000,
    "operatingIncomeRatio": 0.2647667434,
    "totalOtherIncomeExpensesNet": -61469000,
    "incomeBeforeTax": 7113000,
    "incomeBeforeTaxRatio": 0.0274603518,
    "incomeTaxExpense": -7531000,
    "netIncome": 14960000,
    "netIncomeRatio": 0.057754374,
    "eps": 0.0961,
    "epsdiluted": 0.0913,
    "weightedAverageShsOut": 155628000,
    "weightedAverageShsOutDil": 163800000,
    "link": "https://www.sec.gov/Archives/edgar/data/842023/000143774921020980/0001437749-21-020980-index.htm",
    "finalLink": "https://www.sec.gov/Archives/edgar/data/842023/000143774921020980/tech20200630b_10k.htm"
  },
  {
    "date": "2021-03-31",
    "symbol": "TECH",
    "reportedCurrency": "USD",
    "cik": "0000842023",
    "fillingDate": "2021-05-07",
    "acceptedDate": "2021-05-07 16:32:03",
    "calendarYear": "2021",
    "period": "Q3",
    "revenue": 243552000,
    "costOfRevenue": 75278000,
    "grossProfit": 168274000,
    "grossProfitRatio": 0.6909161083,
    "researchAndDevelopmentExpenses": 17052000,
    "generalAndAdministrativeExpenses": 0,
    "sellingAndMarketingExpenses": 0,
    "sellingGeneralAndAdministrativeExpenses": 82596000,
    "otherExpenses": 0,
    "operatingExpenses": 99648000,
    "costAndExpenses": 174926000,
    "interestIncome": 114000,
    "interestExpense": 2660000,
    "depreciationAndAmortization": 21103000,
    "ebitda": 91528000,
    "ebitdaratio": 0.3758047563,
    "operatingIncome": 68626000,
    "operatingIncomeRatio": 0.2817714492,
    "totalOtherIncomeExpensesNet": -23272000,
    "incomeBeforeTax": 45354000,
    "incomeBeforeTaxRatio": 0.1862189594,
    "incomeTaxExpense": -48000,
    "netIncome": 45782000,
    "netIncomeRatio": 0.1879762843,
    "eps": 0.29,
    "epsdiluted": 0.28,
    "weightedAverageShsOut": 155424000,
    "weightedAverageShsOutDil": 162704000,
    "link": "https://www.sec.gov/Archives/edgar/data/842023/000143774921011348/0001437749-21-011348-index.htm",
    "finalLink": "https://www.sec.gov/Archives/edgar/data/842023/000143774921011348/tech20210331_10q.htm"
  },
  {
    "date": "2020-12-31",
    "symbol": "TECH",
    "reportedCurrency": "USD",
    "cik": "0000842023",
    "fillingDate": "2021-02-08",
    "acceptedDate": "2021-02-08 06:31:19",
    "calendarYear": "2021",
    "period": "Q2",
    "revenue": 224253000,
    "costOfRevenue": 73353000,
    "grossProfit": 150900000,
    "grossProfitRatio": 0.672900697,
    "researchAndDevelopmentExpenses": 16789000,
    "generalAndAdministrativeExpenses": 0,
    "sellingAndMarketingExpenses": 0,
    "sellingGeneralAndAdministrativeExpenses": 83116000,
    "otherExpenses": 0,
    "operatingExpenses": 99905000,
    "costAndExpenses": 173258000,
    "interestIncome": 78000,
    "interestExpense": 3585000,
    "depreciationAndAmortization": 20884000,
    "ebitda": 76323000,
    "ebitdaratio": 0.340343273,
    "operatingIncome": 50995000,
    "operatingIncomeRatio": 0.2273994105,
    "totalOtherIncomeExpensesNet": 5373000,
    "incomeBeforeTax": 56368000,
    "incomeBeforeTaxRatio": 0.2513589562,
    "incomeTaxExpense": 10224000,
    "netIncome": 46274000,
    "netIncomeRatio": 0.2063472952,
    "eps": 0.3,
    "epsdiluted": 0.29,
    "weightedAverageShsOut": 154764000,
    "weightedAverageShsOutDil": 161028000,
    "link": "https://www.sec.gov/Archives/edgar/data/842023/000143774921002157/0001437749-21-002157-index.htm",
    "finalLink": "https://www.sec.gov/Archives/edgar/data/842023/000143774921002157/tech20201231_10q.htm"
  },
  {
    "date": "2020-09-30",
    "symbol": "TECH",
    "reportedCurrency": "USD",
    "cik": "0000842023",
    "fillingDate": "2020-11-09",
    "acceptedDate": "2020-11-09 06:31:39",
    "calendarYear": "2021",
    "period": "Q1",
    "revenue": 204199000,
    "costOfRevenue": 66468000,
    "grossProfit": 137731000,
    "grossProfitRatio": 0.6744939985,
    "researchAndDevelopmentExpenses": 16041000,
    "generalAndAdministrativeExpenses": 0,
    "sellingAndMarketingExpenses": 0,
    "sellingGeneralAndAdministrativeExpenses": 72598000,
    "otherExpenses": 0,
    "operatingExpenses": 88639000,
    "costAndExpenses": 155107000,
    "interestIncome": 114000,
    "interestExpense": 4416000,
    "depreciationAndAmortization": 21088000,
    "ebitda": 70316000,
    "ebitdaratio": 0.3443503641,
    "operatingIncome": 49092000,
    "operatingIncomeRatio": 0.2404125387,
    "totalOtherIncomeExpensesNet": -9753000,
    "incomeBeforeTax": 39339000,
    "incomeBeforeTaxRatio": 0.1926503068,
    "incomeTaxExpense": 5944000,
    "netIncome": 33395000,
    "netIncomeRatio": 0.1635414473,
    "eps": 0.22,
    "epsdiluted": 0.21,
    "weightedAverageShsOut": 154144000,
    "weightedAverageShsOutDil": 160100000,
    "link": "https://www.sec.gov/Archives/edgar/data/842023/000143774920023069/0001437749-20-023069-index.htm",
    "finalLink": "https://www.sec.gov/Archives/edgar/data/842023/000143774920023069/tech20200930_10q.htm"
  },
  {
    "date": "2020-06-30",
    "symbol": "TECH",
    "reportedCurrency": "USD",
    "cik": "0000842023",
    "fillingDate": "2020-08-26",
    "acceptedDate": "2020-08-26 16:36:54",
    "calendarYear": "2020",
    "period": "Q4",
    "revenue": 175834000,
    "costOfRevenue": 62520000,
    "grossProfit": 113314000,
    "grossProfitRatio": 0.6444373671,
    "researchAndDevelopmentExpenses": 16779000,
    "generalAndAdministrativeExpenses": 37524000,
    "sellingAndMarketingExpenses": 19700000,
    "sellingGeneralAndAdministrativeExpenses": 57224000,
    "otherExpenses": 0,
    "operatingExpenses": 74003000,
    "costAndExpenses": 136523000,
    "interestIncome": 119000,
    "interestExpense": 4617000,
    "depreciationAndAmortization": 20991000,
    "ebitda": 84734000,
    "ebitdaratio": 0.481897699,
    "operatingIncome": 39311000,
    "operatingIncomeRatio": 0.2235688206,
    "totalOtherIncomeExpensesNet": 22215000,
    "incomeBeforeTax": 61527000,
    "incomeBeforeTaxRatio": 0.349915261,
    "incomeTaxExpense": 2680000,
    "netIncome": 58847000,
    "netIncomeRatio": 0.3346736126,
    "eps": 0.38,
    "epsdiluted": 0.37,
    "weightedAverageShsOut": 153216000,
    "weightedAverageShsOutDil": 158800000,
    "link": "https://www.sec.gov/Archives/edgar/data/842023/000143774920018754/0001437749-20-018754-index.htm",
    "finalLink": "https://www.sec.gov/Archives/edgar/data/842023/000143774920018754/tech20200630_10k.htm"
  },
  {
    "date": "2020-03-31",
    "symbol": "TECH",
    "reportedCurrency": "USD",
    "cik": "0000842023",
    "fillingDate": "2020-05-11",
    "acceptedDate": "2020-05-11 06:35:01",
    "calendarYear": "2020",
    "period": "Q3",
    "revenue": 194680000,
    "costOfRevenue": 64617000,
    "grossProfit": 130063000,
    "grossProfitRatio": 0.66808609,
    "researchAndDevelopmentExpenses": 15954000,
    "generalAndAdministrativeExpenses": 66318000,
    "sellingAndMarketingExpenses": 0,
    "sellingGeneralAndAdministrativeExpenses": 66318000,
    "otherExpenses": 0,
    "operatingExpenses": 82272000,
    "costAndExpenses": 146889000,
    "interestIncome": 144000,
    "interestExpense": 4486000,
    "depreciationAndAmortization": 21108000,
    "ebitda": 68577000,
    "ebitdaratio": 0.3522549825,
    "operatingIncome": 47791000,
    "operatingIncomeRatio": 0.2454848983,
    "totalOtherIncomeExpensesNet": -970000,
    "incomeBeforeTax": 46821000,
    "incomeBeforeTaxRatio": 0.2405023629,
    "incomeTaxExpense": 10389000,
    "netIncome": 36432000,
    "netIncomeRatio": 0.1871378673,
    "eps": 0.24,
    "epsdiluted": 0.23,
    "weightedAverageShsOut": 153212000,
    "weightedAverageShsOutDil": 157740000,
    "link": "https://www.sec.gov/Archives/edgar/data/842023/000143774920010135/0001437749-20-010135-index.htm",
    "finalLink": "https://www.sec.gov/Archives/edgar/data/842023/000143774920010135/tech20200331_10q.htm"
  },
  {
    "date": "2019-12-31",
    "symbol": "TECH",
    "reportedCurrency": "USD",
    "cik": "0000842023",
    "fillingDate": "2020-02-06",
    "acceptedDate": "2020-02-06 16:31:40",
    "calendarYear": "2020",
    "period": "Q2",
    "revenue": 184934000,
    "costOfRevenue": 63531000,
    "grossProfit": 121403000,
    "grossProfitRatio": 0.6564666313,
    "researchAndDevelopmentExpenses": 16381000,
    "generalAndAdministrativeExpenses": 68030000,
    "sellingAndMarketingExpenses": 0,
    "sellingGeneralAndAdministrativeExpenses": 68030000,
    "otherExpenses": 0,
    "operatingExpenses": 84411000,
    "costAndExpenses": 147942000,
    "interestIncome": 231000,
    "interestExpense": 4872000,
    "depreciationAndAmortization": 20553000,
    "ebitda": 56664000,
    "ebitdaratio": 0.3064012026,
    "operatingIncome": 36992000,
    "operatingIncomeRatio": 0.2000281181,
    "totalOtherIncomeExpensesNet": 113334000,
    "incomeBeforeTax": 150326000,
    "incomeBeforeTaxRatio": 0.8128629673,
    "incomeTaxExpense": 30704000,
    "netIncome": 119622000,
    "netIncomeRatio": 0.6468361686,
    "eps": 0.78,
    "epsdiluted": 0.76,
    "weightedAverageShsOut": 152668000,
    "weightedAverageShsOutDil": 158200000,
    "link": "https://www.sec.gov/Archives/edgar/data/842023/000143774920001901/0001437749-20-001901-index.htm",
    "finalLink": "https://www.sec.gov/Archives/edgar/data/842023/000143774920001901/tech20191231_10q.htm"
  },
  {
    "date": "2019-09-30",
    "symbol": "TECH",
    "reportedCurrency": "USD",
    "cik": "0000842023",
    "fillingDate": "2019-11-06",
    "acceptedDate": "2019-11-06 16:41:35",
    "calendarYear": "2020",
    "period": "Q1",
    "revenue": 183243000,
    "costOfRevenue": 64829000,
    "grossProfit": 118414000,
    "grossProfitRatio": 0.6462129522,
    "researchAndDevelopmentExpenses": 16077000,
    "generalAndAdministrativeExpenses": 69010000,
    "sellingAndMarketingExpenses": 0,
    "sellingGeneralAndAdministrativeExpenses": 69010000,
    "otherExpenses": 0,
    "operatingExpenses": 85087000,
    "costAndExpenses": 149916000,
    "interestIncome": 111000,
    "interestExpense": 5222000,
    "depreciationAndAmortization": 20085000,
    "ebitda": 54112000,
    "ebitdaratio": 0.2953018669,
    "operatingIncome": 33327000,
    "operatingIncomeRatio": 0.1818732503,
    "totalOtherIncomeExpensesNet": -15521000,
    "incomeBeforeTax": 17806000,
    "incomeBeforeTaxRatio": 0.0971715154,
    "incomeTaxExpense": 3408000,
    "netIncome": 14398000,
    "netIncomeRatio": 0.0785732606,
    "eps": 0.0946,
    "epsdiluted": 0.0917,
    "weightedAverageShsOut": 152128000,
    "weightedAverageShsOutDil": 157012000,
    "link": "https://www.sec.gov/Archives/edgar/data/842023/000143774919021764/0001437749-19-021764-index.htm",
    "finalLink": "https://www.sec.gov/Archives/edgar/data/842023/000143774919021764/tech20190930_10q.htm"
  },
  {
    "date": "2019-06-30",
    "symbol": "TECH",
    "reportedCurrency": "USD",
    "cik": "0000842023",
    "fillingDate": "2019-08-28",
    "acceptedDate": "2019-08-28 16:16:47",
    "calendarYear": "2019",
    "period": "Q4",
    "revenue": 191664000,
    "costOfRevenue": 63405000,
    "grossProfit": 128259000,
    "grossProfitRatio": 0.6691867017,
    "researchAndDevelopmentExpenses": 16259000,
    "generalAndAdministrativeExpenses": 41245000,
    "sellingAndMarketingExpenses": 27492000,
    "sellingGeneralAndAdministrativeExpenses": 68737000,
    "otherExpenses": 0,
    "operatingExpenses": 84996000,
    "costAndExpenses": 148401000,
    "interestIncome": 270000,
    "interestExpense": 5595000,
    "depreciationAndAmortization": 19919000,
    "ebitda": 48299000,
    "ebitdaratio": 0.2519982887,
    "operatingIncome": 43263000,
    "operatingIncomeRatio": 0.2257231405,
    "totalOtherIncomeExpensesNet": -20479000,
    "incomeBeforeTax": 22785000,
    "incomeBeforeTaxRatio": 0.1188799149,
    "incomeTaxExpense": 6326000,
    "netIncome": 16459000,
    "netIncomeRatio": 0.0858742383,
    "eps": 0.11,
    "epsdiluted": 0.11,
    "weightedAverageShsOut": 151524000,
    "weightedAverageShsOutDil": 156540000,
    "link": "https://www.sec.gov/Archives/edgar/data/842023/000143774919017565/0001437749-19-017565-index.htm",
    "finalLink": "https://www.sec.gov/Archives/edgar/data/842023/000143774919017565/tech20190630_10k.htm"
  },
  {
    "date": "2019-03-31",
    "symbol": "TECH",
    "reportedCurrency": "USD",
    "cik": "0000842023",
    "fillingDate": "2019-05-07",
    "acceptedDate": "2019-05-07 06:32:00",
    "calendarYear": "2019",
    "period": "Q3",
    "revenue": 184861000,
    "costOfRevenue": 60251000,
    "grossProfit": 124610000,
    "grossProfitRatio": 0.674074034,
    "researchAndDevelopmentExpenses": 15552000,
    "generalAndAdministrativeExpenses": 64968000,
    "sellingAndMarketingExpenses": 0,
    "sellingGeneralAndAdministrativeExpenses": 64968000,
    "otherExpenses": 0,
    "operatingExpenses": 80520000,
    "costAndExpenses": 140771000,
    "interestIncome": 84000,
    "interestExpense": 5113000,
    "depreciationAndAmortization": 19322000,
    "ebitda": 74312000,
    "ebitdaratio": 0.4019885211,
    "operatingIncome": 44090000,
    "operatingIncomeRatio": 0.2385035243,
    "totalOtherIncomeExpensesNet": 5787000,
    "incomeBeforeTax": 49877000,
    "incomeBeforeTaxRatio": 0.2698081261,
    "incomeTaxExpense": 5223000,
    "netIncome": 44654000,
    "netIncomeRatio": 0.2415544652,
    "eps": 0.3,
    "epsdiluted": 0.29,
    "weightedAverageShsOut": 151088000,
    "weightedAverageShsOutDil": 155444000,
    "link": "https://www.sec.gov/Archives/edgar/data/842023/000143774919008875/0001437749-19-008875-index.htm",
    "finalLink": "https://www.sec.gov/Archives/edgar/data/842023/000143774919008875/tech20190331_10q.htm"
  },
  {
    "date": "2018-12-31",
    "symbol": "TECH",
    "reportedCurrency": "USD",
    "cik": "0000842023",
    "fillingDate": "2019-02-07",
    "acceptedDate": "2019-02-07 16:32:54",
    "calendarYear": "2019",
    "period": "Q2",
    "revenue": 174510000,
    "costOfRevenue": 61492000,
    "grossProfit": 113018000,
    "grossProfitRatio": 0.6476305083,
    "researchAndDevelopmentExpenses": 15812000,
    "generalAndAdministrativeExpenses": 63603000,
    "sellingAndMarketingExpenses": 0,
    "sellingGeneralAndAdministrativeExpenses": 63603000,
    "otherExpenses": 0,
    "operatingExpenses": 79415000,
    "costAndExpenses": 140907000,
    "interestIncome": 114000,
    "interestExpense": 5759000,
    "depreciationAndAmortization": 19878000,
    "ebitda": 53481000,
    "ebitdaratio": 0.306463813,
    "operatingIncome": 33603000,
    "operatingIncomeRatio": 0.1925563005,
    "totalOtherIncomeExpensesNet": -11836000,
    "incomeBeforeTax": 21767000,
    "incomeBeforeTaxRatio": 0.124732107,
    "incomeTaxExpense": 4211000,
    "netIncome": 17556000,
    "netIncomeRatio": 0.1006016847,
    "eps": 0.12,
    "epsdiluted": 0.11,
    "weightedAverageShsOut": 151064000,
    "weightedAverageShsOutDil": 154992000,
    "link": "https://www.sec.gov/Archives/edgar/data/842023/000143774919002066/0001437749-19-002066-index.htm",
    "finalLink": "https://www.sec.gov/Archives/edgar/data/842023/000143774919002066/tech20181231_10q.htm"
  },
  {
    "date": "2018-09-30",
    "symbol": "TECH",
    "reportedCurrency": "USD",
    "cik": "0000842023",
    "fillingDate": "2018-11-07",
    "acceptedDate": "2018-11-07 08:03:18",
    "calendarYear": "2019",
    "period": "Q1",
    "revenue": 162970000,
    "costOfRevenue": 55367000,
    "grossProfit": 107603000,
    "grossProfitRatio": 0.660262625,
    "researchAndDevelopmentExpenses": 14789000,
    "generalAndAdministrativeExpenses": 67051000,
    "sellingAndMarketingExpenses": 0,
    "sellingGeneralAndAdministrativeExpenses": 67051000,
    "otherExpenses": 0,
    "operatingExpenses": 81840000,
    "costAndExpenses": 137207000,
    "interestIncome": 102000,
    "interestExpense": 5239000,
    "depreciationAndAmortization": 19052000,
    "ebitda": 48181000,
    "ebitdaratio": 0.2956433699,
    "operatingIncome": 25763000,
    "operatingIncomeRatio": 0.15808431,
    "totalOtherIncomeExpensesNet": -8177000,
    "incomeBeforeTax": 17586000,
    "incomeBeforeTaxRatio": 0.1079094312,
    "incomeTaxExpense": 183000,
    "netIncome": 17403000,
    "netIncomeRatio": 0.1067865251,
    "eps": 0.12,
    "epsdiluted": 0.11,
    "weightedAverageShsOut": 150788000,
    "weightedAverageShsOutDil": 155252000,
    "link": "https://www.sec.gov/Archives/edgar/data/842023/000143774918019736/0001437749-18-019736-index.htm",
    "finalLink": "https://www.sec.gov/Archives/edgar/data/842023/000143774918019736/tech20180930_10q.htm"
  },
  {
    "date": "2018-06-30",
    "symbol": "TECH",
    "reportedCurrency": "USD",
    "cik": "0000842023",
    "fillingDate": "2018-08-27",
    "acceptedDate": "2018-08-27 16:47:54",
    "calendarYear": "2018",
    "period": "Q4",
    "revenue": 180254000,
    "costOfRevenue": 58074000,
    "grossProfit": 122180000,
    "grossProfitRatio": 0.6778212966,
    "researchAndDevelopmentExpenses": 13979000,
    "generalAndAdministrativeExpenses": 65287000,
    "sellingAndMarketingExpenses": 0,
    "sellingGeneralAndAdministrativeExpenses": 65287000,
    "otherExpenses": 0,
    "operatingExpenses": 79266000,
    "costAndExpenses": 137340000,
    "interestIncome": 102000,
    "interestExpense": 3053000,
    "depreciationAndAmortization": 17152000,
    "ebitda": 76476000,
    "ebitdaratio": 0.4242679774,
    "operatingIncome": 42914000,
    "operatingIncomeRatio": 0.2380751606,
    "totalOtherIncomeExpensesNet": 13356000,
    "incomeBeforeTax": 56271000,
    "incomeBeforeTaxRatio": 0.3121761514,
    "incomeTaxExpense": 15370000,
    "netIncome": 40901000,
    "netIncomeRatio": 0.226907586,
    "eps": 0.27,
    "epsdiluted": 0.27,
    "weightedAverageShsOut": 150340000,
    "weightedAverageShsOutDil": 153388000,
    "link": "https://www.sec.gov/Archives/edgar/data/842023/000143774918016190/0001437749-18-016190-index.htm",
    "finalLink": "https://www.sec.gov/Archives/edgar/data/842023/000143774918016190/tech20180630_10k.htm"
  },
  {
    "date": "2018-03-31",
    "symbol": "TECH",
    "reportedCurrency": "USD",
    "cik": "0000842023",
    "fillingDate": "2018-05-09",
    "acceptedDate": "2018-05-09 16:31:36",
    "calendarYear": "2018",
    "period": "Q3",
    "revenue": 163973000,
    "costOfRevenue": 53712000,
    "grossProfit": 110261000,
    "grossProfitRatio": 0.6724338763,
    "researchAndDevelopmentExpenses": 13892000,
    "generalAndAdministrativeExpenses": 53285000,
    "sellingAndMarketingExpenses": 0,
    "sellingGeneralAndAdministrativeExpenses": 53285000,
    "otherExpenses": 0,
    "operatingExpenses": 67177000,
    "costAndExpenses": 120889000,
    "interestIncome": 162000,
    "interestExpense": 2560000,
    "depreciationAndAmortization": 16273000,
    "ebitda": 62100000,
    "ebitdaratio": 0.378720887,
    "operatingIncome": 43084000,
    "operatingIncomeRatio": 0.2627505748,
    "totalOtherIncomeExpensesNet": -18102000,
    "incomeBeforeTax": 24982000,
    "incomeBeforeTaxRatio": 0.152354351,
    "incomeTaxExpense": 5244000,
    "netIncome": 19738000,
    "netIncomeRatio": 0.1203734761,
    "eps": 0.13,
    "epsdiluted": 0.13,
    "weightedAverageShsOut": 150012000,
    "weightedAverageShsOutDil": 152568000,
    "link": "https://www.sec.gov/Archives/edgar/data/842023/000143774918009213/0001437749-18-009213-index.htm",
    "finalLink": "https://www.sec.gov/Archives/edgar/data/842023/000143774918009213/tech20180331_10q.htm"
  },
  {
    "date": "2017-12-31",
    "symbol": "TECH",
    "reportedCurrency": "USD",
    "cik": "0000842023",
    "fillingDate": "2018-02-08",
    "acceptedDate": "2018-02-08 08:01:17",
    "calendarYear": "2018",
    "period": "Q2",
    "revenue": 154153000,
    "costOfRevenue": 52319000,
    "grossProfit": 101834000,
    "grossProfitRatio": 0.6606034265,
    "researchAndDevelopmentExpenses": 13911000,
    "generalAndAdministrativeExpenses": 63775000,
    "sellingAndMarketingExpenses": 0,
    "sellingGeneralAndAdministrativeExpenses": 63775000,
    "otherExpenses": 0,
    "operatingExpenses": 77686000,
    "costAndExpenses": 130005000,
    "interestIncome": 68000,
    "interestExpense": 2331000,
    "depreciationAndAmortization": 15615000,
    "ebitda": 53177000,
    "ebitdaratio": 0.3449624723,
    "operatingIncome": 24148000,
    "operatingIncomeRatio": 0.1566495624,
    "totalOtherIncomeExpensesNet": -2417000,
    "incomeBeforeTax": 21731000,
    "incomeBeforeTaxRatio": 0.1409703347,
    "incomeTaxExpense": -27116000,
    "netIncome": 48847000,
    "netIncomeRatio": 0.3168734958,
    "eps": 0.33,
    "epsdiluted": 0.32,
    "weightedAverageShsOut": 149796000,
    "weightedAverageShsOutDil": 151704000,
    "link": "https://www.sec.gov/Archives/edgar/data/842023/000143774918001995/0001437749-18-001995-index.htm",
    "finalLink": "https://www.sec.gov/Archives/edgar/data/842023/000143774918001995/tech20171231_10q.htm"
  },
  {
    "date": "2017-09-30",
    "symbol": "TECH",
    "reportedCurrency": "USD",
    "cik": "0000842023",
    "fillingDate": "2017-11-09",
    "acceptedDate": "2017-11-09 16:17:07",
    "calendarYear": "2018",
    "period": "Q1",
    "revenue": 144613000,
    "costOfRevenue": 46745000,
    "grossProfit": 97868000,
    "grossProfitRatio": 0.6767579678,
    "researchAndDevelopmentExpenses": 13548000,
    "generalAndAdministrativeExpenses": 58289000,
    "sellingAndMarketingExpenses": 0,
    "sellingGeneralAndAdministrativeExpenses": 58289000,
    "otherExpenses": 0,
    "operatingExpenses": 71837000,
    "costAndExpenses": 118582000,
    "interestIncome": 76000,
    "interestExpense": 2243000,
    "depreciationAndAmortization": 15423000,
    "ebitda": 51305000,
    "ebitdaratio": 0.354774467,
    "operatingIncome": 26031000,
    "operatingIncomeRatio": 0.1800045639,
    "totalOtherIncomeExpensesNet": -3064000,
    "incomeBeforeTax": 22967000,
    "incomeBeforeTaxRatio": 0.1588169805,
    "incomeTaxExpense": 7104000,
    "netIncome": 15863000,
    "netIncomeRatio": 0.1096927662,
    "eps": 0.11,
    "epsdiluted": 0.11,
    "weightedAverageShsOut": 149504000,
    "weightedAverageShsOutDil": 150820000,
    "link": "https://www.sec.gov/Archives/edgar/data/842023/000143774917018898/0001437749-17-018898-index.htm",
    "finalLink": "https://www.sec.gov/Archives/edgar/data/842023/000143774917018898/tech20170930_10q.htm"
  },
  {
    "date": "2017-06-30",
    "symbol": "TECH",
    "reportedCurrency": "USD",
    "cik": "0000842023",
    "fillingDate": "2017-09-07",
    "acceptedDate": "2017-09-07 17:06:02",
    "calendarYear": "2017",
    "period": "Q4",
    "revenue": 156578000,
    "costOfRevenue": 54207000,
    "grossProfit": 102371000,
    "grossProfitRatio": 0.653801939,
    "researchAndDevelopmentExpenses": 13697000,
    "generalAndAdministrativeExpenses": 3301000,
    "sellingAndMarketingExpenses": 43898000,
    "sellingGeneralAndAdministrativeExpenses": 47199000,
    "otherExpenses": 0,
    "operatingExpenses": 60896000,
    "costAndExpenses": 115103000,
    "interestIncome": 93000,
    "interestExpense": 2160000,
    "depreciationAndAmortization": 14748000,
    "ebitda": 56024000,
    "ebitdaratio": 0.357802501,
    "operatingIncome": 41475000,
    "operatingIncomeRatio": 0.2648839556,
    "totalOtherIncomeExpensesNet": -3627000,
    "incomeBeforeTax": 39048000,
    "incomeBeforeTaxRatio": 0.2493836938,
    "incomeTaxExpense": 10238000,
    "netIncome": 28810000,
    "netIncomeRatio": 0.1839977519,
    "eps": 0.19,
    "epsdiluted": 0.19,
    "weightedAverageShsOut": 149376000,
    "weightedAverageShsOutDil": 150184000,
    "link": "https://www.sec.gov/Archives/edgar/data/842023/000143774917015711/0001437749-17-015711-index.htm",
    "finalLink": "https://www.sec.gov/Archives/edgar/data/842023/000143774917015711/tech20170630_10k.htm"
  },
  {
    "date": "2017-03-31",
    "symbol": "TECH",
    "reportedCurrency": "USD",
    "cik": "0000842023",
    "fillingDate": "2017-05-10",
    "acceptedDate": "2017-05-10 16:41:42",
    "calendarYear": "2017",
    "period": "Q3",
    "revenue": 144037000,
    "costOfRevenue": 49854000,
    "grossProfit": 94183000,
    "grossProfitRatio": 0.6538806001,
    "researchAndDevelopmentExpenses": 13771000,
    "generalAndAdministrativeExpenses": 48107000,
    "sellingAndMarketingExpenses": 0,
    "sellingGeneralAndAdministrativeExpenses": 48107000,
    "otherExpenses": 0,
    "operatingExpenses": 61878000,
    "costAndExpenses": 111732000,
    "interestIncome": 73000,
    "interestExpense": 2108000,
    "depreciationAndAmortization": 16038000,
    "ebitda": 54170000,
    "ebitdaratio": 0.3760839229,
    "operatingIncome": 32305000,
    "operatingIncomeRatio": 0.2242826496,
    "totalOtherIncomeExpensesNet": -3472000,
    "incomeBeforeTax": 30030000,
    "incomeBeforeTaxRatio": 0.2084880968,
    "incomeTaxExpense": 8641000,
    "netIncome": 21389000,
    "netIncomeRatio": 0.1484965669,
    "eps": 0.14,
    "epsdiluted": 0.14,
    "weightedAverageShsOut": 149280000,
    "weightedAverageShsOutDil": 149976000,
    "link": "https://www.sec.gov/Archives/edgar/data/842023/000143774917008654/0001437749-17-008654-index.htm",
    "finalLink": "https://www.sec.gov/Archives/edgar/data/842023/000143774917008654/tech20170331_10q.htm"
  },
  {
    "date": "2016-12-31",
    "symbol": "TECH",
    "reportedCurrency": "USD",
    "cik": "0000842023",
    "fillingDate": "2017-02-09",
    "acceptedDate": "2017-02-09 14:01:19",
    "calendarYear": "2017",
    "period": "Q2",
    "revenue": 131807000,
    "costOfRevenue": 46725000,
    "grossProfit": 85082000,
    "grossProfitRatio": 0.6455044118,
    "researchAndDevelopmentExpenses": 13281000,
    "generalAndAdministrativeExpenses": 55655000,
    "sellingAndMarketingExpenses": 0,
    "sellingGeneralAndAdministrativeExpenses": 55655000,
    "otherExpenses": 0,
    "operatingExpenses": 68936000,
    "costAndExpenses": 115661000,
    "interestIncome": 89000,
    "interestExpense": 1921000,
    "depreciationAndAmortization": 15606000,
    "ebitda": 46332000,
    "ebitdaratio": 0.351513956,
    "operatingIncome": 16146000,
    "operatingIncomeRatio": 0.1224972877,
    "totalOtherIncomeExpensesNet": -4342000,
    "incomeBeforeTax": 13539000,
    "incomeBeforeTaxRatio": 0.1027183685,
    "incomeTaxExpense": 7226000,
    "netIncome": 6313000,
    "netIncomeRatio": 0.047895787,
    "eps": 0.0423,
    "epsdiluted": 0.0421,
    "weightedAverageShsOut": 149232000,
    "weightedAverageShsOutDil": 149912000,
    "link": "https://www.sec.gov/Archives/edgar/data/842023/000143774917002015/0001437749-17-002015-index.htm",
    "finalLink": "https://www.sec.gov/Archives/edgar/data/842023/000143774917002015/tech20161231_10q.htm"
  },
  {
    "date": "2016-09-30",
    "symbol": "TECH",
    "reportedCurrency": "USD",
    "cik": "0000842023",
    "fillingDate": "2016-11-09",
    "acceptedDate": "2016-11-09 15:31:00",
    "calendarYear": "2017",
    "period": "Q1",
    "revenue": 130581000,
    "costOfRevenue": 46111000,
    "grossProfit": 84470000,
    "grossProfitRatio": 0.6468781829,
    "researchAndDevelopmentExpenses": 12765000,
    "generalAndAdministrativeExpenses": 46263000,
    "sellingAndMarketingExpenses": 0,
    "sellingGeneralAndAdministrativeExpenses": 46263000,
    "otherExpenses": 0,
    "operatingExpenses": 59028000,
    "costAndExpenses": 105139000,
    "interestIncome": 49000,
    "interestExpense": 1400000,
    "depreciationAndAmortization": 13644000,
    "ebitda": 49631000,
    "ebitdaratio": 0.3800782656,
    "operatingIncome": 25442000,
    "operatingIncomeRatio": 0.1948369211,
    "totalOtherIncomeExpensesNet": -1314000,
    "incomeBeforeTax": 24128000,
    "incomeBeforeTaxRatio": 0.1847742015,
    "incomeTaxExpense": 7845000,
    "netIncome": 16283000,
    "netIncomeRatio": 0.1246965485,
    "eps": 0.11,
    "epsdiluted": 0.11,
    "weightedAverageShsOut": 149124000,
    "weightedAverageShsOutDil": 149892000,
    "link": "https://www.sec.gov/Archives/edgar/data/842023/000143774916041541/0001437749-16-041541-index.htm",
    "finalLink": "https://www.sec.gov/Archives/edgar/data/842023/000143774916041541/tech20160930_10q.htm"
  },
  {
    "date": "2016-06-30",
    "symbol": "TECH",
    "reportedCurrency": "USD",
    "cik": "0000842023",
    "fillingDate": "2016-08-29",
    "acceptedDate": "2016-08-29 16:49:57",
    "calendarYear": "2016",
    "period": "Q4",
    "revenue": 134762000,
    "costOfRevenue": 45070000,
    "grossProfit": 89692000,
    "grossProfitRatio": 0.6655585402,
    "researchAndDevelopmentExpenses": 11643000,
    "generalAndAdministrativeExpenses": 38037000,
    "sellingAndMarketingExpenses": 0,
    "sellingGeneralAndAdministrativeExpenses": 38037000,
    "otherExpenses": 0,
    "operatingExpenses": 49680000,
    "costAndExpenses": 94750000,
    "interestIncome": 57000,
    "interestExpense": 433000,
    "depreciationAndAmortization": 10661000,
    "ebitda": 48864000,
    "ebitdaratio": 0.3625947968,
    "operatingIncome": 40012000,
    "operatingIncomeRatio": 0.2969086241,
    "totalOtherIncomeExpensesNet": -2242000,
    "incomeBeforeTax": 37770000,
    "incomeBeforeTaxRatio": 0.2802718867,
    "incomeTaxExpense": 12144000,
    "netIncome": 25626000,
    "netIncomeRatio": 0.1901574628,
    "eps": 0.17,
    "epsdiluted": 0.17,
    "weightedAverageShsOut": 148896000,
    "weightedAverageShsOutDil": 149536000,
    "link": "https://www.sec.gov/Archives/edgar/data/842023/000143774916038182/0001437749-16-038182-index.htm",
    "finalLink": "https://www.sec.gov/Archives/edgar/data/842023/000143774916038182/tech20160630_10k.htm"
  },
  {
    "date": "2016-03-31",
    "symbol": "TECH",
    "reportedCurrency": "USD",
    "cik": "0000842023",
    "fillingDate": "2016-05-10",
    "acceptedDate": "2016-05-10 12:09:16",
    "calendarYear": "2016",
    "period": "Q3",
    "revenue": 130973000,
    "costOfRevenue": 40984000,
    "grossProfit": 89989000,
    "grossProfitRatio": 0.6870805433,
    "researchAndDevelopmentExpenses": 11245000,
    "generalAndAdministrativeExpenses": 35217000,
    "sellingAndMarketingExpenses": 0,
    "sellingGeneralAndAdministrativeExpenses": 35217000,
    "otherExpenses": 0,
    "operatingExpenses": 46462000,
    "costAndExpenses": 87446000,
    "interestIncome": 65000,
    "interestExpense": 448000,
    "depreciationAndAmortization": 10828000,
    "ebitda": 56750000,
    "ebitdaratio": 0.433295412,
    "operatingIncome": 43527000,
    "operatingIncomeRatio": 0.3323356722,
    "totalOtherIncomeExpensesNet": -1037000,
    "incomeBeforeTax": 42490000,
    "incomeBeforeTaxRatio": 0.3244180098,
    "incomeTaxExpense": 12199000,
    "netIncome": 30291000,
    "netIncomeRatio": 0.2312766753,
    "eps": 0.2,
    "epsdiluted": 0.2,
    "weightedAverageShsOut": 148784000,
    "weightedAverageShsOutDil": 149196000,
    "link": "https://www.sec.gov/Archives/edgar/data/842023/000143774916031373/0001437749-16-031373-index.htm",
    "finalLink": "https://www.sec.gov/Archives/edgar/data/842023/000143774916031373/tech20160331_10q.htm"
  },
  {
    "date": "2015-12-31",
    "symbol": "TECH",
    "reportedCurrency": "USD",
    "cik": "0000842023",
    "fillingDate": "2016-02-09",
    "acceptedDate": "2016-02-09 13:03:17",
    "calendarYear": "2016",
    "period": "Q2",
    "revenue": 120907000,
    "costOfRevenue": 39320000,
    "grossProfit": 81587000,
    "grossProfitRatio": 0.6747913686,
    "researchAndDevelopmentExpenses": 10977000,
    "generalAndAdministrativeExpenses": 34585000,
    "sellingAndMarketingExpenses": 0,
    "sellingGeneralAndAdministrativeExpenses": 34585000,
    "otherExpenses": 0,
    "operatingExpenses": 45562000,
    "costAndExpenses": 84882000,
    "interestIncome": 51000,
    "interestExpense": 400000,
    "depreciationAndAmortization": 10590000,
    "ebitda": 48530000,
    "ebitdaratio": 0.4013828811,
    "operatingIncome": 36025000,
    "operatingIncomeRatio": 0.2979562804,
    "totalOtherIncomeExpensesNet": -651000,
    "incomeBeforeTax": 35374000,
    "incomeBeforeTaxRatio": 0.2925719768,
    "incomeTaxExpense": 9523000,
    "netIncome": 25851000,
    "netIncomeRatio": 0.2138089606,
    "eps": 0.17,
    "epsdiluted": 0.17,
    "weightedAverageShsOut": 148756000,
    "weightedAverageShsOutDil": 149204000,
    "link": "https://www.sec.gov/Archives/edgar/data/842023/000143774916024987/0001437749-16-024987-index.htm",
    "finalLink": "https://www.sec.gov/Archives/edgar/data/842023/000143774916024987/tech20151231_10q.htm"
  },
  {
    "date": "2015-09-30",
    "symbol": "TECH",
    "reportedCurrency": "USD",
    "cik": "0000842023",
    "fillingDate": "2015-11-09",
    "acceptedDate": "2015-11-09 15:59:23",
    "calendarYear": "2016",
    "period": "Q1",
    "revenue": 112381000,
    "costOfRevenue": 36990000,
    "grossProfit": 75391000,
    "grossProfitRatio": 0.6708518344,
    "researchAndDevelopmentExpenses": 11322000,
    "generalAndAdministrativeExpenses": 33040000,
    "sellingAndMarketingExpenses": 0,
    "sellingGeneralAndAdministrativeExpenses": 33040000,
    "otherExpenses": 0,
    "operatingExpenses": 44362000,
    "costAndExpenses": 81352000,
    "interestIncome": 61000,
    "interestExpense": 451000,
    "depreciationAndAmortization": 10685000,
    "ebitda": 42983000,
    "ebitdaratio": 0.3824756854,
    "operatingIncome": 31028000,
    "operatingIncomeRatio": 0.2760964932,
    "totalOtherIncomeExpensesNet": 819000,
    "incomeBeforeTax": 31847000,
    "incomeBeforeTaxRatio": 0.283384202,
    "incomeTaxExpense": 9139000,
    "netIncome": 22707000,
    "netIncomeRatio": 0.2020537279,
    "eps": 0.15,
    "epsdiluted": 0.15,
    "weightedAverageShsOut": 148676000,
    "weightedAverageShsOutDil": 149260000,
    "link": "https://www.sec.gov/Archives/edgar/data/842023/000143774915020233/0001437749-15-020233-index.htm",
    "finalLink": "https://www.sec.gov/Archives/edgar/data/842023/000143774915020233/tech20150930_10q.htm"
  },
  {
    "date": "2015-06-30",
    "symbol": "TECH",
    "reportedCurrency": "USD",
    "cik": "0000842023",
    "fillingDate": "2015-08-31",
    "acceptedDate": "2015-08-31 16:48:02",
    "calendarYear": "2015",
    "period": "Q4",
    "revenue": 117663000,
    "costOfRevenue": 38575000,
    "grossProfit": 79088000,
    "grossProfitRatio": 0.6721569227,
    "researchAndDevelopmentExpenses": 10813000,
    "generalAndAdministrativeExpenses": 30474000,
    "sellingAndMarketingExpenses": 0,
    "sellingGeneralAndAdministrativeExpenses": 30474000,
    "otherExpenses": 0,
    "operatingExpenses": 41287000,
    "costAndExpenses": 79862000,
    "interestIncome": 127000,
    "interestExpense": 388000,
    "depreciationAndAmortization": 9499000,
    "ebitda": 48129000,
    "ebitdaratio": 0.4090410749,
    "operatingIncome": 37801000,
    "operatingIncomeRatio": 0.3212649686,
    "totalOtherIncomeExpensesNet": 441000,
    "incomeBeforeTax": 38242000,
    "incomeBeforeTaxRatio": 0.3250129607,
    "incomeTaxExpense": 11913000,
    "netIncome": 26329000,
    "netIncomeRatio": 0.2237661797,
    "eps": 0.18,
    "epsdiluted": 0.18,
    "weightedAverageShsOut": 148612000,
    "weightedAverageShsOutDil": 149180000,
    "link": "https://www.sec.gov/Archives/edgar/data/842023/000143774915016645/0001437749-15-016645-index.htm",
    "finalLink": "https://www.sec.gov/Archives/edgar/data/842023/000143774915016645/tech20150630_10k.htm"
  },
  {
    "date": "2015-03-31",
    "symbol": "TECH",
    "reportedCurrency": "USD",
    "cik": "0000842023",
    "fillingDate": "2015-05-11",
    "acceptedDate": "2015-05-11 07:03:27",
    "calendarYear": "2015",
    "period": "Q3",
    "revenue": 114158000,
    "costOfRevenue": 34778000,
    "grossProfit": 79380000,
    "grossProfitRatio": 0.6953520559,
    "researchAndDevelopmentExpenses": 10865000,
    "generalAndAdministrativeExpenses": 29089000,
    "sellingAndMarketingExpenses": 0,
    "sellingGeneralAndAdministrativeExpenses": 29089000,
    "otherExpenses": 0,
    "operatingExpenses": 39954000,
    "costAndExpenses": 74732000,
    "interestIncome": 158000,
    "interestExpense": 414000,
    "depreciationAndAmortization": 9273000,
    "ebitda": 49931000,
    "ebitdaratio": 0.4373850278,
    "operatingIncome": 39426000,
    "operatingIncomeRatio": 0.3453634436,
    "totalOtherIncomeExpensesNet": -667000,
    "incomeBeforeTax": 38759000,
    "incomeBeforeTaxRatio": 0.3395206643,
    "incomeTaxExpense": 14469000,
    "netIncome": 24290000,
    "netIncomeRatio": 0.2127752764,
    "eps": 0.16,
    "epsdiluted": 0.16,
    "weightedAverageShsOut": 148552000,
    "weightedAverageShsOutDil": 149076000,
    "link": "https://www.sec.gov/Archives/edgar/data/842023/000143774915009608/0001437749-15-009608-index.htm",
    "finalLink": "https://www.sec.gov/Archives/edgar/data/842023/000143774915009608/tech20150331_10q.htm"
  },
  {
    "date": "2014-12-31",
    "symbol": "TECH",
    "reportedCurrency": "USD",
    "cik": "0000842023",
    "fillingDate": "2015-02-09",
    "acceptedDate": "2015-02-09 15:02:17",
    "calendarYear": "2015",
    "period": "Q2",
    "revenue": 111948000,
    "costOfRevenue": 36205000,
    "grossProfit": 75743000,
    "grossProfitRatio": 0.6765909172,
    "researchAndDevelopmentExpenses": 10026000,
    "generalAndAdministrativeExpenses": 31137000,
    "sellingAndMarketingExpenses": 0,
    "sellingGeneralAndAdministrativeExpenses": 31137000,
    "otherExpenses": 0,
    "operatingExpenses": 41163000,
    "costAndExpenses": 77368000,
    "interestIncome": 171000,
    "interestExpense": 437000,
    "depreciationAndAmortization": 9895000,
    "ebitda": 46864000,
    "ebitdaratio": 0.4186229321,
    "operatingIncome": 34580000,
    "operatingIncomeRatio": 0.3088934148,
    "totalOtherIncomeExpensesNet": 7983000,
    "incomeBeforeTax": 42563000,
    "incomeBeforeTaxRatio": 0.3802033087,
    "incomeTaxExpense": 9354000,
    "netIncome": 33209000,
    "netIncomeRatio": 0.2966466574,
    "eps": 0.22,
    "epsdiluted": 0.22,
    "weightedAverageShsOut": 148340000,
    "weightedAverageShsOutDil": 148844000,
    "link": "https://www.sec.gov/Archives/edgar/data/842023/000143774915002131/0001437749-15-002131-index.htm",
    "finalLink": "https://www.sec.gov/Archives/edgar/data/842023/000143774915002131/tech20141231_10q.htm"
  },
  {
    "date": "2014-09-30",
    "symbol": "TECH",
    "reportedCurrency": "USD",
    "cik": "0000842023",
    "fillingDate": "2014-11-10",
    "acceptedDate": "2014-11-10 10:00:50",
    "calendarYear": "2015",
    "period": "Q1",
    "revenue": 108477000,
    "costOfRevenue": 35411000,
    "grossProfit": 73066000,
    "grossProfitRatio": 0.6735621376,
    "researchAndDevelopmentExpenses": 9149000,
    "generalAndAdministrativeExpenses": 28701000,
    "sellingAndMarketingExpenses": 0,
    "sellingGeneralAndAdministrativeExpenses": 28701000,
    "otherExpenses": 0,
    "operatingExpenses": 37850000,
    "costAndExpenses": 73261000,
    "interestIncome": 185000,
    "interestExpense": 311000,
    "depreciationAndAmortization": 8559000,
    "ebitda": 49312000,
    "ebitdaratio": 0.4545848429,
    "operatingIncome": 35216000,
    "operatingIncomeRatio": 0.3246402463,
    "totalOtherIncomeExpensesNet": -618000,
    "incomeBeforeTax": 34598000,
    "incomeBeforeTaxRatio": 0.3189431861,
    "incomeTaxExpense": 10691000,
    "netIncome": 23907000,
    "netIncomeRatio": 0.220387732,
    "eps": 0.16,
    "epsdiluted": 0.16,
    "weightedAverageShsOut": 148028000,
    "weightedAverageShsOutDil": 148592000,
    "link": "https://www.sec.gov/Archives/edgar/data/842023/000119312514404922/0001193125-14-404922-index.htm",
    "finalLink": "https://www.sec.gov/Archives/edgar/data/842023/000119312514404922/d795178d10q.htm"
  },
  {
    "date": "2014-06-30",
    "symbol": "TECH",
    "reportedCurrency": "USD",
    "cik": "0000842023",
    "fillingDate": "2014-08-29",
    "acceptedDate": "2014-08-29 17:04:39",
    "calendarYear": "2014",
    "period": "Q4",
    "revenue": 92523000,
    "costOfRevenue": 28930000,
    "grossProfit": 63593000,
    "grossProfitRatio": 0.6873209905,
    "researchAndDevelopmentExpenses": 7644000,
    "generalAndAdministrativeExpenses": 17103000,
    "sellingAndMarketingExpenses": 0,
    "sellingGeneralAndAdministrativeExpenses": 17103000,
    "otherExpenses": 0,
    "operatingExpenses": 24747000,
    "costAndExpenses": 53677000,
    "interestIncome": 1043000,
    "interestExpense": 0,
    "depreciationAndAmortization": 5311000,
    "ebitda": 42217000,
    "ebitdaratio": 0.456286545,
    "operatingIncome": 38846000,
    "operatingIncomeRatio": 0.419852361,
    "totalOtherIncomeExpensesNet": 605000,
    "incomeBeforeTax": 39451000,
    "incomeBeforeTaxRatio": 0.4263912757,
    "incomeTaxExpense": 12627000,
    "netIncome": 26824000,
    "netIncomeRatio": 0.2899171017,
    "eps": 0.18,
    "epsdiluted": 0.18,
    "weightedAverageShsOut": 147952000,
    "weightedAverageShsOutDil": 148436000,
    "link": "https://www.sec.gov/Archives/edgar/data/842023/000119312514327566/0001193125-14-327566-index.htm",
    "finalLink": "https://www.sec.gov/Archives/edgar/data/842023/000119312514327566/d744730d10k.htm"
  },
  {
    "date": "2014-03-31",
    "symbol": "TECH",
    "reportedCurrency": "USD",
    "cik": "0000842023",
    "fillingDate": "2014-05-12",
    "acceptedDate": "2014-05-12 10:41:23",
    "calendarYear": "2014",
    "period": "Q3",
    "revenue": 95555000,
    "costOfRevenue": 27444000,
    "grossProfit": 68111000,
    "grossProfitRatio": 0.712793679,
    "researchAndDevelopmentExpenses": 7676000,
    "generalAndAdministrativeExpenses": 14666000,
    "sellingAndMarketingExpenses": 0,
    "sellingGeneralAndAdministrativeExpenses": 14666000,
    "otherExpenses": 0,
    "operatingExpenses": 22342000,
    "costAndExpenses": 49786000,
    "interestIncome": 529000,
    "interestExpense": 0,
    "depreciationAndAmortization": 4918000,
    "ebitda": 52259000,
    "ebitdaratio": 0.5468996913,
    "operatingIncome": 45769000,
    "operatingIncomeRatio": 0.4789806917,
    "totalOtherIncomeExpensesNet": 300000,
    "incomeBeforeTax": 46069000,
    "incomeBeforeTaxRatio": 0.4821202449,
    "incomeTaxExpense": 14428000,
    "netIncome": 31641000,
    "netIncomeRatio": 0.3311286694,
    "eps": 0.21,
    "epsdiluted": 0.21,
    "weightedAverageShsOut": 147644000,
    "weightedAverageShsOutDil": 148212000,
    "link": "https://www.sec.gov/Archives/edgar/data/842023/000119312514193933/0001193125-14-193933-index.htm",
    "finalLink": "https://www.sec.gov/Archives/edgar/data/842023/000119312514193933/d702523d10q.htm"
  },
  {
    "date": "2013-12-31",
    "symbol": "TECH",
    "reportedCurrency": "USD",
    "cik": "0000842023",
    "fillingDate": "2014-02-04",
    "acceptedDate": "2014-02-04 11:03:59",
    "calendarYear": "2014",
    "period": "Q2",
    "revenue": 84017000,
    "costOfRevenue": 25424000,
    "grossProfit": 58593000,
    "grossProfitRatio": 0.6973945749,
    "researchAndDevelopmentExpenses": 7923000,
    "generalAndAdministrativeExpenses": 14926000,
    "sellingAndMarketingExpenses": 0,
    "sellingGeneralAndAdministrativeExpenses": 14926000,
    "otherExpenses": -105000,
    "operatingExpenses": 22849000,
    "costAndExpenses": 48273000,
    "interestIncome": 545000,
    "interestExpense": 0,
    "depreciationAndAmortization": 4856000,
    "ebitda": 42004000,
    "ebitdaratio": 0.4999464394,
    "operatingIncome": 35744000,
    "operatingIncomeRatio": 0.425437709,
    "totalOtherIncomeExpensesNet": 474000,
    "incomeBeforeTax": 36218000,
    "incomeBeforeTaxRatio": 0.4310794244,
    "incomeTaxExpense": 11163000,
    "netIncome": 25055000,
    "netIncomeRatio": 0.2982134568,
    "eps": 0.17,
    "epsdiluted": 0.17,
    "weightedAverageShsOut": 147528000,
    "weightedAverageShsOutDil": 148060000,
    "link": "https://www.sec.gov/Archives/edgar/data/842023/000119312514034304/0001193125-14-034304-index.htm",
    "finalLink": "https://www.sec.gov/Archives/edgar/data/842023/000119312514034304/d650098d10q.htm"
  },
  {
    "date": "2013-09-30",
    "symbol": "TECH",
    "reportedCurrency": "USD",
    "cik": "0000842023",
    "fillingDate": "2013-11-12",
    "acceptedDate": "2013-11-12 09:00:16",
    "calendarYear": "2014",
    "period": "Q1",
    "revenue": 85668000,
    "costOfRevenue": 24554000,
    "grossProfit": 61114000,
    "grossProfitRatio": 0.7133818929,
    "researchAndDevelopmentExpenses": 7702000,
    "generalAndAdministrativeExpenses": 14021000,
    "sellingAndMarketingExpenses": 0,
    "sellingGeneralAndAdministrativeExpenses": 14021000,
    "otherExpenses": 0,
    "operatingExpenses": 21723000,
    "costAndExpenses": 46277000,
    "interestIncome": 567000,
    "interestExpense": 0,
    "depreciationAndAmortization": 4090000,
    "ebitda": 45744000,
    "ebitdaratio": 0.5339683429,
    "operatingIncome": 39391000,
    "operatingIncomeRatio": 0.459809964,
    "totalOtherIncomeExpensesNet": 263000,
    "incomeBeforeTax": 39654000,
    "incomeBeforeTaxRatio": 0.4628799552,
    "incomeTaxExpense": 12226000,
    "netIncome": 27428000,
    "netIncomeRatio": 0.3201662231,
    "eps": 0.19,
    "epsdiluted": 0.19,
    "weightedAverageShsOut": 147368000,
    "weightedAverageShsOutDil": 147712000,
    "link": "https://www.sec.gov/Archives/edgar/data/842023/000119312513437178/0001193125-13-437178-index.htm",
    "finalLink": "https://www.sec.gov/Archives/edgar/data/842023/000119312513437178/d604170d10q.htm"
  },
  {
    "date": "2013-06-30",
    "symbol": "TECH",
    "reportedCurrency": "USD",
    "cik": "0000842023",
    "fillingDate": "2013-08-29",
    "acceptedDate": "2013-08-29 15:37:26",
    "calendarYear": "2013",
    "period": "Q4",
    "revenue": 79475000,
    "costOfRevenue": 20358000,
    "grossProfit": 59117000,
    "grossProfitRatio": 0.7438439761,
    "researchAndDevelopmentExpenses": 7183000,
    "generalAndAdministrativeExpenses": 12118000,
    "sellingAndMarketingExpenses": 0,
    "sellingGeneralAndAdministrativeExpenses": 12118000,
    "otherExpenses": 1807000,
    "operatingExpenses": 21493000,
    "costAndExpenses": 41851000,
    "interestIncome": 670000,
    "interestExpense": 0,
    "depreciationAndAmortization": 3042000,
    "ebitda": 40666000,
    "ebitdaratio": 0.5116829192,
    "operatingIncome": 39816000,
    "operatingIncomeRatio": 0.500987732,
    "totalOtherIncomeExpensesNet": 948000,
    "incomeBeforeTax": 40764000,
    "incomeBeforeTaxRatio": 0.5129160113,
    "incomeTaxExpense": 12353000,
    "netIncome": 28411000,
    "netIncomeRatio": 0.3574834854,
    "eps": 0.19,
    "epsdiluted": 0.19,
    "weightedAverageShsOut": 147368000,
    "weightedAverageShsOutDil": 147712000,
    "link": "https://www.sec.gov/Archives/edgar/data/842023/000119312513351961/0001193125-13-351961-index.htm",
    "finalLink": "https://www.sec.gov/Archives/edgar/data/842023/000119312513351961/d545574d10k.htm"
  },
  {
    "date": "2013-03-31",
    "symbol": "TECH",
    "reportedCurrency": "USD",
    "cik": "0000842023",
    "fillingDate": "2013-05-10",
    "acceptedDate": "2013-05-10 10:03:13",
    "calendarYear": "2013",
    "period": "Q3",
    "revenue": 80992000,
    "costOfRevenue": 19845000,
    "grossProfit": 61147000,
    "grossProfitRatio": 0.7549758001,
    "researchAndDevelopmentExpenses": 7219000,
    "generalAndAdministrativeExpenses": 9982000,
    "sellingAndMarketingExpenses": 0,
    "sellingGeneralAndAdministrativeExpenses": 9982000,
    "otherExpenses": 0,
    "operatingExpenses": 17201000,
    "costAndExpenses": 37046000,
    "interestIncome": 638000,
    "interestExpense": 0,
    "depreciationAndAmortization": 3001000,
    "ebitda": 47979000,
    "ebitdaratio": 0.5923918412,
    "operatingIncome": 43946000,
    "operatingIncomeRatio": 0.5425967997,
    "totalOtherIncomeExpensesNet": 520000,
    "incomeBeforeTax": 44466000,
    "incomeBeforeTaxRatio": 0.5490171869,
    "incomeTaxExpense": 11348000,
    "netIncome": 33118000,
    "netIncomeRatio": 0.4089045832,
    "eps": 0.22,
    "epsdiluted": 0.22,
    "weightedAverageShsOut": 147368000,
    "weightedAverageShsOutDil": 147632000,
    "link": "https://www.sec.gov/Archives/edgar/data/842023/000119312513212837/0001193125-13-212837-index.htm",
    "finalLink": "https://www.sec.gov/Archives/edgar/data/842023/000119312513212837/d502425d10q.htm"
  },
  {
    "date": "2012-12-31",
    "symbol": "TECH",
    "reportedCurrency": "USD",
    "cik": "0000842023",
    "fillingDate": "2013-02-11",
    "acceptedDate": "2013-02-11 10:25:54",
    "calendarYear": "2013",
    "period": "Q2",
    "revenue": 75083000,
    "costOfRevenue": 19820000,
    "grossProfit": 55263000,
    "grossProfitRatio": 0.7360254652,
    "researchAndDevelopmentExpenses": 7403000,
    "generalAndAdministrativeExpenses": 10956000,
    "sellingAndMarketingExpenses": 0,
    "sellingGeneralAndAdministrativeExpenses": 10956000,
    "otherExpenses": 0,
    "operatingExpenses": 18359000,
    "costAndExpenses": 38179000,
    "interestIncome": 677000,
    "interestExpense": 0,
    "depreciationAndAmortization": 3173000,
    "ebitda": 40077000,
    "ebitdaratio": 0.5337692953,
    "operatingIncome": 36904000,
    "operatingIncomeRatio": 0.4915093963,
    "totalOtherIncomeExpensesNet": 542000,
    "incomeBeforeTax": 37446000,
    "incomeBeforeTaxRatio": 0.4987280743,
    "incomeTaxExpense": 12082000,
    "netIncome": 25364000,
    "netIncomeRatio": 0.3378128205,
    "eps": 0.17,
    "epsdiluted": 0.17,
    "weightedAverageShsOut": 147336000,
    "weightedAverageShsOutDil": 147600000,
    "link": "https://www.sec.gov/Archives/edgar/data/842023/000119312513047585/0001193125-13-047585-index.htm",
    "finalLink": "https://www.sec.gov/Archives/edgar/data/842023/000119312513047585/d448847d10q.htm"
  },
  {
    "date": "2012-09-30",
    "symbol": "TECH",
    "reportedCurrency": "USD",
    "cik": "0000842023",
    "fillingDate": "2012-11-09",
    "acceptedDate": "2012-11-09 09:01:45",
    "calendarYear": "2013",
    "period": "Q1",
    "revenue": 75025000,
    "costOfRevenue": 19442000,
    "grossProfit": 55583000,
    "grossProfitRatio": 0.7408597134,
    "researchAndDevelopmentExpenses": 7452000,
    "generalAndAdministrativeExpenses": 10328000,
    "sellingAndMarketingExpenses": 0,
    "sellingGeneralAndAdministrativeExpenses": 10328000,
    "otherExpenses": 0,
    "operatingExpenses": 17780000,
    "costAndExpenses": 37222000,
    "interestIncome": 661000,
    "interestExpense": 0,
    "depreciationAndAmortization": 3105000,
    "ebitda": 40908000,
    "ebitdaratio": 0.5452582473,
    "operatingIncome": 37803000,
    "operatingIncomeRatio": 0.5038720427,
    "totalOtherIncomeExpensesNet": 183000,
    "incomeBeforeTax": 37986000,
    "incomeBeforeTaxRatio": 0.5063112296,
    "incomeTaxExpense": 12318000,
    "netIncome": 25668000,
    "netIncomeRatio": 0.342125958,
    "eps": 0.17,
    "epsdiluted": 0.17,
    "weightedAverageShsOut": 147312000,
    "weightedAverageShsOutDil": 147580000,
    "link": "https://www.sec.gov/Archives/edgar/data/842023/000119312512461957/0001193125-12-461957-index.htm",
    "finalLink": "https://www.sec.gov/Archives/edgar/data/842023/000119312512461957/d421577d10q.htm"
  },
  {
    "date": "2012-06-30",
    "symbol": "TECH",
    "reportedCurrency": "USD",
    "cik": "0000842023",
    "fillingDate": "2012-08-29",
    "acceptedDate": "2012-08-29 08:48:59",
    "calendarYear": "2012",
    "period": "Q4",
    "revenue": 78681000,
    "costOfRevenue": 19817000,
    "grossProfit": 58864000,
    "grossProfitRatio": 0.7481348737,
    "researchAndDevelopmentExpenses": 7286000,
    "generalAndAdministrativeExpenses": 10360000,
    "sellingAndMarketingExpenses": 0,
    "sellingGeneralAndAdministrativeExpenses": 10360000,
    "otherExpenses": 0,
    "operatingExpenses": 19773000,
    "costAndExpenses": 39590000,
    "interestIncome": 643000,
    "interestExpense": 0,
    "depreciationAndAmortization": 3101000,
    "ebitda": 42192000,
    "ebitdaratio": 0.5362412781,
    "operatingIncome": 41218000,
    "operatingIncomeRatio": 0.5238621777,
    "totalOtherIncomeExpensesNet": -601000,
    "incomeBeforeTax": 40617000,
    "incomeBeforeTaxRatio": 0.5162237389,
    "incomeTaxExpense": 13376000,
    "netIncome": 27241000,
    "netIncomeRatio": 0.3462208157,
    "eps": 0.18,
    "epsdiluted": 0.18,
    "weightedAverageShsOut": 147312000,
    "weightedAverageShsOutDil": 147580000,
    "link": "https://www.sec.gov/Archives/edgar/data/842023/000119312512373084/0001193125-12-373084-index.htm",
    "finalLink": "https://www.sec.gov/Archives/edgar/data/842023/000119312512373084/d357001d10k.htm"
  },
  {
    "date": "2012-03-31",
    "symbol": "TECH",
    "reportedCurrency": "USD",
    "cik": "0000842023",
    "fillingDate": "2012-05-10",
    "acceptedDate": "2012-05-10 09:37:10",
    "calendarYear": "2012",
    "period": "Q3",
    "revenue": 83621000,
    "costOfRevenue": 20238000,
    "grossProfit": 63383000,
    "grossProfitRatio": 0.7579794549,
    "researchAndDevelopmentExpenses": 7122000,
    "generalAndAdministrativeExpenses": 9899000,
    "sellingAndMarketingExpenses": 0,
    "sellingGeneralAndAdministrativeExpenses": 9899000,
    "otherExpenses": 0,
    "operatingExpenses": 17021000,
    "costAndExpenses": 37259000,
    "interestIncome": 470000,
    "interestExpense": 0,
    "depreciationAndAmortization": 3052000,
    "ebitda": 46362000,
    "ebitdaratio": 0.5544301073,
    "operatingIncome": 46362000,
    "operatingIncomeRatio": 0.5544301073,
    "totalOtherIncomeExpensesNet": -3157000,
    "incomeBeforeTax": 43205000,
    "incomeBeforeTaxRatio": 0.516676433,
    "incomeTaxExpense": 11449000,
    "netIncome": 31756000,
    "netIncomeRatio": 0.3797610648,
    "eps": 0.22,
    "epsdiluted": 0.21,
    "weightedAverageShsOut": 147456000,
    "weightedAverageShsOutDil": 147720000,
    "link": "https://www.sec.gov/Archives/edgar/data/842023/000119312512223985/0001193125-12-223985-index.htm",
    "finalLink": "https://www.sec.gov/Archives/edgar/data/842023/000119312512223985/d335667d10q.htm"
  },
  {
    "date": "2011-12-31",
    "symbol": "TECH",
    "reportedCurrency": "USD",
    "cik": "0000842023",
    "fillingDate": "2012-02-07",
    "acceptedDate": "2012-02-07 15:21:42",
    "calendarYear": "2012",
    "period": "Q2",
    "revenue": 74662000,
    "costOfRevenue": 19492000,
    "grossProfit": 55170000,
    "grossProfitRatio": 0.7389301117,
    "researchAndDevelopmentExpenses": 6837000,
    "generalAndAdministrativeExpenses": 10651000,
    "sellingAndMarketingExpenses": 0,
    "sellingGeneralAndAdministrativeExpenses": 10651000,
    "otherExpenses": 0,
    "operatingExpenses": 17488000,
    "costAndExpenses": 36980000,
    "interestIncome": 798000,
    "interestExpense": 0,
    "depreciationAndAmortization": 3179000,
    "ebitda": 37682000,
    "ebitdaratio": 0.5047011867,
    "operatingIncome": 37682000,
    "operatingIncomeRatio": 0.5047011867,
    "totalOtherIncomeExpensesNet": 191000,
    "incomeBeforeTax": 37873000,
    "incomeBeforeTaxRatio": 0.5072593823,
    "incomeTaxExpense": 12060000,
    "netIncome": 25813000,
    "netIncomeRatio": 0.3457314296,
    "eps": 0.17,
    "epsdiluted": 0.17,
    "weightedAverageShsOut": 147864000,
    "weightedAverageShsOutDil": 148112000,
    "link": "https://www.sec.gov/Archives/edgar/data/842023/000119312512043543/0001193125-12-043543-index.htm",
    "finalLink": "https://www.sec.gov/Archives/edgar/data/842023/000119312512043543/d270271d10q.htm"
  },
  {
    "date": "2011-09-30",
    "symbol": "TECH",
    "reportedCurrency": "USD",
    "cik": "0000842023",
    "fillingDate": "2011-11-09",
    "acceptedDate": "2011-11-09 09:00:40",
    "calendarYear": "2012",
    "period": "Q1",
    "revenue": 77596000,
    "costOfRevenue": 19209000,
    "grossProfit": 58387000,
    "grossProfitRatio": 0.7524485798,
    "researchAndDevelopmentExpenses": 6667000,
    "generalAndAdministrativeExpenses": 10773000,
    "sellingAndMarketingExpenses": 0,
    "sellingGeneralAndAdministrativeExpenses": 10773000,
    "otherExpenses": 0,
    "operatingExpenses": 17440000,
    "costAndExpenses": 36649000,
    "interestIncome": 728000,
    "interestExpense": 0,
    "depreciationAndAmortization": 3135000,
    "ebitda": 40947000,
    "ebitdaratio": 0.5276947265,
    "operatingIncome": 40947000,
    "operatingIncomeRatio": 0.5276947265,
    "totalOtherIncomeExpensesNet": -447000,
    "incomeBeforeTax": 40500000,
    "incomeBeforeTaxRatio": 0.5219341203,
    "incomeTaxExpense": 12979000,
    "netIncome": 27521000,
    "netIncomeRatio": 0.3546703438,
    "eps": 0.19,
    "epsdiluted": 0.19,
    "weightedAverageShsOut": 148380000,
    "weightedAverageShsOutDil": 148680000,
    "link": "https://www.sec.gov/Archives/edgar/data/842023/000119312511303428/0001193125-11-303428-index.htm",
    "finalLink": "https://www.sec.gov/Archives/edgar/data/842023/000119312511303428/d235640d10q.htm"
  },
  {
    "date": "2011-06-30",
    "symbol": "TECH",
    "reportedCurrency": "USD",
    "cik": "0000842023",
    "fillingDate": "2011-08-29",
    "acceptedDate": "2011-08-29 12:12:46",
    "calendarYear": "2011",
    "period": "Q4",
    "revenue": 78038000,
    "costOfRevenue": 18733000,
    "grossProfit": 59305000,
    "grossProfitRatio": 0.7599502806,
    "researchAndDevelopmentExpenses": 6466000,
    "generalAndAdministrativeExpenses": 10747000,
    "sellingAndMarketingExpenses": 0,
    "sellingGeneralAndAdministrativeExpenses": 10747000,
    "otherExpenses": 0,
    "operatingExpenses": 16702000,
    "costAndExpenses": 35435000,
    "interestIncome": 818000,
    "interestExpense": 0,
    "depreciationAndAmortization": 2758000,
    "ebitda": 45361000,
    "ebitdaratio": 0.5812681002,
    "operatingIncome": 42603000,
    "operatingIncomeRatio": 0.5459263436,
    "totalOtherIncomeExpensesNet": 368000,
    "incomeBeforeTax": 42971000,
    "incomeBeforeTaxRatio": 0.5506419949,
    "incomeTaxExpense": 14640000,
    "netIncome": 28331000,
    "netIncomeRatio": 0.3630410825,
    "eps": 0.19,
    "epsdiluted": 0.19,
    "weightedAverageShsOut": 148380000,
    "weightedAverageShsOutDil": 148680000,
    "link": "https://www.sec.gov/Archives/edgar/data/842023/000119312511235045/0001193125-11-235045-index.htm",
    "finalLink": "https://www.sec.gov/Archives/edgar/data/842023/000119312511235045/d10k.htm"
  },
  {
    "date": "2011-03-31",
    "symbol": "TECH",
    "reportedCurrency": "USD",
    "cik": "0000842023",
    "fillingDate": "2011-05-10",
    "acceptedDate": "2011-05-10 08:15:40",
    "calendarYear": "2011",
    "period": "Q3",
    "revenue": 76271000,
    "costOfRevenue": 15833000,
    "grossProfit": 60438000,
    "grossProfitRatio": 0.7924112703,
    "researchAndDevelopmentExpenses": 6297000,
    "generalAndAdministrativeExpenses": 9233000,
    "sellingAndMarketingExpenses": 0,
    "sellingGeneralAndAdministrativeExpenses": 9233000,
    "otherExpenses": 0,
    "operatingExpenses": 15700000,
    "costAndExpenses": 31533000,
    "interestIncome": 1067000,
    "interestExpense": 0,
    "depreciationAndAmortization": 1884000,
    "ebitda": 46622000,
    "ebitdaratio": 0.6112677164,
    "operatingIncome": 44738000,
    "operatingIncomeRatio": 0.5865663227,
    "totalOtherIncomeExpensesNet": 646000,
    "incomeBeforeTax": 45384000,
    "incomeBeforeTaxRatio": 0.5950361212,
    "incomeTaxExpense": 14320000,
    "netIncome": 31064000,
    "netIncomeRatio": 0.4072845511,
    "eps": 0.21,
    "epsdiluted": 0.21,
    "weightedAverageShsOut": 148476000,
    "weightedAverageShsOutDil": 148776000,
    "link": "https://www.sec.gov/Archives/edgar/data/842023/000095012311047842/0000950123-11-047842-index.htm",
    "finalLink": "https://www.sec.gov/Archives/edgar/data/842023/000095012311047842/c63820e10vq.htm"
  },
  {
    "date": "2010-12-31",
    "symbol": "TECH",
    "reportedCurrency": "USD",
    "cik": "0000842023",
    "fillingDate": "2011-02-09",
    "acceptedDate": "2011-02-09 08:01:07",
    "calendarYear": "2011",
    "period": "Q2",
    "revenue": 67708000,
    "costOfRevenue": 15218000,
    "grossProfit": 52490000,
    "grossProfitRatio": 0.7752407396,
    "researchAndDevelopmentExpenses": 6603000,
    "generalAndAdministrativeExpenses": 8365000,
    "sellingAndMarketingExpenses": 0,
    "sellingGeneralAndAdministrativeExpenses": 8365000,
    "otherExpenses": 0,
    "operatingExpenses": 15139000,
    "costAndExpenses": 30357000,
    "interestIncome": 1020000,
    "interestExpense": 0,
    "depreciationAndAmortization": 171000,
    "ebitda": 39401000,
    "ebitdaratio": 0.5819253264,
    "operatingIncome": 37351000,
    "operatingIncomeRatio": 0.5516482543,
    "totalOtherIncomeExpensesNet": 322000,
    "incomeBeforeTax": 37673000,
    "incomeBeforeTaxRatio": 0.55640397,
    "incomeTaxExpense": 11139000,
    "netIncome": 26534000,
    "netIncomeRatio": 0.3918886985,
    "eps": 0.18,
    "epsdiluted": 0.18,
    "weightedAverageShsOut": 148372000,
    "weightedAverageShsOutDil": 148624000,
    "link": "https://www.sec.gov/Archives/edgar/data/842023/000095012311010727/0000950123-11-010727-index.htm",
    "finalLink": "https://www.sec.gov/Archives/edgar/data/842023/000095012311010727/c61331e10vq.htm"
  },
  {
    "date": "2010-09-30",
    "symbol": "TECH",
    "reportedCurrency": "USD",
    "cik": "0000842023",
    "fillingDate": "2010-11-09",
    "acceptedDate": "2010-11-09 09:00:33",
    "calendarYear": "2011",
    "period": "Q1",
    "revenue": 67945000,
    "costOfRevenue": 15241000,
    "grossProfit": 52704000,
    "grossProfitRatio": 0.7756862168,
    "researchAndDevelopmentExpenses": 6619000,
    "generalAndAdministrativeExpenses": 7552000,
    "sellingAndMarketingExpenses": 0,
    "sellingGeneralAndAdministrativeExpenses": 7552000,
    "otherExpenses": 0,
    "operatingExpenses": 14341000,
    "costAndExpenses": 29582000,
    "interestIncome": 847000,
    "interestExpense": 0,
    "depreciationAndAmortization": 170000,
    "ebitda": 40371000,
    "ebitdaratio": 0.5941717566,
    "operatingIncome": 38363000,
    "operatingIncomeRatio": 0.5646184414,
    "totalOtherIncomeExpensesNet": 590000,
    "incomeBeforeTax": 38953000,
    "incomeBeforeTaxRatio": 0.5733019354,
    "incomeTaxExpense": 12580000,
    "netIncome": 26373000,
    "netIncomeRatio": 0.3881521819,
    "eps": 0.18,
    "epsdiluted": 0.18,
    "weightedAverageShsOut": 148160000,
    "weightedAverageShsOutDil": 148428000,
    "link": "https://www.sec.gov/Archives/edgar/data/842023/000095012310102922/0000950123-10-102922-index.htm",
    "finalLink": "https://www.sec.gov/Archives/edgar/data/842023/000095012310102922/c58202e10vq.htm"
  },
  {
    "date": "2010-06-30",
    "symbol": "TECH",
    "reportedCurrency": "USD",
    "cik": "0000842023",
    "fillingDate": "2010-08-27",
    "acceptedDate": "2010-08-27 10:36:50",
    "calendarYear": "2010",
    "period": "Q4",
    "revenue": 66714000,
    "costOfRevenue": 13834000,
    "grossProfit": 52880000,
    "grossProfitRatio": 0.7926372276,
    "researchAndDevelopmentExpenses": 6251000,
    "generalAndAdministrativeExpenses": 7464000,
    "sellingAndMarketingExpenses": 0,
    "sellingGeneralAndAdministrativeExpenses": 7464000,
    "otherExpenses": 0,
    "operatingExpenses": 13955000,
    "costAndExpenses": 27789000,
    "interestIncome": 1011000,
    "interestExpense": 0,
    "depreciationAndAmortization": 2063000,
    "ebitda": 40988000,
    "ebitdaratio": 0.6143837875,
    "operatingIncome": 38925000,
    "operatingIncomeRatio": 0.5834607429,
    "totalOtherIncomeExpensesNet": -324000,
    "incomeBeforeTax": 38601000,
    "incomeBeforeTaxRatio": 0.578604191,
    "incomeTaxExpense": 12706000,
    "netIncome": 25895000,
    "netIncomeRatio": 0.3881494139,
    "eps": 0.17,
    "epsdiluted": 0.17,
    "weightedAverageShsOut": 148160000,
    "weightedAverageShsOutDil": 148428000,
    "link": "https://www.sec.gov/Archives/edgar/data/842023/000084202310000031/0000842023-10-000031-index.htm",
    "finalLink": "https://www.sec.gov/Archives/edgar/data/842023/000084202310000031/k2010.txt"
  },
  {
    "date": "2010-03-31",
    "symbol": "TECH",
    "reportedCurrency": "USD",
    "cik": "0000842023",
    "fillingDate": "2010-05-07",
    "acceptedDate": "2010-05-07 09:33:23",
    "calendarYear": "2010",
    "period": "Q3",
    "revenue": 70278000,
    "costOfRevenue": 14399000,
    "grossProfit": 55879000,
    "grossProfitRatio": 0.7951136913,
    "researchAndDevelopmentExpenses": 6325000,
    "generalAndAdministrativeExpenses": 7666000,
    "sellingAndMarketingExpenses": 0,
    "sellingGeneralAndAdministrativeExpenses": 7666000,
    "otherExpenses": 0,
    "operatingExpenses": 14231000,
    "costAndExpenses": 28630000,
    "interestIncome": 1040000,
    "interestExpense": 0,
    "depreciationAndAmortization": 240000,
    "ebitda": 43650000,
    "ebitdaratio": 0.6211047554,
    "operatingIncome": 41648000,
    "operatingIncomeRatio": 0.592617889,
    "totalOtherIncomeExpensesNet": -209000,
    "incomeBeforeTax": 41439000,
    "incomeBeforeTaxRatio": 0.5896439853,
    "incomeTaxExpense": 9051000,
    "netIncome": 32388000,
    "netIncomeRatio": 0.4608554597,
    "eps": 0.22,
    "epsdiluted": 0.22,
    "weightedAverageShsOut": 149168000,
    "weightedAverageShsOutDil": 149520000,
    "link": "https://www.sec.gov/Archives/edgar/data/842023/000084202310000016/0000842023-10-000016-index.htm",
    "finalLink": "https://www.sec.gov/Archives/edgar/data/842023/000084202310000016/q310.txt"
  },
  {
    "date": "2009-12-31",
    "symbol": "TECH",
    "reportedCurrency": "USD",
    "cik": "0000842023",
    "fillingDate": "2010-02-08",
    "acceptedDate": "2010-02-08 14:11:54",
    "calendarYear": "2010",
    "period": "Q2",
    "revenue": 65521000,
    "costOfRevenue": 13329000,
    "grossProfit": 52192000,
    "grossProfitRatio": 0.7965690389,
    "researchAndDevelopmentExpenses": 6391000,
    "generalAndAdministrativeExpenses": 9007000,
    "sellingAndMarketingExpenses": 0,
    "sellingGeneralAndAdministrativeExpenses": 9007000,
    "otherExpenses": 0,
    "operatingExpenses": 15638000,
    "costAndExpenses": 28967000,
    "interestIncome": 1156000,
    "interestExpense": 0,
    "depreciationAndAmortization": 2060000,
    "ebitda": 38614000,
    "ebitdaratio": 0.5893377696,
    "operatingIncome": 36554000,
    "operatingIncomeRatio": 0.557897468,
    "totalOtherIncomeExpensesNet": 145000,
    "incomeBeforeTax": 36699000,
    "incomeBeforeTaxRatio": 0.5601104989,
    "incomeTaxExpense": 11978000,
    "netIncome": 24721000,
    "netIncomeRatio": 0.3772988813,
    "eps": 0.17,
    "epsdiluted": 0.17,
    "weightedAverageShsOut": 149008000,
    "weightedAverageShsOutDil": 149412000,
    "link": "https://www.sec.gov/Archives/edgar/data/842023/000084202310000006/0000842023-10-000006-index.htm",
    "finalLink": "https://www.sec.gov/Archives/edgar/data/842023/000084202310000006/q1209.txt"
  },
  {
    "date": "2009-09-30",
    "symbol": "TECH",
    "reportedCurrency": "USD",
    "cik": "0000842023",
    "fillingDate": "2009-11-05",
    "acceptedDate": "2009-11-05 10:29:47",
    "calendarYear": "2010",
    "period": "Q1",
    "revenue": 66534000,
    "costOfRevenue": 12901000,
    "grossProfit": 53633000,
    "grossProfitRatio": 0.8060991373,
    "researchAndDevelopmentExpenses": 6154000,
    "generalAndAdministrativeExpenses": 8038000,
    "sellingAndMarketingExpenses": 0,
    "sellingGeneralAndAdministrativeExpenses": 8038000,
    "otherExpenses": 0,
    "operatingExpenses": 14432000,
    "costAndExpenses": 27333000,
    "interestIncome": 1168000,
    "interestExpense": 0,
    "depreciationAndAmortization": 2005000,
    "ebitda": 41206000,
    "ebitdaratio": 0.6193224517,
    "operatingIncome": 39201000,
    "operatingIncomeRatio": 0.5891874831,
    "totalOtherIncomeExpensesNet": 506000,
    "incomeBeforeTax": 39707000,
    "incomeBeforeTaxRatio": 0.5967926173,
    "incomeTaxExpense": 12935000,
    "netIncome": 26772000,
    "netIncomeRatio": 0.4023807377,
    "eps": 0.18,
    "epsdiluted": 0.18,
    "weightedAverageShsOut": 148980000,
    "weightedAverageShsOutDil": 149356000,
    "link": "https://www.sec.gov/Archives/edgar/data/842023/000084202309000048/0000842023-09-000048-index.htm",
    "finalLink": "https://www.sec.gov/Archives/edgar/data/842023/000084202309000048/q909.txt"
  },
  {
    "date": "2009-06-30",
    "symbol": "TECH",
    "reportedCurrency": "USD",
    "cik": "0000842023",
    "fillingDate": "2009-08-28",
    "acceptedDate": "2009-08-28 10:18:03",
    "calendarYear": "2009",
    "period": "Q4",
    "revenue": 64890000,
    "costOfRevenue": 14656000,
    "grossProfit": 50234000,
    "grossProfitRatio": 0.7741408538,
    "researchAndDevelopmentExpenses": 5999000,
    "generalAndAdministrativeExpenses": 7560000,
    "sellingAndMarketingExpenses": 0,
    "sellingGeneralAndAdministrativeExpenses": 7560000,
    "otherExpenses": 0,
    "operatingExpenses": 13799000,
    "costAndExpenses": 28455000,
    "interestIncome": 1038000,
    "interestExpense": 0,
    "depreciationAndAmortization": 1965000,
    "ebitda": 42983000,
    "ebitdaratio": 0.6623979041,
    "operatingIncome": 36435000,
    "operatingIncomeRatio": 0.5614886731,
    "totalOtherIncomeExpensesNet": 989000,
    "incomeBeforeTax": 37424000,
    "incomeBeforeTaxRatio": 0.5767298505,
    "incomeTaxExpense": 12038000,
    "netIncome": 25386000,
    "netIncomeRatio": 0.3912159038,
    "eps": 0.17,
    "epsdiluted": 0.17,
    "weightedAverageShsOut": 148980000,
    "weightedAverageShsOutDil": 149356000,
    "link": "https://www.sec.gov/Archives/edgar/data/842023/000084202309000032/0000842023-09-000032-index.htm",
    "finalLink": "https://www.sec.gov/Archives/edgar/data/842023/000084202309000032/k102009.txt"
  },
  {
    "date": "2009-03-31",
    "symbol": "TECH",
    "reportedCurrency": "USD",
    "cik": "0000842023",
    "fillingDate": "2009-05-07",
    "acceptedDate": "2009-05-07 17:00:08",
    "calendarYear": "2009",
    "period": "Q3",
    "revenue": 67866000,
    "costOfRevenue": 14316000,
    "grossProfit": 53550000,
    "grossProfitRatio": 0.7890549023,
    "researchAndDevelopmentExpenses": 5809000,
    "generalAndAdministrativeExpenses": 7061000,
    "sellingAndMarketingExpenses": 0,
    "sellingGeneralAndAdministrativeExpenses": 7061000,
    "otherExpenses": 0,
    "operatingExpenses": 13110000,
    "costAndExpenses": 27426000,
    "interestIncome": 1504000,
    "interestExpense": 0,
    "depreciationAndAmortization": 1926000,
    "ebitda": 42366000,
    "ebitdaratio": 0.6242595703,
    "operatingIncome": 40440000,
    "operatingIncomeRatio": 0.5958801167,
    "totalOtherIncomeExpensesNet": 401000,
    "incomeBeforeTax": 40841000,
    "incomeBeforeTaxRatio": 0.6017888191,
    "incomeTaxExpense": 13200000,
    "netIncome": 27641000,
    "netIncomeRatio": 0.4072878908,
    "eps": 0.18,
    "epsdiluted": 0.18,
    "weightedAverageShsOut": 149708000,
    "weightedAverageShsOutDil": 149996000,
    "link": "https://www.sec.gov/Archives/edgar/data/842023/000084202309000016/0000842023-09-000016-index.htm",
    "finalLink": "https://www.sec.gov/Archives/edgar/data/842023/000084202309000016/q309.txt"
  },
  {
    "date": "2008-12-31",
    "symbol": "TECH",
    "reportedCurrency": "USD",
    "cik": "0000842023",
    "fillingDate": "2009-02-06",
    "acceptedDate": "2009-02-06 09:37:32",
    "calendarYear": "2009",
    "period": "Q2",
    "revenue": 61876000,
    "costOfRevenue": 13430000,
    "grossProfit": 48446000,
    "grossProfitRatio": 0.7829530028,
    "researchAndDevelopmentExpenses": 5846000,
    "generalAndAdministrativeExpenses": 9703000,
    "sellingAndMarketingExpenses": 0,
    "sellingGeneralAndAdministrativeExpenses": 9703000,
    "otherExpenses": 0,
    "operatingExpenses": 15789000,
    "costAndExpenses": 29219000,
    "interestIncome": 2205000,
    "interestExpense": 0,
    "depreciationAndAmortization": 1954000,
    "ebitda": 34611000,
    "ebitdaratio": 0.5593606568,
    "operatingIncome": 32657000,
    "operatingIncomeRatio": 0.5277813692,
    "totalOtherIncomeExpensesNet": 1493000,
    "incomeBeforeTax": 34150000,
    "incomeBeforeTaxRatio": 0.5519102722,
    "incomeTaxExpense": 10528000,
    "netIncome": 23622000,
    "netIncomeRatio": 0.3817635271,
    "eps": 0.16,
    "epsdiluted": 0.16,
    "weightedAverageShsOut": 151576000,
    "weightedAverageShsOutDil": 151968000,
    "link": "https://www.sec.gov/Archives/edgar/data/842023/000084202309000007/0000842023-09-000007-index.htm",
    "finalLink": "https://www.sec.gov/Archives/edgar/data/842023/000084202309000007/q1208.txt"
  },
  {
    "date": "2008-09-30",
    "symbol": "TECH",
    "reportedCurrency": "USD",
    "cik": "0000842023",
    "fillingDate": "2008-11-07",
    "acceptedDate": "2008-11-07 15:18:30",
    "calendarYear": "2009",
    "period": "Q1",
    "revenue": 69324000,
    "costOfRevenue": 13086000,
    "grossProfit": 56238000,
    "grossProfitRatio": 0.8112342046,
    "researchAndDevelopmentExpenses": 5910000,
    "generalAndAdministrativeExpenses": 8840000,
    "sellingAndMarketingExpenses": 0,
    "sellingGeneralAndAdministrativeExpenses": 8840000,
    "otherExpenses": 0,
    "operatingExpenses": 14990000,
    "costAndExpenses": 28076000,
    "interestIncome": 0,
    "interestExpense": 0,
    "depreciationAndAmortization": 1921000,
    "ebitda": 43169000,
    "ebitdaratio": 0.6227136345,
    "operatingIncome": 41248000,
    "operatingIncomeRatio": 0.5950031735,
    "totalOtherIncomeExpensesNet": 1700000,
    "incomeBeforeTax": 42948000,
    "incomeBeforeTaxRatio": 0.6195257054,
    "incomeTaxExpense": 14355000,
    "netIncome": 28593000,
    "netIncomeRatio": 0.4124545612,
    "eps": 0.19,
    "epsdiluted": 0.18,
    "weightedAverageShsOut": 154496000,
    "weightedAverageShsOutDil": 154988000,
    "link": "https://www.sec.gov/Archives/edgar/data/842023/000084202308000039/0000842023-08-000039-index.htm",
    "finalLink": "https://www.sec.gov/Archives/edgar/data/842023/000084202308000039/q908.txt"
  },
  {
    "date": "2008-06-30",
    "symbol": "TECH",
    "reportedCurrency": "USD",
    "cik": "0000842023",
    "fillingDate": "2008-08-28",
    "acceptedDate": "2008-08-28 13:01:56",
    "calendarYear": "2008",
    "period": "Q4",
    "revenue": 67769000,
    "costOfRevenue": 13888000,
    "grossProfit": 53881000,
    "grossProfitRatio": 0.7950685417,
    "researchAndDevelopmentExpenses": 5812000,
    "generalAndAdministrativeExpenses": 8986000,
    "sellingAndMarketingExpenses": 0,
    "sellingGeneralAndAdministrativeExpenses": 8986000,
    "otherExpenses": 0,
    "operatingExpenses": 15080000,
    "costAndExpenses": 28968000,
    "interestIncome": 0,
    "interestExpense": 0,
    "depreciationAndAmortization": 2005000,
    "ebitda": 40806000,
    "ebitdaratio": 0.602133719,
    "operatingIncome": 38801000,
    "operatingIncomeRatio": 0.5725479201,
    "totalOtherIncomeExpensesNet": 1704000,
    "incomeBeforeTax": 40505000,
    "incomeBeforeTaxRatio": 0.5976921601,
    "incomeTaxExpense": 13248000,
    "netIncome": 27257000,
    "netIncomeRatio": 0.4022045478,
    "eps": 0.18,
    "epsdiluted": 0.18,
    "weightedAverageShsOut": 154496000,
    "weightedAverageShsOutDil": 154988000,
    "link": "https://www.sec.gov/Archives/edgar/data/842023/000084202308000024/0000842023-08-000024-index.htm",
    "finalLink": "https://www.sec.gov/Archives/edgar/data/842023/000084202308000024/k2008.txt"
  },
  {
    "date": "2008-03-31",
    "symbol": "TECH",
    "reportedCurrency": "USD",
    "cik": "0000842023",
    "fillingDate": "2008-05-09",
    "acceptedDate": "2008-05-09 09:46:36",
    "calendarYear": "2008",
    "period": "Q3",
    "revenue": 69522000,
    "costOfRevenue": 14146000,
    "grossProfit": 55376000,
    "grossProfitRatio": 0.7965248411,
    "researchAndDevelopmentExpenses": 5839000,
    "generalAndAdministrativeExpenses": 8994000,
    "sellingAndMarketingExpenses": 0,
    "sellingGeneralAndAdministrativeExpenses": 8994000,
    "otherExpenses": 0,
    "operatingExpenses": 15116000,
    "costAndExpenses": 29262000,
    "interestIncome": 3155000,
    "interestExpense": 0,
    "depreciationAndAmortization": 1871000,
    "ebitda": 42131000,
    "ebitdaratio": 0.6060096085,
    "operatingIncome": 40260000,
    "operatingIncomeRatio": 0.5790972642,
    "totalOtherIncomeExpensesNet": 2732000,
    "incomeBeforeTax": 42992000,
    "incomeBeforeTaxRatio": 0.6183941774,
    "incomeTaxExpense": 13402000,
    "netIncome": 29590000,
    "netIncomeRatio": 0.4256206668,
    "eps": 0.19,
    "epsdiluted": 0.19,
    "weightedAverageShsOut": 156000000,
    "weightedAverageShsOutDil": 156432000,
    "link": "https://www.sec.gov/Archives/edgar/data/842023/000084202308000012/0000842023-08-000012-index.htm",
    "finalLink": "https://www.sec.gov/Archives/edgar/data/842023/000084202308000012/q308.txt"
  },
  {
    "date": "2007-12-31",
    "symbol": "TECH",
    "reportedCurrency": "USD",
    "cik": "0000842023",
    "fillingDate": "2008-02-05",
    "acceptedDate": "2008-02-05 16:10:50",
    "calendarYear": "2008",
    "period": "Q2",
    "revenue": 62142000,
    "costOfRevenue": 12751000,
    "grossProfit": 49391000,
    "grossProfitRatio": 0.794808664,
    "researchAndDevelopmentExpenses": 5562000,
    "generalAndAdministrativeExpenses": 10645000,
    "sellingAndMarketingExpenses": 0,
    "sellingGeneralAndAdministrativeExpenses": 10645000,
    "otherExpenses": 0,
    "operatingExpenses": 16489000,
    "costAndExpenses": 29240000,
    "interestIncome": 0,
    "interestExpense": 0,
    "depreciationAndAmortization": 1691000,
    "ebitda": 34593000,
    "ebitdaratio": 0.5566766438,
    "operatingIncome": 32902000,
    "operatingIncomeRatio": 0.5294647742,
    "totalOtherIncomeExpensesNet": 2679000,
    "incomeBeforeTax": 35581000,
    "incomeBeforeTaxRatio": 0.5725757137,
    "incomeTaxExpense": 11942000,
    "netIncome": 23639000,
    "netIncomeRatio": 0.3804029481,
    "eps": 0.15,
    "epsdiluted": 0.15,
    "weightedAverageShsOut": 157580000,
    "weightedAverageShsOutDil": 157988000,
    "link": "https://www.sec.gov/Archives/edgar/data/842023/000084202308000005/0000842023-08-000005-index.htm",
    "finalLink": "https://www.sec.gov/Archives/edgar/data/842023/000084202308000005/q1207.txt"
  },
  {
    "date": "2007-09-30",
    "symbol": "TECH",
    "reportedCurrency": "USD",
    "cik": "0000842023",
    "fillingDate": "2007-11-08",
    "acceptedDate": "2007-11-08 15:19:03",
    "calendarYear": "2008",
    "period": "Q1",
    "revenue": 57987000,
    "costOfRevenue": 12104000,
    "grossProfit": 45883000,
    "grossProfitRatio": 0.7912635591,
    "researchAndDevelopmentExpenses": 5181000,
    "generalAndAdministrativeExpenses": 8090000,
    "sellingAndMarketingExpenses": 0,
    "sellingGeneralAndAdministrativeExpenses": 8090000,
    "otherExpenses": 0,
    "operatingExpenses": 13559000,
    "costAndExpenses": 25663000,
    "interestIncome": 0,
    "interestExpense": 0,
    "depreciationAndAmortization": 1692000,
    "ebitda": 34016000,
    "ebitdaratio": 0.5866142411,
    "operatingIncome": 32324000,
    "operatingIncomeRatio": 0.5574352872,
    "totalOtherIncomeExpensesNet": 2429000,
    "incomeBeforeTax": 34753000,
    "incomeBeforeTaxRatio": 0.5993239864,
    "incomeTaxExpense": 11681000,
    "netIncome": 23072000,
    "netIncomeRatio": 0.397882284,
    "eps": 0.15,
    "epsdiluted": 0.15,
    "weightedAverageShsOut": 157956000,
    "weightedAverageShsOutDil": 158348000,
    "link": "https://www.sec.gov/Archives/edgar/data/842023/000084202307000047/0000842023-07-000047-index.htm",
    "finalLink": "https://www.sec.gov/Archives/edgar/data/842023/000084202307000047/q907.txt"
  },
  {
    "date": "2007-06-30",
    "symbol": "TECH",
    "reportedCurrency": "USD",
    "cik": "0000842023",
    "fillingDate": "2007-08-29",
    "acceptedDate": "2007-08-29 09:48:00",
    "calendarYear": "2007",
    "period": "Q4",
    "revenue": 58425000,
    "costOfRevenue": 12697000,
    "grossProfit": 45728000,
    "grossProfitRatio": 0.7826786478,
    "researchAndDevelopmentExpenses": 5014000,
    "generalAndAdministrativeExpenses": 7839000,
    "sellingAndMarketingExpenses": 0,
    "sellingGeneralAndAdministrativeExpenses": 7839000,
    "otherExpenses": 0,
    "operatingExpenses": 13257000,
    "costAndExpenses": 25954000,
    "interestIncome": 0,
    "interestExpense": 0,
    "depreciationAndAmortization": 1842000,
    "ebitda": 34313000,
    "ebitdaratio": 0.5872999572,
    "operatingIncome": 32471000,
    "operatingIncomeRatio": 0.5557723577,
    "totalOtherIncomeExpensesNet": 1671000,
    "incomeBeforeTax": 34142000,
    "incomeBeforeTaxRatio": 0.5843731279,
    "incomeTaxExpense": 11218000,
    "netIncome": 22924000,
    "netIncomeRatio": 0.3923662816,
    "eps": 0.15,
    "epsdiluted": 0.14,
    "weightedAverageShsOut": 157956000,
    "weightedAverageShsOutDil": 158348000,
    "link": "https://www.sec.gov/Archives/edgar/data/842023/000084202307000029/0000842023-07-000029-index.htm",
    "finalLink": "https://www.sec.gov/Archives/edgar/data/842023/000084202307000029/k10.txt"
  },
  {
    "date": "2007-03-31",
    "symbol": "TECH",
    "reportedCurrency": "USD",
    "cik": "0000842023",
    "fillingDate": "2007-05-09",
    "acceptedDate": "2007-05-09 10:39:16",
    "calendarYear": "2007",
    "period": "Q3",
    "revenue": 60197000,
    "costOfRevenue": 12019000,
    "grossProfit": 48178000,
    "grossProfitRatio": 0.8003388873,
    "researchAndDevelopmentExpenses": 5169000,
    "generalAndAdministrativeExpenses": 7229000,
    "sellingAndMarketingExpenses": 0,
    "sellingGeneralAndAdministrativeExpenses": 7229000,
    "otherExpenses": 0,
    "operatingExpenses": 12801000,
    "costAndExpenses": 24820000,
    "interestIncome": 0,
    "interestExpense": 0,
    "depreciationAndAmortization": 1766000,
    "ebitda": 37143000,
    "ebitdaratio": 0.6170241042,
    "operatingIncome": 35377000,
    "operatingIncomeRatio": 0.587687094,
    "totalOtherIncomeExpensesNet": 1470000,
    "incomeBeforeTax": 36847000,
    "incomeBeforeTaxRatio": 0.6121069156,
    "incomeTaxExpense": 12954000,
    "netIncome": 23893000,
    "netIncomeRatio": 0.3969134674,
    "eps": 0.15,
    "epsdiluted": 0.15,
    "weightedAverageShsOut": 157656000,
    "weightedAverageShsOutDil": 158172000,
    "link": "https://www.sec.gov/Archives/edgar/data/842023/000084202307000020/0000842023-07-000020-index.htm",
    "finalLink": "https://www.sec.gov/Archives/edgar/data/842023/000084202307000020/q307.txt"
  },
  {
    "date": "2006-12-31",
    "symbol": "TECH",
    "reportedCurrency": "USD",
    "cik": "0000842023",
    "fillingDate": "2007-02-08",
    "acceptedDate": "2007-02-08 13:19:57",
    "calendarYear": "2007",
    "period": "Q2",
    "revenue": 52509000,
    "costOfRevenue": 10714000,
    "grossProfit": 41795000,
    "grossProfitRatio": 0.795958788,
    "researchAndDevelopmentExpenses": 5044000,
    "generalAndAdministrativeExpenses": 8830000,
    "sellingAndMarketingExpenses": 0,
    "sellingGeneralAndAdministrativeExpenses": 8830000,
    "otherExpenses": 0,
    "operatingExpenses": 14278000,
    "costAndExpenses": 24992000,
    "interestIncome": 0,
    "interestExpense": 0,
    "depreciationAndAmortization": 1721000,
    "ebitda": 29238000,
    "ebitdaratio": 0.5568188311,
    "operatingIncome": 27517000,
    "operatingIncomeRatio": 0.5240434973,
    "totalOtherIncomeExpensesNet": 713000,
    "incomeBeforeTax": 28230000,
    "incomeBeforeTaxRatio": 0.5376221219,
    "incomeTaxExpense": 9567000,
    "netIncome": 18663000,
    "netIncomeRatio": 0.3554247843,
    "eps": 0.12,
    "epsdiluted": 0.12,
    "weightedAverageShsOut": 157548000,
    "weightedAverageShsOutDil": 158044000,
    "link": "https://www.sec.gov/Archives/edgar/data/842023/000084202307000005/0000842023-07-000005-index.htm",
    "finalLink": "https://www.sec.gov/Archives/edgar/data/842023/000084202307000005/q1206.txt"
  },
  {
    "date": "2006-09-30",
    "symbol": "TECH",
    "reportedCurrency": "USD",
    "cik": "0000842023",
    "fillingDate": "2006-11-08",
    "acceptedDate": "2006-11-08 11:48:55",
    "calendarYear": "2007",
    "period": "Q1",
    "revenue": 52351000,
    "costOfRevenue": 11237000,
    "grossProfit": 41114000,
    "grossProfitRatio": 0.7853527153,
    "researchAndDevelopmentExpenses": 4855000,
    "generalAndAdministrativeExpenses": 7067000,
    "sellingAndMarketingExpenses": 0,
    "sellingGeneralAndAdministrativeExpenses": 7067000,
    "otherExpenses": 0,
    "operatingExpenses": 12325000,
    "costAndExpenses": 23562000,
    "interestIncome": 0,
    "interestExpense": 0,
    "depreciationAndAmortization": 1665000,
    "ebitda": 30454000,
    "ebitdaratio": 0.5817271876,
    "operatingIncome": 28789000,
    "operatingIncomeRatio": 0.5499226376,
    "totalOtherIncomeExpensesNet": 923000,
    "incomeBeforeTax": 29712000,
    "incomeBeforeTaxRatio": 0.5675536284,
    "incomeTaxExpense": 10081000,
    "netIncome": 19631000,
    "netIncomeRatio": 0.3749880614,
    "eps": 0.12,
    "epsdiluted": 0.12,
    "weightedAverageShsOut": 157516000,
    "weightedAverageShsOutDil": 157876000,
    "link": "https://www.sec.gov/Archives/edgar/data/842023/000084202306000054/0000842023-06-000054-index.htm",
    "finalLink": "https://www.sec.gov/Archives/edgar/data/842023/000084202306000054/q10-906.txt"
  },
  {
    "date": "2006-06-30",
    "symbol": "TECH",
    "reportedCurrency": "USD",
    "cik": "0000842023",
    "fillingDate": "2006-08-30",
    "acceptedDate": "2006-08-30 10:40:58",
    "calendarYear": "2006",
    "period": "Q4",
    "revenue": 52066000,
    "costOfRevenue": 11822000,
    "grossProfit": 40244000,
    "grossProfitRatio": 0.7729420351,
    "researchAndDevelopmentExpenses": 4773000,
    "generalAndAdministrativeExpenses": 6269000,
    "sellingAndMarketingExpenses": 0,
    "sellingGeneralAndAdministrativeExpenses": 6269000,
    "otherExpenses": 0,
    "operatingExpenses": 11533000,
    "costAndExpenses": 23355000,
    "interestIncome": 0,
    "interestExpense": 0,
    "depreciationAndAmortization": 1787000,
    "ebitda": 30498000,
    "ebitdaratio": 0.5857565398,
    "operatingIncome": 28711000,
    "operatingIncomeRatio": 0.5514347175,
    "totalOtherIncomeExpensesNet": 901000,
    "incomeBeforeTax": 29612000,
    "incomeBeforeTaxRatio": 0.5687396766,
    "incomeTaxExpense": 10123000,
    "netIncome": 19489000,
    "netIncomeRatio": 0.3743133715,
    "eps": 0.12,
    "epsdiluted": 0.12,
    "weightedAverageShsOut": 157516000,
    "weightedAverageShsOutDil": 157876000,
    "link": "https://www.sec.gov/Archives/edgar/data/842023/000084202306000038/0000842023-06-000038-index.htm",
    "finalLink": "https://www.sec.gov/Archives/edgar/data/842023/000084202306000038/k06.txt"
  },
  {
    "date": "2006-03-31",
    "symbol": "TECH",
    "reportedCurrency": "USD",
    "cik": "0000842023",
    "fillingDate": "2006-05-09",
    "acceptedDate": "2006-05-09 15:34:11",
    "calendarYear": "2006",
    "period": "Q3",
    "revenue": 54813000,
    "costOfRevenue": 12105000,
    "grossProfit": 42708000,
    "grossProfitRatio": 0.7791582289,
    "researchAndDevelopmentExpenses": 4761000,
    "generalAndAdministrativeExpenses": 6901000,
    "sellingAndMarketingExpenses": 0,
    "sellingGeneralAndAdministrativeExpenses": 6901000,
    "otherExpenses": 0,
    "operatingExpenses": 12154000,
    "costAndExpenses": 24259000,
    "interestIncome": 0,
    "interestExpense": 0,
    "depreciationAndAmortization": 1718000,
    "ebitda": 32272000,
    "ebitdaratio": 0.5887654389,
    "operatingIncome": 30554000,
    "operatingIncomeRatio": 0.5574225093,
    "totalOtherIncomeExpensesNet": 608000,
    "incomeBeforeTax": 31162000,
    "incomeBeforeTaxRatio": 0.5685147684,
    "incomeTaxExpense": 10815000,
    "netIncome": 20347000,
    "netIncomeRatio": 0.3712075603,
    "eps": 0.13,
    "epsdiluted": 0.13,
    "weightedAverageShsOut": 156796000,
    "weightedAverageShsOutDil": 157700000,
    "link": "https://www.sec.gov/Archives/edgar/data/842023/000084202306000028/0000842023-06-000028-index.htm",
    "finalLink": "https://www.sec.gov/Archives/edgar/data/842023/000084202306000028/q306.txt"
  },
  {
    "date": "2005-12-31",
    "symbol": "TECH",
    "reportedCurrency": "USD",
    "cik": "0000842023",
    "fillingDate": "2006-02-08",
    "acceptedDate": "2006-02-08 16:02:30",
    "calendarYear": "2006",
    "period": "Q2",
    "revenue": 48029000,
    "costOfRevenue": 10695000,
    "grossProfit": 37334000,
    "grossProfitRatio": 0.7773220346,
    "researchAndDevelopmentExpenses": 4574000,
    "generalAndAdministrativeExpenses": 7980000,
    "sellingAndMarketingExpenses": 0,
    "sellingGeneralAndAdministrativeExpenses": 7980000,
    "otherExpenses": 0,
    "operatingExpenses": 13046000,
    "costAndExpenses": 23741000,
    "interestIncome": 0,
    "interestExpense": 0,
    "depreciationAndAmortization": 1727000,
    "ebitda": 26015000,
    "ebitdaratio": 0.5416519186,
    "operatingIncome": 24288000,
    "operatingIncomeRatio": 0.5056944763,
    "totalOtherIncomeExpensesNet": 611000,
    "incomeBeforeTax": 24899000,
    "incomeBeforeTaxRatio": 0.518415957,
    "incomeTaxExpense": 8385000,
    "netIncome": 16514000,
    "netIncomeRatio": 0.3438339337,
    "eps": 0.11,
    "epsdiluted": 0.1,
    "weightedAverageShsOut": 155508000,
    "weightedAverageShsOutDil": 159044000,
    "link": "https://www.sec.gov/Archives/edgar/data/842023/000084202306000010/0000842023-06-000010-index.htm",
    "finalLink": "https://www.sec.gov/Archives/edgar/data/842023/000084202306000010/q1205.txt"
  },
  {
    "date": "2005-09-30",
    "symbol": "TECH",
    "reportedCurrency": "USD",
    "cik": "0000842023",
    "fillingDate": "2005-11-09",
    "acceptedDate": "2005-11-09 11:39:13",
    "calendarYear": "2006",
    "period": "Q1",
    "revenue": 47709000,
    "costOfRevenue": 11096000,
    "grossProfit": 36613000,
    "grossProfitRatio": 0.7674233373,
    "researchAndDevelopmentExpenses": 4717000,
    "generalAndAdministrativeExpenses": 6454000,
    "sellingAndMarketingExpenses": 0,
    "sellingGeneralAndAdministrativeExpenses": 6454000,
    "otherExpenses": 0,
    "operatingExpenses": 11663000,
    "costAndExpenses": 22759000,
    "interestIncome": 0,
    "interestExpense": 0,
    "depreciationAndAmortization": 1723000,
    "ebitda": 26673000,
    "ebitdaratio": 0.5590769037,
    "operatingIncome": 24950000,
    "operatingIncomeRatio": 0.5229621245,
    "totalOtherIncomeExpensesNet": 540000,
    "incomeBeforeTax": 25490000,
    "incomeBeforeTaxRatio": 0.5342807437,
    "incomeTaxExpense": 8489000,
    "netIncome": 17001000,
    "netIncomeRatio": 0.3563478589,
    "eps": 0.11,
    "epsdiluted": 0.11,
    "weightedAverageShsOut": 155016000,
    "weightedAverageShsOutDil": 158676000,
    "link": "https://www.sec.gov/Archives/edgar/data/842023/000084202305000051/0000842023-05-000051-index.htm",
    "finalLink": "https://www.sec.gov/Archives/edgar/data/842023/000084202305000051/q905.txt"
  },
  {
    "date": "2005-06-30",
    "symbol": "TECH",
    "reportedCurrency": "USD",
    "cik": "0000842023",
    "fillingDate": "2005-09-12",
    "acceptedDate": "2005-09-12 16:16:31",
    "calendarYear": "2005",
    "period": "Q4",
    "revenue": 47551000,
    "costOfRevenue": 9847000,
    "grossProfit": 37704000,
    "grossProfitRatio": 0.7929170785,
    "researchAndDevelopmentExpenses": 4441000,
    "generalAndAdministrativeExpenses": 6173000,
    "sellingAndMarketingExpenses": 0,
    "sellingGeneralAndAdministrativeExpenses": 6173000,
    "otherExpenses": 0,
    "operatingExpenses": 10919000,
    "costAndExpenses": 20766000,
    "interestIncome": 0,
    "interestExpense": 0,
    "depreciationAndAmortization": 1557000,
    "ebitda": 28342000,
    "ebitdaratio": 0.5960337322,
    "operatingIncome": 26785000,
    "operatingIncomeRatio": 0.5632899413,
    "totalOtherIncomeExpensesNet": 765000,
    "incomeBeforeTax": 27550000,
    "incomeBeforeTaxRatio": 0.5793779311,
    "incomeTaxExpense": 8983000,
    "netIncome": 18567000,
    "netIncomeRatio": 0.3904649744,
    "eps": 0.12,
    "epsdiluted": 0.12,
    "weightedAverageShsOut": 155016000,
    "weightedAverageShsOutDil": 158676000,
    "link": "https://www.sec.gov/Archives/edgar/data/842023/000084202305000038/0000842023-05-000038-index.htm",
    "finalLink": "https://www.sec.gov/Archives/edgar/data/842023/000084202305000038/k10.txt"
  },
  {
    "date": "2005-03-31",
    "symbol": "TECH",
    "reportedCurrency": "USD",
    "cik": "0000842023",
    "fillingDate": "2005-05-09",
    "acceptedDate": "2005-05-09 13:28:55",
    "calendarYear": "2005",
    "period": "Q3",
    "revenue": 47935000,
    "costOfRevenue": 9138000,
    "grossProfit": 38797000,
    "grossProfitRatio": 0.8093668509,
    "researchAndDevelopmentExpenses": 4631000,
    "generalAndAdministrativeExpenses": 6379000,
    "sellingAndMarketingExpenses": 0,
    "sellingGeneralAndAdministrativeExpenses": 6379000,
    "otherExpenses": 0,
    "operatingExpenses": 11315000,
    "costAndExpenses": 20453000,
    "interestIncome": 0,
    "interestExpense": 0,
    "depreciationAndAmortization": 1507000,
    "ebitda": 28989000,
    "ebitdaratio": 0.604756441,
    "operatingIncome": 27482000,
    "operatingIncomeRatio": 0.5733180348,
    "totalOtherIncomeExpensesNet": 422000,
    "incomeBeforeTax": 27904000,
    "incomeBeforeTaxRatio": 0.582121623,
    "incomeTaxExpense": 9465000,
    "netIncome": 18439000,
    "netIncomeRatio": 0.3846667362,
    "eps": 0.11,
    "epsdiluted": 0.11,
    "weightedAverageShsOut": 161692000,
    "weightedAverageShsOutDil": 163584000,
    "link": "https://www.sec.gov/Archives/edgar/data/842023/000084202305000022/0000842023-05-000022-index.htm",
    "finalLink": "https://www.sec.gov/Archives/edgar/data/842023/000084202305000022/q305.txt"
  },
  {
    "date": "2004-12-31",
    "symbol": "TECH",
    "reportedCurrency": "USD",
    "cik": "0000842023",
    "fillingDate": "2005-02-08",
    "acceptedDate": "2005-02-08 16:18:09",
    "calendarYear": "2005",
    "period": "Q2",
    "revenue": 42247000,
    "costOfRevenue": 8941000,
    "grossProfit": 33306000,
    "grossProfitRatio": 0.7883636708,
    "researchAndDevelopmentExpenses": 4619000,
    "generalAndAdministrativeExpenses": 6290000,
    "sellingAndMarketingExpenses": 0,
    "sellingGeneralAndAdministrativeExpenses": 6290000,
    "otherExpenses": 0,
    "operatingExpenses": 11215000,
    "costAndExpenses": 20156000,
    "interestIncome": 0,
    "interestExpense": 0,
    "depreciationAndAmortization": 1525000,
    "ebitda": 23616000,
    "ebitdaratio": 0.5589982721,
    "operatingIncome": 22091000,
    "operatingIncomeRatio": 0.5229010344,
    "totalOtherIncomeExpensesNet": 595000,
    "incomeBeforeTax": 22686000,
    "incomeBeforeTaxRatio": 0.5369848747,
    "incomeTaxExpense": 7752000,
    "netIncome": 14934000,
    "netIncomeRatio": 0.3534925557,
    "eps": 0.0904,
    "epsdiluted": 0.0896,
    "weightedAverageShsOut": 165116000,
    "weightedAverageShsOutDil": 166724000,
    "link": "https://www.sec.gov/Archives/edgar/data/842023/000084202305000010/0000842023-05-000010-index.htm",
    "finalLink": "https://www.sec.gov/Archives/edgar/data/842023/000084202305000010/q1204.txt"
  },
  {
    "date": "2004-09-30",
    "symbol": "TECH",
    "reportedCurrency": "USD",
    "cik": "0000842023",
    "fillingDate": "2004-11-12",
    "acceptedDate": "2004-11-12 15:21:05",
    "calendarYear": "2005",
    "period": "Q1",
    "revenue": 40919000,
    "costOfRevenue": 8887000,
    "grossProfit": 32032000,
    "grossProfitRatio": 0.7828148293,
    "researchAndDevelopmentExpenses": 4688000,
    "generalAndAdministrativeExpenses": 5634000,
    "sellingAndMarketingExpenses": 0,
    "sellingGeneralAndAdministrativeExpenses": 5634000,
    "otherExpenses": 0,
    "operatingExpenses": 10627000,
    "costAndExpenses": 19514000,
    "interestIncome": 0,
    "interestExpense": 0,
    "depreciationAndAmortization": 1519000,
    "ebitda": 22924000,
    "ebitdaratio": 0.5602287446,
    "operatingIncome": 21405000,
    "operatingIncomeRatio": 0.5231066253,
    "totalOtherIncomeExpensesNet": 342000,
    "incomeBeforeTax": 21747000,
    "incomeBeforeTaxRatio": 0.5314646008,
    "incomeTaxExpense": 7555000,
    "netIncome": 14192000,
    "netIncomeRatio": 0.3468315452,
    "eps": 0.0862,
    "epsdiluted": 0.0851,
    "weightedAverageShsOut": 164676000,
    "weightedAverageShsOutDil": 166704000,
    "link": "https://www.sec.gov/Archives/edgar/data/842023/000084202304000049/0000842023-04-000049-index.htm",
    "finalLink": "https://www.sec.gov/Archives/edgar/data/842023/000084202304000049/q0904.txt"
  },
  {
    "date": "2004-06-30",
    "symbol": "TECH",
    "reportedCurrency": "USD",
    "cik": "0000842023",
    "fillingDate": "2004-09-10",
    "acceptedDate": "2004-09-10 16:47:30",
    "calendarYear": "2004",
    "period": "Q4",
    "revenue": 42459000,
    "costOfRevenue": 8837000,
    "grossProfit": 33622000,
    "grossProfitRatio": 0.7918698038,
    "researchAndDevelopmentExpenses": 5278000,
    "generalAndAdministrativeExpenses": 5667000,
    "sellingAndMarketingExpenses": 0,
    "sellingGeneralAndAdministrativeExpenses": 5667000,
    "otherExpenses": 0,
    "operatingExpenses": 11345000,
    "costAndExpenses": 20182000,
    "interestIncome": 0,
    "interestExpense": 0,
    "depreciationAndAmortization": 1499000,
    "ebitda": 23776000,
    "ebitdaratio": 0.5599755058,
    "operatingIncome": 22277000,
    "operatingIncomeRatio": 0.5246708589,
    "totalOtherIncomeExpensesNet": -1046000,
    "incomeBeforeTax": 21231000,
    "incomeBeforeTaxRatio": 0.5000353282,
    "incomeTaxExpense": 7864000,
    "netIncome": 13367000,
    "netIncomeRatio": 0.3148213571,
    "eps": 0.0812,
    "epsdiluted": 0.0802,
    "weightedAverageShsOut": 164676000,
    "weightedAverageShsOutDil": 166704000,
    "link": "https://www.sec.gov/Archives/edgar/data/842023/000084202304000025/0000842023-04-000025-index.htm",
    "finalLink": "https://www.sec.gov/Archives/edgar/data/842023/000084202304000025/k2004.txt"
  },
  {
    "date": "2004-03-31",
    "symbol": "TECH",
    "reportedCurrency": "USD",
    "cik": "0000842023",
    "fillingDate": "2004-05-14",
    "acceptedDate": "2004-05-14 12:32:11",
    "calendarYear": "2004",
    "period": "Q3",
    "revenue": 42541000,
    "costOfRevenue": 8946000,
    "grossProfit": 33595000,
    "grossProfitRatio": 0.7897087516,
    "researchAndDevelopmentExpenses": 5082000,
    "generalAndAdministrativeExpenses": 5456000,
    "sellingAndMarketingExpenses": 0,
    "sellingGeneralAndAdministrativeExpenses": 5456000,
    "otherExpenses": 0,
    "operatingExpenses": 10938000,
    "costAndExpenses": 19884000,
    "interestIncome": 0,
    "interestExpense": 0,
    "depreciationAndAmortization": 1533000,
    "ebitda": 24190000,
    "ebitdaratio": 0.5686279119,
    "operatingIncome": 22657000,
    "operatingIncomeRatio": 0.5325920876,
    "totalOtherIncomeExpensesNet": 271000,
    "incomeBeforeTax": 22928000,
    "incomeBeforeTaxRatio": 0.5389624127,
    "incomeTaxExpense": 8309000,
    "netIncome": 14619000,
    "netIncomeRatio": 0.3436449543,
    "eps": 0.089,
    "epsdiluted": 0.0875,
    "weightedAverageShsOut": 164288000,
    "weightedAverageShsOutDil": 167008000,
    "link": "https://www.sec.gov/Archives/edgar/data/842023/000084202304000013/0000842023-04-000013-index.htm",
    "finalLink": "https://www.sec.gov/Archives/edgar/data/842023/000084202304000013/q304.txt"
  },
  {
    "date": "2003-12-31",
    "symbol": "TECH",
    "reportedCurrency": "USD",
    "cik": "0000842023",
    "fillingDate": "2004-02-13",
    "acceptedDate": "2004-02-13 15:17:18",
    "calendarYear": "2004",
    "period": "Q2",
    "revenue": 38264000,
    "costOfRevenue": 8441000,
    "grossProfit": 29823000,
    "grossProfitRatio": 0.7794010036,
    "researchAndDevelopmentExpenses": 5450000,
    "generalAndAdministrativeExpenses": 5519000,
    "sellingAndMarketingExpenses": 0,
    "sellingGeneralAndAdministrativeExpenses": 5519000,
    "otherExpenses": 0,
    "operatingExpenses": 11368000,
    "costAndExpenses": 19809000,
    "interestIncome": 0,
    "interestExpense": 0,
    "depreciationAndAmortization": 1514000,
    "ebitda": 19969000,
    "ebitdaratio": 0.5218743466,
    "operatingIncome": 18455000,
    "operatingIncomeRatio": 0.4823071294,
    "totalOtherIncomeExpensesNet": 570000,
    "incomeBeforeTax": 19025000,
    "incomeBeforeTaxRatio": 0.4972036379,
    "incomeTaxExpense": 6655000,
    "netIncome": 12370000,
    "netIncomeRatio": 0.323280368,
    "eps": 0.0754,
    "epsdiluted": 0.0742,
    "weightedAverageShsOut": 164140000,
    "weightedAverageShsOutDil": 166612000,
    "link": "https://www.sec.gov/Archives/edgar/data/842023/000084202304000007/0000842023-04-000007-index.htm",
    "finalLink": "https://www.sec.gov/Archives/edgar/data/842023/000084202304000007/q1203.txt"
  },
  {
    "date": "2003-09-30",
    "symbol": "TECH",
    "reportedCurrency": "USD",
    "cik": "0000842023",
    "fillingDate": "2003-11-13",
    "acceptedDate": "2003-11-13 17:23:14",
    "calendarYear": "2004",
    "period": "Q1",
    "revenue": 37993000,
    "costOfRevenue": 8663000,
    "grossProfit": 29330000,
    "grossProfitRatio": 0.7719843129,
    "researchAndDevelopmentExpenses": 4963000,
    "generalAndAdministrativeExpenses": 5083000,
    "sellingAndMarketingExpenses": 0,
    "sellingGeneralAndAdministrativeExpenses": 5083000,
    "otherExpenses": 0,
    "operatingExpenses": 10446000,
    "costAndExpenses": 19109000,
    "interestIncome": 0,
    "interestExpense": 0,
    "depreciationAndAmortization": 1494000,
    "ebitda": 20378000,
    "ebitdaratio": 0.5363619614,
    "operatingIncome": 18884000,
    "operatingIncomeRatio": 0.4970389282,
    "totalOtherIncomeExpensesNet": 473000,
    "incomeBeforeTax": 19357000,
    "incomeBeforeTaxRatio": 0.50948859,
    "incomeTaxExpense": 6785000,
    "netIncome": 12572000,
    "netIncomeRatio": 0.3309030611,
    "eps": 0.0767,
    "epsdiluted": 0.0756,
    "weightedAverageShsOut": 163860000,
    "weightedAverageShsOutDil": 166400000,
    "link": "https://www.sec.gov/Archives/edgar/data/842023/000084202303000041/0000842023-03-000041-index.htm",
    "finalLink": "https://www.sec.gov/Archives/edgar/data/842023/000084202303000041/q903.txt"
  },
  {
    "date": "2003-06-30",
    "symbol": "TECH",
    "reportedCurrency": "USD",
    "cik": "0000842023",
    "fillingDate": "2003-09-26",
    "acceptedDate": "2003-09-26 10:37:58",
    "calendarYear": "2003",
    "period": "Q4",
    "revenue": 39425932,
    "costOfRevenue": 9579002,
    "grossProfit": 29846930,
    "grossProfitRatio": 0.7570380327,
    "researchAndDevelopmentExpenses": 5483826,
    "generalAndAdministrativeExpenses": 4818843,
    "sellingAndMarketingExpenses": 0,
    "sellingGeneralAndAdministrativeExpenses": 4818843,
    "otherExpenses": 0,
    "operatingExpenses": 10787481,
    "costAndExpenses": 20366483,
    "interestIncome": 0,
    "interestExpense": 0,
    "depreciationAndAmortization": 1583372,
    "ebitda": 20642821,
    "ebitdaratio": 0.5235848578,
    "operatingIncome": 19059449,
    "operatingIncomeRatio": 0.4834241839,
    "totalOtherIncomeExpensesNet": 483099,
    "incomeBeforeTax": 19542548,
    "incomeBeforeTaxRatio": 0.495677515,
    "incomeTaxExpense": 6866000,
    "netIncome": 12676548,
    "netIncomeRatio": 0.3215281759,
    "eps": 0.0774,
    "epsdiluted": 0.0762,
    "weightedAverageShsOut": 163860000,
    "weightedAverageShsOutDil": 166400000,
    "link": "https://www.sec.gov/Archives/edgar/data/842023/000084202303000028/0000842023-03-000028-index.htm",
    "finalLink": "https://www.sec.gov/Archives/edgar/data/842023/000084202303000028/k2003.txt"
  },
  {
    "date": "2003-03-31",
    "symbol": "TECH",
    "reportedCurrency": "USD",
    "cik": "0000842023",
    "fillingDate": "2003-05-13",
    "acceptedDate": "2003-05-13 11:03:03",
    "calendarYear": "2003",
    "period": "Q3",
    "revenue": 37736518,
    "costOfRevenue": 8756163,
    "grossProfit": 28980355,
    "grossProfitRatio": 0.7679657938,
    "researchAndDevelopmentExpenses": 5285180,
    "generalAndAdministrativeExpenses": 4705923,
    "sellingAndMarketingExpenses": 0,
    "sellingGeneralAndAdministrativeExpenses": 4705923,
    "otherExpenses": 0,
    "operatingExpenses": 10475916,
    "costAndExpenses": 19232079,
    "interestIncome": 0,
    "interestExpense": 0,
    "depreciationAndAmortization": 1635934,
    "ebitda": 20140373,
    "ebitdaratio": 0.5337104234,
    "operatingIncome": 18504439,
    "operatingIncomeRatio": 0.4903589409,
    "totalOtherIncomeExpensesNet": 613099,
    "incomeBeforeTax": 19117538,
    "incomeBeforeTaxRatio": 0.5066057764,
    "incomeTaxExpense": 6724000,
    "netIncome": 12393538,
    "netIncomeRatio": 0.328422935,
    "eps": 0.075,
    "epsdiluted": 0.0738,
    "weightedAverageShsOut": 165186480,
    "weightedAverageShsOutDil": 167962684,
    "link": "https://www.sec.gov/Archives/edgar/data/842023/000084202303000011/0000842023-03-000011-index.htm",
    "finalLink": "https://www.sec.gov/Archives/edgar/data/842023/000084202303000011/q303.txt"
  },
  {
    "date": "2002-12-31",
    "symbol": "TECH",
    "reportedCurrency": "USD",
    "cik": "0000842023",
    "fillingDate": "2003-02-13",
    "acceptedDate": "2003-02-13 10:59:49",
    "calendarYear": "2003",
    "period": "Q2",
    "revenue": 33300214,
    "costOfRevenue": 8370754,
    "grossProfit": 24929460,
    "grossProfitRatio": 0.7486276214,
    "researchAndDevelopmentExpenses": 4979240,
    "generalAndAdministrativeExpenses": 4901125,
    "sellingAndMarketingExpenses": 0,
    "sellingGeneralAndAdministrativeExpenses": 4901125,
    "otherExpenses": 0,
    "operatingExpenses": 10365177,
    "costAndExpenses": 18735931,
    "interestIncome": 0,
    "interestExpense": 0,
    "depreciationAndAmortization": 1575905,
    "ebitda": 16140188,
    "ebitdaratio": 0.4846872155,
    "operatingIncome": 14564283,
    "operatingIncomeRatio": 0.4373630452,
    "totalOtherIncomeExpensesNet": 424010,
    "incomeBeforeTax": 14988293,
    "incomeBeforeTaxRatio": 0.4500959964,
    "incomeTaxExpense": 5107000,
    "netIncome": 9881293,
    "netIncomeRatio": 0.2967336186,
    "eps": 0.0596,
    "epsdiluted": 0.0584,
    "weightedAverageShsOut": 165779232,
    "weightedAverageShsOutDil": 169262316,
    "link": "https://www.sec.gov/Archives/edgar/data/842023/000084202303000005/0000842023-03-000005-index.htm",
    "finalLink": "https://www.sec.gov/Archives/edgar/data/842023/000084202303000005/q1202.txt"
  },
  {
    "date": "2002-09-30",
    "symbol": "TECH",
    "reportedCurrency": "USD",
    "cik": "0000842023",
    "fillingDate": "2002-11-13",
    "acceptedDate": "2002-11-13 17:20:04",
    "calendarYear": "2003",
    "period": "Q1",
    "revenue": 34548236,
    "costOfRevenue": 8690255,
    "grossProfit": 25857981,
    "grossProfitRatio": 0.7484602398,
    "researchAndDevelopmentExpenses": 4833097,
    "generalAndAdministrativeExpenses": 5100907,
    "sellingAndMarketingExpenses": 0,
    "sellingGeneralAndAdministrativeExpenses": 5100907,
    "otherExpenses": 0,
    "operatingExpenses": 10418817,
    "costAndExpenses": 19109072,
    "interestIncome": 0,
    "interestExpense": 0,
    "depreciationAndAmortization": 1557636,
    "ebitda": 16996800,
    "ebitdaratio": 0.49197302,
    "operatingIncome": 15439164,
    "operatingIncomeRatio": 0.4468871869,
    "totalOtherIncomeExpensesNet": 467750,
    "incomeBeforeTax": 15906914,
    "incomeBeforeTaxRatio": 0.4604262284,
    "incomeTaxExpense": 5462000,
    "netIncome": 10444914,
    "netIncomeRatio": 0.3023284315,
    "eps": 0.0631,
    "epsdiluted": 0.0618,
    "weightedAverageShsOut": 165453656,
    "weightedAverageShsOutDil": 169142072,
    "link": "https://www.sec.gov/Archives/edgar/data/842023/000084202302000013/0000842023-02-000013-index.htm",
    "finalLink": "https://www.sec.gov/Archives/edgar/data/842023/000084202302000013/q902.txt"
  },
  {
    "date": "2002-06-30",
    "symbol": "TECH",
    "reportedCurrency": "USD",
    "cik": "0000842023",
    "fillingDate": "2002-09-27",
    "acceptedDate": "2002-09-27 10:13:12",
    "calendarYear": "2002",
    "period": "Q4",
    "revenue": 35635542,
    "costOfRevenue": 8539454,
    "grossProfit": 27096088,
    "grossProfitRatio": 0.7603669393,
    "researchAndDevelopmentExpenses": 4729203,
    "generalAndAdministrativeExpenses": 5657697,
    "sellingAndMarketingExpenses": 0,
    "sellingGeneralAndAdministrativeExpenses": 5657697,
    "otherExpenses": 0,
    "operatingExpenses": 12524211,
    "costAndExpenses": 21063665,
    "interestIncome": 0,
    "interestExpense": 0,
    "depreciationAndAmortization": 3248252,
    "ebitda": 17820129,
    "ebitdaratio": 0.5000661699,
    "operatingIncome": 14571877,
    "operatingIncomeRatio": 0.4089141397,
    "totalOtherIncomeExpensesNet": -16848536,
    "incomeBeforeTax": -2276659,
    "incomeBeforeTaxRatio": -0.0638873123,
    "incomeTaxExpense": -1973000,
    "netIncome": -303659,
    "netIncomeRatio": -0.0085212398,
    "eps": -0.0018,
    "epsdiluted": -0.0018,
    "weightedAverageShsOut": 165453656,
    "weightedAverageShsOutDil": 169142072,
    "link": "https://www.sec.gov/Archives/edgar/data/842023/000084202302000011/0000842023-02-000011-index.htm",
    "finalLink": "https://www.sec.gov/Archives/edgar/data/842023/000084202302000011/k02.txt"
  },
  {
    "date": "2002-03-31",
    "symbol": "TECH",
    "reportedCurrency": "USD",
    "cik": "0000842023",
    "fillingDate": "2002-05-10",
    "acceptedDate": "2002-05-10 13:20:02",
    "calendarYear": "2002",
    "period": "Q3",
    "revenue": 34285276,
    "costOfRevenue": 8392165,
    "grossProfit": 25893111,
    "grossProfitRatio": 0.7552253918,
    "researchAndDevelopmentExpenses": 4442057,
    "generalAndAdministrativeExpenses": 4526706,
    "sellingAndMarketingExpenses": 0,
    "sellingGeneralAndAdministrativeExpenses": 4526706,
    "otherExpenses": 0,
    "operatingExpenses": 11106075,
    "costAndExpenses": 19498240,
    "interestIncome": 0,
    "interestExpense": 0,
    "depreciationAndAmortization": 3170497,
    "ebitda": 17957533,
    "ebitdaratio": 0.5237680747,
    "operatingIncome": 14787036,
    "operatingIncomeRatio": 0.4312940634,
    "totalOtherIncomeExpensesNet": 562876,
    "incomeBeforeTax": 15349912,
    "incomeBeforeTaxRatio": 0.4477114899,
    "incomeTaxExpense": 4776000,
    "netIncome": 10573912,
    "netIncomeRatio": 0.3084097092,
    "eps": 0.0636,
    "epsdiluted": 0.0622,
    "weightedAverageShsOut": 166176440,
    "weightedAverageShsOutDil": 170099968,
    "link": "https://www.sec.gov/Archives/edgar/data/842023/000084202302000007/0000842023-02-000007-index.htm",
    "finalLink": "https://www.sec.gov/Archives/edgar/data/842023/000084202302000007/q302.txt"
  },
  {
    "date": "2001-12-31",
    "symbol": "TECH",
    "reportedCurrency": "USD",
    "cik": "0000842023",
    "fillingDate": "2002-01-29",
    "acceptedDate": "2002-01-29 00:00:00",
    "calendarYear": "2002",
    "period": "Q2",
    "revenue": 31136911,
    "costOfRevenue": 8028285,
    "grossProfit": 23108626,
    "grossProfitRatio": 0.7421618028,
    "researchAndDevelopmentExpenses": 4309273,
    "generalAndAdministrativeExpenses": 4833875,
    "sellingAndMarketingExpenses": 0,
    "sellingGeneralAndAdministrativeExpenses": 4833875,
    "otherExpenses": 0,
    "operatingExpenses": 11280459,
    "costAndExpenses": 19308744,
    "interestIncome": 0,
    "interestExpense": 0,
    "depreciationAndAmortization": 3141146,
    "ebitda": 14969313,
    "ebitdaratio": 0.4807578054,
    "operatingIncome": 11828167,
    "operatingIncomeRatio": 0.3798760577,
    "totalOtherIncomeExpensesNet": 578468,
    "incomeBeforeTax": 12406635,
    "incomeBeforeTaxRatio": 0.3984542654,
    "incomeTaxExpense": 3972000,
    "netIncome": 8434635,
    "netIncomeRatio": 0.2708886248,
    "eps": 0.0508,
    "epsdiluted": 0.0496,
    "weightedAverageShsOut": 165946428,
    "weightedAverageShsOutDil": 170163616,
    "link": "https://www.sec.gov/Archives/edgar/data/842023/000084202302000004/0000842023-02-000004-index.htm",
    "finalLink": "https://www.sec.gov/Archives/edgar/data/842023/000084202302000004/q1201.txt"
  },
  {
    "date": "2001-09-30",
    "symbol": "TECH",
    "reportedCurrency": "USD",
    "cik": "0000842023",
    "fillingDate": "2001-11-13",
    "acceptedDate": "2001-11-13 00:00:00",
    "calendarYear": "2002",
    "period": "Q1",
    "revenue": 29842666,
    "costOfRevenue": 7547942,
    "grossProfit": 22294724,
    "grossProfitRatio": 0.7470754791,
    "researchAndDevelopmentExpenses": 3989734,
    "generalAndAdministrativeExpenses": 4535917,
    "sellingAndMarketingExpenses": 0,
    "sellingGeneralAndAdministrativeExpenses": 4535917,
    "otherExpenses": 0,
    "operatingExpenses": 10662963,
    "costAndExpenses": 18210905,
    "interestIncome": 0,
    "interestExpense": 0,
    "depreciationAndAmortization": 3128020,
    "ebitda": 14759781,
    "ebitdaratio": 0.4945865426,
    "operatingIncome": 11631761,
    "operatingIncomeRatio": 0.3897694998,
    "totalOtherIncomeExpensesNet": 624020,
    "incomeBeforeTax": 12255781,
    "incomeBeforeTaxRatio": 0.41067983,
    "incomeTaxExpense": 3831000,
    "netIncome": 8424781,
    "netIncomeRatio": 0.2823065808,
    "eps": 0.0508,
    "epsdiluted": 0.0495,
    "weightedAverageShsOut": 165741516,
    "weightedAverageShsOutDil": 170125552,
    "link": "https://www.sec.gov/Archives/edgar/data/842023/000084202301500017/0000842023-01-500017-index.htm",
    "finalLink": "https://www.sec.gov/Archives/edgar/data/842023/000084202301500017/q901.txt"
  },
  {
    "date": "2001-06-30",
    "symbol": "TECH",
    "reportedCurrency": "USD",
    "cik": "0000842023",
    "fillingDate": "2001-09-27",
    "acceptedDate": "2001-09-27 00:00:00",
    "calendarYear": "2001",
    "period": "Q4",
    "revenue": 30705444,
    "costOfRevenue": 16795374,
    "grossProfit": 13910070,
    "grossProfitRatio": 0.4530164097,
    "researchAndDevelopmentExpenses": 3801908,
    "generalAndAdministrativeExpenses": 4533682,
    "sellingAndMarketingExpenses": 0,
    "sellingGeneralAndAdministrativeExpenses": 4533682,
    "otherExpenses": 0,
    "operatingExpenses": 1123474,
    "costAndExpenses": 17918848,
    "interestIncome": 0,
    "interestExpense": 0,
    "depreciationAndAmortization": 3303018,
    "ebitda": 16089614,
    "ebitdaratio": 0.5239987411,
    "operatingIncome": 22221026,
    "operatingIncomeRatio": 0.7236835917,
    "totalOtherIncomeExpensesNet": -8814722,
    "incomeBeforeTax": 13406304,
    "incomeBeforeTaxRatio": 0.4366100031,
    "incomeTaxExpense": 4011000,
    "netIncome": 9395304,
    "netIncomeRatio": 0.3059817015,
    "eps": 0.0567,
    "epsdiluted": 0.0552,
    "weightedAverageShsOut": 165741516,
    "weightedAverageShsOutDil": 170125552,
    "link": "https://www.sec.gov/Archives/edgar/data/842023/000084202301500014/0000842023-01-500014-index.htm",
    "finalLink": "https://www.sec.gov/Archives/edgar/data/842023/000084202301500014/k601.txt"
  },
  {
    "date": "2001-03-31",
    "symbol": "TECH",
    "reportedCurrency": "USD",
    "cik": "0000842023",
    "fillingDate": "2001-05-14",
    "acceptedDate": "2001-05-14 00:00:00",
    "calendarYear": "2001",
    "period": "Q3",
    "revenue": 30240889,
    "costOfRevenue": 4332632,
    "grossProfit": 25908257,
    "grossProfitRatio": 0.8567293442,
    "researchAndDevelopmentExpenses": 3857116,
    "generalAndAdministrativeExpenses": 4551285,
    "sellingAndMarketingExpenses": 0,
    "sellingGeneralAndAdministrativeExpenses": 4551285,
    "otherExpenses": 0,
    "operatingExpenses": 13790877,
    "costAndExpenses": 18123509,
    "interestIncome": 0,
    "interestExpense": 0,
    "depreciationAndAmortization": 3160163,
    "ebitda": 17499856,
    "ebitdaratio": 0.5786819296,
    "operatingIncome": 8957217,
    "operatingIncomeRatio": 0.2961955583,
    "totalOtherIncomeExpensesNet": 3726295,
    "incomeBeforeTax": 12683512,
    "incomeBeforeTaxRatio": 0.4194159768,
    "incomeTaxExpense": 2519000,
    "netIncome": 10164512,
    "netIncomeRatio": 0.3361181611,
    "eps": 0.0613,
    "epsdiluted": 0.0597,
    "weightedAverageShsOut": 165808436,
    "weightedAverageShsOutDil": 170121532,
    "link": "https://www.sec.gov/Archives/edgar/data/842023/000084202301500009/0000842023-01-500009-index.htm",
    "finalLink": "https://www.sec.gov/Archives/edgar/data/842023/000084202301500009/q301.txt"
  },
  {
    "date": "2000-12-31",
    "symbol": "TECH",
    "reportedCurrency": "USD",
    "cik": "0000842023",
    "fillingDate": "2001-02-13",
    "acceptedDate": "2001-02-13 00:00:00",
    "calendarYear": "2001",
    "period": "Q2",
    "revenue": 26688666,
    "costOfRevenue": 5835674,
    "grossProfit": 20852992,
    "grossProfitRatio": 0.7813426119,
    "researchAndDevelopmentExpenses": 3594500,
    "generalAndAdministrativeExpenses": 4154722,
    "sellingAndMarketingExpenses": 0,
    "sellingGeneralAndAdministrativeExpenses": 4154722,
    "otherExpenses": 0,
    "operatingExpenses": 10902839,
    "costAndExpenses": 16738513,
    "interestIncome": 0,
    "interestExpense": 0,
    "depreciationAndAmortization": 3153617,
    "ebitda": 13103770,
    "ebitdaratio": 0.4909863236,
    "operatingIncome": 9950153,
    "operatingIncomeRatio": 0.3728231677,
    "totalOtherIncomeExpensesNet": 485357,
    "incomeBeforeTax": 10435510,
    "incomeBeforeTaxRatio": 0.3910090523,
    "incomeTaxExpense": 3453000,
    "netIncome": 6982510,
    "netIncomeRatio": 0.2616282882,
    "eps": 0.0421,
    "epsdiluted": 0.0407,
    "weightedAverageShsOut": 165829076,
    "weightedAverageShsOutDil": 171361100,
    "link": "https://www.sec.gov/Archives/edgar/data/842023/000084202301500004/0000842023-01-500004-index.htm",
    "finalLink": "https://www.sec.gov/Archives/edgar/data/842023/000084202301500004/q1200.txt"
  },
  {
    "date": "2000-09-30",
    "symbol": "TECH",
    "reportedCurrency": "USD",
    "cik": "0000842023",
    "fillingDate": "2000-11-14",
    "acceptedDate": "2000-11-14 00:00:00",
    "calendarYear": "2001",
    "period": "Q1",
    "revenue": 27721563,
    "costOfRevenue": 5905853,
    "grossProfit": 21815710,
    "grossProfitRatio": 0.7869581524,
    "researchAndDevelopmentExpenses": 3268709,
    "generalAndAdministrativeExpenses": 4474526,
    "sellingAndMarketingExpenses": 0,
    "sellingGeneralAndAdministrativeExpenses": 4474526,
    "otherExpenses": 0,
    "operatingExpenses": 10863885,
    "costAndExpenses": 16769738,
    "interestIncome": 0,
    "interestExpense": 0,
    "depreciationAndAmortization": 3120650,
    "ebitda": 14072475,
    "ebitdaratio": 0.5076364201,
    "operatingIncome": 10951825,
    "operatingIncomeRatio": 0.3950652061,
    "totalOtherIncomeExpensesNet": 331225,
    "incomeBeforeTax": 11283050,
    "incomeBeforeTaxRatio": 0.4070134862,
    "incomeTaxExpense": 3780000,
    "netIncome": 7503050,
    "netIncomeRatio": 0.2706575383,
    "eps": 0.0453,
    "epsdiluted": 0.0439,
    "weightedAverageShsOut": 165659664,
    "weightedAverageShsOutDil": 171039920,
    "link": "https://www.sec.gov/Archives/edgar/data/842023/000084202300000006/0000842023-00-000006-index.htm",
    "finalLink": "https://www.sec.gov/Archives/edgar/data/842023/000084202300000006/0000842023-00-000006-0001.txt"
  },
  {
    "date": "2000-06-30",
    "symbol": "TECH",
    "reportedCurrency": "USD",
    "cik": "0000842023",
    "fillingDate": "2000-09-27",
    "acceptedDate": "2000-09-27 00:00:00",
    "calendarYear": "2000",
    "period": "Q4",
    "revenue": 27313357,
    "costOfRevenue": 5338463,
    "grossProfit": 21974894,
    "grossProfitRatio": 0.8045475333,
    "researchAndDevelopmentExpenses": 2878047,
    "generalAndAdministrativeExpenses": 3829655,
    "sellingAndMarketingExpenses": 0,
    "sellingGeneralAndAdministrativeExpenses": 3829655,
    "otherExpenses": 0,
    "operatingExpenses": 10069766,
    "costAndExpenses": 15408229,
    "interestIncome": 0,
    "interestExpense": 0,
    "depreciationAndAmortization": 3362064,
    "ebitda": 15267192,
    "ebitdaratio": 0.5589643192,
    "operatingIncome": 11905128,
    "operatingIncomeRatio": 0.4358720168,
    "totalOtherIncomeExpensesNet": 204829,
    "incomeBeforeTax": 12109957,
    "incomeBeforeTaxRatio": 0.4433712414,
    "incomeTaxExpense": 3589000,
    "netIncome": 8520957,
    "netIncomeRatio": 0.3119703301,
    "eps": 0.0514,
    "epsdiluted": 0.0498,
    "weightedAverageShsOut": 165659664,
    "weightedAverageShsOutDil": 171039920,
    "link": "https://www.sec.gov/Archives/edgar/data/842023/000084202300000004/0000842023-00-000004-index.htm",
    "finalLink": "https://www.sec.gov/Archives/edgar/data/842023/000084202300000004/0000842023-00-000004-0001.txt"
  },
  {
    "date": "2000-03-31",
    "symbol": "TECH",
    "reportedCurrency": "USD",
    "cik": "0000842023",
    "fillingDate": "2000-05-16",
    "acceptedDate": "2000-05-16 00:00:00",
    "calendarYear": "2000",
    "period": "Q3",
    "revenue": 26776906,
    "costOfRevenue": 6382933,
    "grossProfit": 20393973,
    "grossProfitRatio": 0.7616254469,
    "researchAndDevelopmentExpenses": 2468439,
    "generalAndAdministrativeExpenses": 4356323,
    "sellingAndMarketingExpenses": 0,
    "sellingGeneralAndAdministrativeExpenses": 4356323,
    "otherExpenses": 0,
    "operatingExpenses": 9132075,
    "costAndExpenses": 15515008,
    "interestIncome": 0,
    "interestExpense": 0,
    "depreciationAndAmortization": 3189286,
    "ebitda": 14451184,
    "ebitdaratio": 0.5396883419,
    "operatingIncome": 11261898,
    "operatingIncomeRatio": 0.4205824975,
    "totalOtherIncomeExpensesNet": 64640,
    "incomeBeforeTax": 11326538,
    "incomeBeforeTaxRatio": 0.422996518,
    "incomeTaxExpense": 3677000,
    "netIncome": 7649538,
    "netIncomeRatio": 0.2856766947,
    "eps": 0.0469,
    "epsdiluted": 0.045,
    "weightedAverageShsOut": 162946384,
    "weightedAverageShsOutDil": 169887960,
    "link": "https://www.sec.gov/Archives/edgar/data/842023/000084202300000002/0000842023-00-000002-index.htm",
    "finalLink": "https://www.sec.gov/Archives/edgar/data/842023/000084202300000002/"
  },
  {
    "date": "1999-12-31",
    "symbol": "TECH",
    "reportedCurrency": "USD",
    "cik": "0000842023",
    "fillingDate": "2000-02-11",
    "acceptedDate": "2000-02-11 00:00:00",
    "calendarYear": "2000",
    "period": "Q2",
    "revenue": 25100000,
    "costOfRevenue": 6300000,
    "grossProfit": 18800000,
    "grossProfitRatio": 0.7490039841,
    "researchAndDevelopmentExpenses": 2700000,
    "generalAndAdministrativeExpenses": 4700000,
    "sellingAndMarketingExpenses": 0,
    "sellingGeneralAndAdministrativeExpenses": 4700000,
    "otherExpenses": 0,
    "operatingExpenses": 10400000,
    "costAndExpenses": 16700000,
    "interestIncome": 0,
    "interestExpense": 0,
    "depreciationAndAmortization": 3000000,
    "ebitda": 11400000,
    "ebitdaratio": 0.4541832669,
    "operatingIncome": 8400000,
    "operatingIncomeRatio": 0.3346613546,
    "totalOtherIncomeExpensesNet": 0,
    "incomeBeforeTax": 8400000,
    "incomeBeforeTaxRatio": 0.3346613546,
    "incomeTaxExpense": 2800000,
    "netIncome": 5600000,
    "netIncomeRatio": 0.2231075697,
    "eps": 0.0347,
    "epsdiluted": 0.0332,
    "weightedAverageShsOut": 161412504,
    "weightedAverageShsOutDil": 168484368,
    "link": "https://www.sec.gov/Archives/edgar/data/842023/000084202300000001/0000842023-00-000001-index.htm",
    "finalLink": "https://www.sec.gov/Archives/edgar/data/842023/000084202300000001/"
  },
  {
    "date": "1999-09-30",
    "symbol": "TECH",
    "reportedCurrency": "USD",
    "cik": "0000842023",
    "fillingDate": "1999-11-15",
    "acceptedDate": "1999-11-15 00:00:00",
    "calendarYear": "2000",
    "period": "Q1",
    "revenue": 24600000,
    "costOfRevenue": 6200000,
    "grossProfit": 18400000,
    "grossProfitRatio": 0.7479674797,
    "researchAndDevelopmentExpenses": 3200000,
    "generalAndAdministrativeExpenses": 4400000,
    "sellingAndMarketingExpenses": 0,
    "sellingGeneralAndAdministrativeExpenses": 4400000,
    "otherExpenses": 0,
    "operatingExpenses": 10700000,
    "costAndExpenses": 16900000,
    "interestIncome": 0,
    "interestExpense": 0,
    "depreciationAndAmortization": 3100000,
    "ebitda": 10800000,
    "ebitdaratio": 0.4390243902,
    "operatingIncome": 7700000,
    "operatingIncomeRatio": 0.3130081301,
    "totalOtherIncomeExpensesNet": -221053,
    "incomeBeforeTax": 7500000,
    "incomeBeforeTaxRatio": 0.3048780488,
    "incomeTaxExpense": 2700000,
    "netIncome": 4800000,
    "netIncomeRatio": 0.1951219512,
    "eps": 0.03,
    "epsdiluted": 0.03,
    "weightedAverageShsOut": 160000000,
    "weightedAverageShsOutDil": 160000000,
    "link": "https://www.sec.gov/Archives/edgar/data/842023/000084202399000005/0000842023-99-000005-index.htm",
    "finalLink": "https://www.sec.gov/Archives/edgar/data/842023/000084202399000005/"
  },
  {
    "date": "1999-06-30",
    "symbol": "TECH",
    "reportedCurrency": "USD",
    "cik": "0000842023",
    "fillingDate": "1999-09-27",
    "acceptedDate": "1999-09-27 00:00:00",
    "calendarYear": "1999",
    "period": "Q4",
    "revenue": 24300000,
    "costOfRevenue": 6600000,
    "grossProfit": 17700000,
    "grossProfitRatio": 0.7283950617,
    "researchAndDevelopmentExpenses": 3300000,
    "generalAndAdministrativeExpenses": 3700000,
    "sellingAndMarketingExpenses": 0,
    "sellingGeneralAndAdministrativeExpenses": 3700000,
    "otherExpenses": 0,
    "operatingExpenses": 10100000,
    "costAndExpenses": 16700000,
    "interestIncome": 0,
    "interestExpense": 0,
    "depreciationAndAmortization": 3100000,
    "ebitda": 10700000,
    "ebitdaratio": 0.4403292181,
    "operatingIncome": 7600000,
    "operatingIncomeRatio": 0.3127572016,
    "totalOtherIncomeExpensesNet": 400000,
    "incomeBeforeTax": 8000000,
    "incomeBeforeTaxRatio": 0.329218107,
    "incomeTaxExpense": 2900000,
    "netIncome": 5100000,
    "netIncomeRatio": 0.2098765432,
    "eps": 0.0319,
    "epsdiluted": 0.0319,
    "weightedAverageShsOut": 160000000,
    "weightedAverageShsOutDil": 160000000,
    "link": "https://www.sec.gov/Archives/edgar/data/842023/000084202399000004/0000842023-99-000004-index.htm",
    "finalLink": "https://www.sec.gov/Archives/edgar/data/842023/000084202399000004/"
  },
  {
    "date": "1999-03-31",
    "symbol": "TECH",
    "reportedCurrency": "USD",
    "cik": "0000842023",
    "fillingDate": "1999-05-14",
    "acceptedDate": "1999-05-14 00:00:00",
    "calendarYear": "1999",
    "period": "Q3",
    "revenue": 23800000,
    "costOfRevenue": 6700000,
    "grossProfit": 17100000,
    "grossProfitRatio": 0.718487395,
    "researchAndDevelopmentExpenses": 3000000,
    "generalAndAdministrativeExpenses": 4300000,
    "sellingAndMarketingExpenses": 0,
    "sellingGeneralAndAdministrativeExpenses": 4300000,
    "otherExpenses": 0,
    "operatingExpenses": 10200000,
    "costAndExpenses": 16900000,
    "interestIncome": 0,
    "interestExpense": 0,
    "depreciationAndAmortization": 2900000,
    "ebitda": 9800000,
    "ebitdaratio": 0.4117647059,
    "operatingIncome": 6900000,
    "operatingIncomeRatio": 0.2899159664,
    "totalOtherIncomeExpensesNet": 200000,
    "incomeBeforeTax": 7100000,
    "incomeBeforeTaxRatio": 0.2983193277,
    "incomeTaxExpense": 2600000,
    "netIncome": 4500000,
    "netIncomeRatio": 0.1890756303,
    "eps": 0.03,
    "epsdiluted": 0.0275,
    "weightedAverageShsOut": 150000000,
    "weightedAverageShsOutDil": 163636364,
    "link": "https://www.sec.gov/Archives/edgar/data/842023/000084202399000003/0000842023-99-000003-index.htm",
    "finalLink": "https://www.sec.gov/Archives/edgar/data/842023/"
  },
  {
    "date": "1998-12-31",
    "symbol": "TECH",
    "reportedCurrency": "USD",
    "cik": "0000842023",
    "fillingDate": "1999-02-12",
    "acceptedDate": "1999-02-12 00:00:00",
    "calendarYear": "1999",
    "period": "Q2",
    "revenue": 21500000,
    "costOfRevenue": 5600000,
    "grossProfit": 15900000,
    "grossProfitRatio": 0.7395348837,
    "researchAndDevelopmentExpenses": 2900000,
    "generalAndAdministrativeExpenses": 4500000,
    "sellingAndMarketingExpenses": 0,
    "sellingGeneralAndAdministrativeExpenses": 4500000,
    "otherExpenses": 0,
    "operatingExpenses": 10400000,
    "costAndExpenses": 16000000,
    "interestIncome": 0,
    "interestExpense": 0,
    "depreciationAndAmortization": 3000000,
    "ebitda": 8500000,
    "ebitdaratio": 0.3953488372,
    "operatingIncome": 5500000,
    "operatingIncomeRatio": 0.2558139535,
    "totalOtherIncomeExpensesNet": 200000,
    "incomeBeforeTax": 5700000,
    "incomeBeforeTaxRatio": 0.2651162791,
    "incomeTaxExpense": 2100000,
    "netIncome": 3600000,
    "netIncomeRatio": 0.1674418605,
    "eps": 0.0225,
    "epsdiluted": 0.0225,
    "weightedAverageShsOut": 160000000,
    "weightedAverageShsOutDil": 160000000,
    "link": "https://www.sec.gov/Archives/edgar/data/842023/000084202399000001/0000842023-99-000001-index.htm",
    "finalLink": "https://www.sec.gov/Archives/edgar/data/842023/"
  },
  {
    "date": "1998-09-30",
    "symbol": "TECH",
    "reportedCurrency": "USD",
    "cik": "0000842023",
    "fillingDate": "1998-11-13",
    "acceptedDate": "1998-11-13 00:00:00",
    "calendarYear": "1999",
    "period": "Q1",
    "revenue": 21300000,
    "costOfRevenue": 6100000,
    "grossProfit": 15200000,
    "grossProfitRatio": 0.7136150235,
    "researchAndDevelopmentExpenses": 2800000,
    "generalAndAdministrativeExpenses": 4400000,
    "sellingAndMarketingExpenses": 0,
    "sellingGeneralAndAdministrativeExpenses": 4400000,
    "otherExpenses": 0,
    "operatingExpenses": 10100000,
    "costAndExpenses": 16200000,
    "interestIncome": 0,
    "interestExpense": 0,
    "depreciationAndAmortization": 2900000,
    "ebitda": 8000000,
    "ebitdaratio": 0.3755868545,
    "operatingIncome": 5100000,
    "operatingIncomeRatio": 0.2394366197,
    "totalOtherIncomeExpensesNet": 200000,
    "incomeBeforeTax": 5300000,
    "incomeBeforeTaxRatio": 0.2488262911,
    "incomeTaxExpense": 1800000,
    "netIncome": 3500000,
    "netIncomeRatio": 0.1643192488,
    "eps": 0.0225,
    "epsdiluted": 0.0225,
    "weightedAverageShsOut": 155555556,
    "weightedAverageShsOutDil": 155555556,
    "link": "https://www.sec.gov/Archives/edgar/data/842023/000084202398000006/0000842023-98-000006-index.htm",
    "finalLink": "https://www.sec.gov/Archives/edgar/data/842023/"
  },
  {
    "date": "1998-06-30",
    "symbol": "TECH",
    "reportedCurrency": "USD",
    "cik": "0000842023",
    "fillingDate": "1998-09-14",
    "acceptedDate": "1998-09-14 00:00:00",
    "calendarYear": "1998",
    "period": "Q4",
    "revenue": 18600000,
    "costOfRevenue": 4500000,
    "grossProfit": 14100000,
    "grossProfitRatio": 0.7580645161,
    "researchAndDevelopmentExpenses": 2900000,
    "generalAndAdministrativeExpenses": 3800000,
    "sellingAndMarketingExpenses": 0,
    "sellingGeneralAndAdministrativeExpenses": 3800000,
    "otherExpenses": 0,
    "operatingExpenses": 7300000,
    "costAndExpenses": 11800000,
    "interestIncome": 0,
    "interestExpense": 0,
    "depreciationAndAmortization": 600000,
    "ebitda": 7400000,
    "ebitdaratio": 0.3978494624,
    "operatingIncome": 6800000,
    "operatingIncomeRatio": 0.3655913978,
    "totalOtherIncomeExpensesNet": 400000,
    "incomeBeforeTax": 7200000,
    "incomeBeforeTaxRatio": 0.3870967742,
    "incomeTaxExpense": 2400000,
    "netIncome": 4800000,
    "netIncomeRatio": 0.2580645161,
    "eps": 0.0309,
    "epsdiluted": 0.0309,
    "weightedAverageShsOut": 155555556,
    "weightedAverageShsOutDil": 155555556,
    "link": "https://www.sec.gov/Archives/edgar/data/842023/000084202398000004/0000842023-98-000004-index.htm",
    "finalLink": "https://www.sec.gov/Archives/edgar/data/842023/"
  },
  {
    "date": "1998-03-31",
    "symbol": "TECH",
    "reportedCurrency": "USD",
    "cik": "0000842023",
    "fillingDate": "1998-05-14",
    "acceptedDate": "1998-05-14 00:00:00",
    "calendarYear": "1998",
    "period": "Q3",
    "revenue": 17700000,
    "costOfRevenue": 4900000,
    "grossProfit": 12800000,
    "grossProfitRatio": 0.7231638418,
    "researchAndDevelopmentExpenses": 2700000,
    "generalAndAdministrativeExpenses": 3700000,
    "sellingAndMarketingExpenses": 0,
    "sellingGeneralAndAdministrativeExpenses": 3700000,
    "otherExpenses": 0,
    "operatingExpenses": 7000000,
    "costAndExpenses": 11900000,
    "interestIncome": 0,
    "interestExpense": 0,
    "depreciationAndAmortization": 600000,
    "ebitda": 6400000,
    "ebitdaratio": 0.3615819209,
    "operatingIncome": 5800000,
    "operatingIncomeRatio": 0.3276836158,
    "totalOtherIncomeExpensesNet": 200000,
    "incomeBeforeTax": 6000000,
    "incomeBeforeTaxRatio": 0.3389830508,
    "incomeTaxExpense": 2000000,
    "netIncome": 4000000,
    "netIncomeRatio": 0.2259887006,
    "eps": 0.0275,
    "epsdiluted": 0.025,
    "weightedAverageShsOut": 145454545,
    "weightedAverageShsOutDil": 160000000,
    "link": "https://www.sec.gov/Archives/edgar/data/842023/000084202398000003/0000842023-98-000003-index.htm",
    "finalLink": "https://www.sec.gov/Archives/edgar/data/842023/"
  },
  {
    "date": "1997-12-31",
    "symbol": "TECH",
    "reportedCurrency": "USD",
    "cik": "0000842023",
    "fillingDate": "1998-02-12",
    "acceptedDate": "1998-02-12 00:00:00",
    "calendarYear": "1998",
    "period": "Q2",
    "revenue": 15500000,
    "costOfRevenue": 4400000,
    "grossProfit": 11100000,
    "grossProfitRatio": 0.7161290323,
    "researchAndDevelopmentExpenses": 2500000,
    "generalAndAdministrativeExpenses": 3900000,
    "sellingAndMarketingExpenses": 0,
    "sellingGeneralAndAdministrativeExpenses": 3900000,
    "otherExpenses": 0,
    "operatingExpenses": 6900000,
    "costAndExpenses": 11300000,
    "interestIncome": 0,
    "interestExpense": 0,
    "depreciationAndAmortization": 500000,
    "ebitda": 4700000,
    "ebitdaratio": 0.3032258065,
    "operatingIncome": 4200000,
    "operatingIncomeRatio": 0.2709677419,
    "totalOtherIncomeExpensesNet": 300000,
    "incomeBeforeTax": 4500000,
    "incomeBeforeTaxRatio": 0.2903225806,
    "incomeTaxExpense": 1400000,
    "netIncome": 3100000,
    "netIncomeRatio": 0.2,
    "eps": 0.0225,
    "epsdiluted": 0.02,
    "weightedAverageShsOut": 137777778,
    "weightedAverageShsOutDil": 155000000,
    "link": "https://www.sec.gov/Archives/edgar/data/842023/000084202398000001/0000842023-98-000001-index.html",
    "finalLink": "https://www.sec.gov/Archives/edgar/data/842023/"
  },
  {
    "date": "1997-09-30",
    "symbol": "TECH",
    "reportedCurrency": "USD",
    "cik": "0000842023",
    "fillingDate": "1997-11-13",
    "acceptedDate": "1997-11-13 00:00:00",
    "calendarYear": "1998",
    "period": "Q1",
    "revenue": 15500000,
    "costOfRevenue": 3900000,
    "grossProfit": 11600000,
    "grossProfitRatio": 0.7483870968,
    "researchAndDevelopmentExpenses": 2500000,
    "generalAndAdministrativeExpenses": 4000000,
    "sellingAndMarketingExpenses": 0,
    "sellingGeneralAndAdministrativeExpenses": 4000000,
    "otherExpenses": 0,
    "operatingExpenses": 7100000,
    "costAndExpenses": 11000000,
    "interestIncome": 0,
    "interestExpense": 0,
    "depreciationAndAmortization": 600000,
    "ebitda": 5100000,
    "ebitdaratio": 0.3290322581,
    "operatingIncome": 4500000,
    "operatingIncomeRatio": 0.2903225806,
    "totalOtherIncomeExpensesNet": 300000,
    "incomeBeforeTax": 4800000,
    "incomeBeforeTaxRatio": 0.3096774194,
    "incomeTaxExpense": 1500000,
    "netIncome": 3300000,
    "netIncomeRatio": 0.2129032258,
    "eps": 0.0225,
    "epsdiluted": 0.0225,
    "weightedAverageShsOut": 146666667,
    "weightedAverageShsOutDil": 146666667,
    "link": "https://www.sec.gov/Archives/edgar/data/842023/000084202397000009/0000842023-97-000009-index.html",
    "finalLink": "https://www.sec.gov/Archives/edgar/data/842023/"
  },
  {
    "date": "1997-06-30",
    "symbol": "TECH",
    "reportedCurrency": "USD",
    "cik": "0000842023",
    "fillingDate": "1997-09-26",
    "acceptedDate": "1997-09-26 00:00:00",
    "calendarYear": "1997",
    "period": "Q4",
    "revenue": 16200000,
    "costOfRevenue": 4200000,
    "grossProfit": 12000000,
    "grossProfitRatio": 0.7407407407,
    "researchAndDevelopmentExpenses": 2900000,
    "generalAndAdministrativeExpenses": 3500000,
    "sellingAndMarketingExpenses": 0,
    "sellingGeneralAndAdministrativeExpenses": 3500000,
    "otherExpenses": 0,
    "operatingExpenses": 7000000,
    "costAndExpenses": 11200000,
    "interestIncome": 0,
    "interestExpense": 0,
    "depreciationAndAmortization": 600000,
    "ebitda": 5600000,
    "ebitdaratio": 0.3456790123,
    "operatingIncome": 5000000,
    "operatingIncomeRatio": 0.3086419753,
    "totalOtherIncomeExpensesNet": 200000,
    "incomeBeforeTax": 5200000,
    "incomeBeforeTaxRatio": 0.3209876543,
    "incomeTaxExpense": 1700000,
    "netIncome": 3500000,
    "netIncomeRatio": 0.2160493827,
    "eps": 0.0239,
    "epsdiluted": 0.0239,
    "weightedAverageShsOut": 146666668,
    "weightedAverageShsOutDil": 146666668,
    "link": "https://www.sec.gov/Archives/edgar/data/842023/000084202397000008/0000842023-97-000008-index.htm",
    "finalLink": "https://www.sec.gov/Archives/edgar/data/842023/"
  },
  {
    "date": "1997-03-31",
    "symbol": "TECH",
    "reportedCurrency": "USD",
    "cik": "0000842023",
    "fillingDate": "1997-05-15",
    "acceptedDate": "1997-05-15 00:00:00",
    "calendarYear": "1997",
    "period": "Q3",
    "revenue": 16300000,
    "costOfRevenue": 4500000,
    "grossProfit": 11800000,
    "grossProfitRatio": 0.7239263804,
    "researchAndDevelopmentExpenses": 2900000,
    "generalAndAdministrativeExpenses": 4100000,
    "sellingAndMarketingExpenses": 0,
    "sellingGeneralAndAdministrativeExpenses": 4100000,
    "otherExpenses": 0,
    "operatingExpenses": 7600000,
    "costAndExpenses": 12100000,
    "interestIncome": 0,
    "interestExpense": 0,
    "depreciationAndAmortization": 600000,
    "ebitda": 4800000,
    "ebitdaratio": 0.2944785276,
    "operatingIncome": 4200000,
    "operatingIncomeRatio": 0.2576687117,
    "totalOtherIncomeExpensesNet": 200000,
    "incomeBeforeTax": 4400000,
    "incomeBeforeTaxRatio": 0.2699386503,
    "incomeTaxExpense": 1400000,
    "netIncome": 3000000,
    "netIncomeRatio": 0.1840490798,
    "eps": 0.02,
    "epsdiluted": 0.02,
    "weightedAverageShsOut": 150000000,
    "weightedAverageShsOutDil": 150000000,
    "link": "https://www.sec.gov/Archives/edgar/data/842023/000084202397000007/0000842023-97-000007-index.htm",
    "finalLink": "https://www.sec.gov/Archives/edgar/data/842023/"
  },
  {
    "date": "1996-12-31",
    "symbol": "TECH",
    "reportedCurrency": "USD",
    "cik": "0000842023",
    "fillingDate": "1997-02-14",
    "acceptedDate": "1997-02-14 00:00:00",
    "calendarYear": "1997",
    "period": "Q2",
    "revenue": 14400000,
    "costOfRevenue": 4000000,
    "grossProfit": 10400000,
    "grossProfitRatio": 0.7222222222,
    "researchAndDevelopmentExpenses": 2900000,
    "generalAndAdministrativeExpenses": 3700000,
    "sellingAndMarketingExpenses": 0,
    "sellingGeneralAndAdministrativeExpenses": 3700000,
    "otherExpenses": 0,
    "operatingExpenses": 7200000,
    "costAndExpenses": 11200000,
    "interestIncome": 0,
    "interestExpense": 0,
    "depreciationAndAmortization": 600000,
    "ebitda": 3800000,
    "ebitdaratio": 0.2638888889,
    "operatingIncome": 3200000,
    "operatingIncomeRatio": 0.2222222222,
    "totalOtherIncomeExpensesNet": 200000,
    "incomeBeforeTax": 3400000,
    "incomeBeforeTaxRatio": 0.2361111111,
    "incomeTaxExpense": 1100000,
    "netIncome": 2300000,
    "netIncomeRatio": 0.1597222222,
    "eps": 0.015,
    "epsdiluted": 0.015,
    "weightedAverageShsOut": 153333333,
    "weightedAverageShsOutDil": 153333333,
    "link": "https://www.sec.gov/Archives/edgar/data/842023/000084202397000001/0000842023-97-000001-index.htm",
    "finalLink": "https://www.sec.gov/Archives/edgar/data/842023/"
  },
  {
    "date": "1996-09-30",
    "symbol": "TECH",
    "reportedCurrency": "USD",
    "cik": "0000842023",
    "fillingDate": "1996-11-13",
    "acceptedDate": "1996-11-13 00:00:00",
    "calendarYear": "1997",
    "period": "Q1",
    "revenue": 14000000,
    "costOfRevenue": 4300000,
    "grossProfit": 9700000,
    "grossProfitRatio": 0.6928571429,
    "researchAndDevelopmentExpenses": 2900000,
    "generalAndAdministrativeExpenses": 3300000,
    "sellingAndMarketingExpenses": 0,
    "sellingGeneralAndAdministrativeExpenses": 3300000,
    "otherExpenses": 0,
    "operatingExpenses": 6700000,
    "costAndExpenses": 11000000,
    "interestIncome": 0,
    "interestExpense": 0,
    "depreciationAndAmortization": 500000,
    "ebitda": 3500000,
    "ebitdaratio": 0.25,
    "operatingIncome": 3000000,
    "operatingIncomeRatio": 0.2142857143,
    "totalOtherIncomeExpensesNet": 100000,
    "incomeBeforeTax": 3100000,
    "incomeBeforeTaxRatio": 0.2214285714,
    "incomeTaxExpense": 900000,
    "netIncome": 2200000,
    "netIncomeRatio": 0.1571428571,
    "eps": 0.015,
    "epsdiluted": 0.015,
    "weightedAverageShsOut": 146666667,
    "weightedAverageShsOutDil": 146666667,
    "link": "https://www.sec.gov/Archives/edgar/data/842023/000084202396000004/0000842023-96-000004-index.html",
    "finalLink": "https://www.sec.gov/Archives/edgar/data/842023/"
  },
  {
    "date": "1996-06-30",
    "symbol": "TECH",
    "reportedCurrency": "USD",
    "cik": "0000842023",
    "fillingDate": "1996-09-27",
    "acceptedDate": "1996-09-27 00:00:00",
    "calendarYear": "1996",
    "period": "Q4",
    "revenue": 14600000,
    "costOfRevenue": 4100000,
    "grossProfit": 10500000,
    "grossProfitRatio": 0.7191780822,
    "researchAndDevelopmentExpenses": 2900000,
    "generalAndAdministrativeExpenses": 3200000,
    "sellingAndMarketingExpenses": 0,
    "sellingGeneralAndAdministrativeExpenses": 3200000,
    "otherExpenses": 0,
    "operatingExpenses": 6700000,
    "costAndExpenses": 10800000,
    "interestIncome": 0,
    "interestExpense": 0,
    "depreciationAndAmortization": 600000,
    "ebitda": 4400000,
    "ebitdaratio": 0.301369863,
    "operatingIncome": 3800000,
    "operatingIncomeRatio": 0.2602739726,
    "totalOtherIncomeExpensesNet": 100000,
    "incomeBeforeTax": 3900000,
    "incomeBeforeTaxRatio": 0.2671232877,
    "incomeTaxExpense": 1300000,
    "netIncome": 2600000,
    "netIncomeRatio": 0.1780821918,
    "eps": 0.0177,
    "epsdiluted": 0.0177,
    "weightedAverageShsOut": 146666668,
    "weightedAverageShsOutDil": 146666668,
    "link": "https://www.sec.gov/Archives/edgar/data/842023/000084202396000003/0000842023-96-000003-index.html",
    "finalLink": "https://www.sec.gov/Archives/edgar/data/842023/"
  },
  {
    "date": "1996-03-31",
    "symbol": "TECH",
    "reportedCurrency": "USD",
    "cik": "0000842023",
    "fillingDate": "1996-05-14",
    "acceptedDate": "1996-05-14 00:00:00",
    "calendarYear": "1996",
    "period": "Q3",
    "revenue": 14700000,
    "costOfRevenue": 4500000,
    "grossProfit": 10200000,
    "grossProfitRatio": 0.693877551,
    "researchAndDevelopmentExpenses": 2600000,
    "generalAndAdministrativeExpenses": 3500000,
    "sellingAndMarketingExpenses": 0,
    "sellingGeneralAndAdministrativeExpenses": 3500000,
    "otherExpenses": 0,
    "operatingExpenses": 6600000,
    "costAndExpenses": 11100000,
    "interestIncome": 0,
    "interestExpense": 0,
    "depreciationAndAmortization": 500000,
    "ebitda": 4100000,
    "ebitdaratio": 0.2789115646,
    "operatingIncome": 3600000,
    "operatingIncomeRatio": 0.2448979592,
    "totalOtherIncomeExpensesNet": 100000,
    "incomeBeforeTax": 3700000,
    "incomeBeforeTaxRatio": 0.2517006803,
    "incomeTaxExpense": 1200000,
    "netIncome": 2500000,
    "netIncomeRatio": 0.1700680272,
    "eps": 0.0175,
    "epsdiluted": 0.0175,
    "weightedAverageShsOut": 142857143,
    "weightedAverageShsOutDil": 142857143,
    "link": "https://www.sec.gov/Archives/edgar/data/842023/000084202396000002/0000842023-96-000002-index.html",
    "finalLink": "https://www.sec.gov/Archives/edgar/data/842023/"
  },
  {
    "date": "1995-12-31",
    "symbol": "TECH",
    "reportedCurrency": "USD",
    "cik": "0000842023",
    "fillingDate": "1996-02-13",
    "acceptedDate": "1996-02-13 00:00:00",
    "calendarYear": "1996",
    "period": "Q2",
    "revenue": 12500000,
    "costOfRevenue": 4200000,
    "grossProfit": 8300000,
    "grossProfitRatio": 0.664,
    "researchAndDevelopmentExpenses": 2500000,
    "generalAndAdministrativeExpenses": 3200000,
    "sellingAndMarketingExpenses": 0,
    "sellingGeneralAndAdministrativeExpenses": 3200000,
    "otherExpenses": 0,
    "operatingExpenses": 6100000,
    "costAndExpenses": 10300000,
    "interestIncome": 0,
    "interestExpense": 0,
    "depreciationAndAmortization": 400000,
    "ebitda": 2600000,
    "ebitdaratio": 0.208,
    "operatingIncome": 2200000,
    "operatingIncomeRatio": 0.176,
    "totalOtherIncomeExpensesNet": 200000,
    "incomeBeforeTax": 2400000,
    "incomeBeforeTaxRatio": 0.192,
    "incomeTaxExpense": 700000,
    "netIncome": 1700000,
    "netIncomeRatio": 0.136,
    "eps": 0.0125,
    "epsdiluted": 0.0125,
    "weightedAverageShsOut": 136000000,
    "weightedAverageShsOutDil": 136000000,
    "link": "https://www.sec.gov/Archives/edgar/data/842023/000084202396000001/0000842023-96-000001-index.html",
    "finalLink": "https://www.sec.gov/Archives/edgar/data/842023/"
  },
  {
    "date": "1995-09-30",
    "symbol": "TECH",
    "reportedCurrency": "USD",
    "cik": "0000842023",
    "fillingDate": "1995-11-14",
    "acceptedDate": "1995-11-14 00:00:00",
    "calendarYear": "1996",
    "period": "Q1",
    "revenue": 12800000,
    "costOfRevenue": 4300000,
    "grossProfit": 8500000,
    "grossProfitRatio": 0.6640625,
    "researchAndDevelopmentExpenses": 2500000,
    "generalAndAdministrativeExpenses": 3100000,
    "sellingAndMarketingExpenses": 0,
    "sellingGeneralAndAdministrativeExpenses": 3100000,
    "otherExpenses": 0,
    "operatingExpenses": 6000000,
    "costAndExpenses": 10300000,
    "interestIncome": 0,
    "interestExpense": 0,
    "depreciationAndAmortization": 400000,
    "ebitda": 2900000,
    "ebitdaratio": 0.2265625,
    "operatingIncome": 2500000,
    "operatingIncomeRatio": 0.1953125,
    "totalOtherIncomeExpensesNet": 100000,
    "incomeBeforeTax": 2600000,
    "incomeBeforeTaxRatio": 0.203125,
    "incomeTaxExpense": 800000,
    "netIncome": 1800000,
    "netIncomeRatio": 0.140625,
    "eps": 0.0125,
    "epsdiluted": 0.0125,
    "weightedAverageShsOut": 144000000,
    "weightedAverageShsOutDil": 144000000,
    "link": "https://www.sec.gov/Archives/edgar/data/842023/000084202395000008/0000842023-95-000008-index.html",
    "finalLink": "https://www.sec.gov/Archives/edgar/data/842023/"
  }
]