[
  {
    "date": "2025-06-27",
    "symbol": "TEL",
    "reportedCurrency": "USD",
    "cik": "0001385157",
    "fillingDate": "2025-07-25",
    "acceptedDate": "2025-07-25 11:00:41",
    "calendarYear": "2025",
    "period": "Q3",
    "revenue": 4534000000,
    "costOfRevenue": 2934000000,
    "grossProfit": 1600000000,
    "grossProfitRatio": 0.352889281,
    "researchAndDevelopmentExpenses": 211000000,
    "generalAndAdministrativeExpenses": 0,
    "sellingAndMarketingExpenses": 0,
    "sellingGeneralAndAdministrativeExpenses": 491000000,
    "otherExpenses": 0,
    "operatingExpenses": 702000000,
    "costAndExpenses": 3636000000,
    "interestIncome": 17000000,
    "interestExpense": 28000000,
    "depreciationAndAmortization": 216000000,
    "ebitda": 1090000000,
    "ebitdaratio": 0.2404058227,
    "operatingIncome": 898000000,
    "operatingIncomeRatio": 0.198059109,
    "totalOtherIncomeExpensesNet": -52000000,
    "incomeBeforeTax": 846000000,
    "incomeBeforeTaxRatio": 0.1865902073,
    "incomeTaxExpense": 208000000,
    "netIncome": 638000000,
    "netIncomeRatio": 0.1407146008,
    "eps": 2.16,
    "epsdiluted": 2.14,
    "weightedAverageShsOut": 296000000,
    "weightedAverageShsOutDil": 298000000,
    "link": "https://www.sec.gov/Archives/edgar/data/1385157/000155837025009599/0001558370-25-009599-index.htm",
    "finalLink": "https://www.sec.gov/Archives/edgar/data/1385157/000155837025009599/tel-20250627x10q.htm"
  },
  {
    "date": "2025-03-28",
    "symbol": "TEL",
    "reportedCurrency": "USD",
    "cik": "0001385157",
    "fillingDate": "2025-04-28",
    "acceptedDate": "2025-04-28 10:40:21",
    "calendarYear": "2025",
    "period": "Q2",
    "revenue": 4143000000,
    "costOfRevenue": 2676000000,
    "grossProfit": 1467000000,
    "grossProfitRatio": 0.3540912382,
    "researchAndDevelopmentExpenses": 203000000,
    "generalAndAdministrativeExpenses": 0,
    "sellingAndMarketingExpenses": 0,
    "sellingGeneralAndAdministrativeExpenses": 454000000,
    "otherExpenses": 0,
    "operatingExpenses": 657000000,
    "costAndExpenses": 3333000000,
    "interestIncome": 22000000,
    "interestExpense": 14000000,
    "depreciationAndAmortization": 192000000,
    "ebitda": 961000000,
    "ebitdaratio": 0.2319575187,
    "operatingIncome": 810000000,
    "operatingIncomeRatio": 0.1955104996,
    "totalOtherIncomeExpensesNet": -55000000,
    "incomeBeforeTax": 755000000,
    "incomeBeforeTaxRatio": 0.1822350953,
    "incomeTaxExpense": 742000000,
    "netIncome": 13000000,
    "netIncomeRatio": 0.0031378228,
    "eps": 0.0436,
    "epsdiluted": 0.0433,
    "weightedAverageShsOut": 298000000,
    "weightedAverageShsOutDil": 300000000,
    "link": "https://www.sec.gov/Archives/edgar/data/1385157/000155837025005632/0001558370-25-005632-index.htm",
    "finalLink": "https://www.sec.gov/Archives/edgar/data/1385157/000155837025005632/tel-20250328x10q.htm"
  },
  {
    "date": "2024-12-27",
    "symbol": "TEL",
    "reportedCurrency": "USD",
    "cik": "0001385157",
    "fillingDate": "2025-01-24",
    "acceptedDate": "2025-01-24 11:43:24",
    "calendarYear": "2025",
    "period": "Q1",
    "revenue": 3836000000,
    "costOfRevenue": 2462000000,
    "grossProfit": 1374000000,
    "grossProfitRatio": 0.35818561,
    "researchAndDevelopmentExpenses": 188000000,
    "generalAndAdministrativeExpenses": 0,
    "sellingAndMarketingExpenses": 0,
    "sellingGeneralAndAdministrativeExpenses": 427000000,
    "otherExpenses": 0,
    "operatingExpenses": 615000000,
    "costAndExpenses": 3077000000,
    "interestIncome": 23000000,
    "interestExpense": 6000000,
    "depreciationAndAmortization": 186000000,
    "ebitda": 898000000,
    "ebitdaratio": 0.2340980188,
    "operatingIncome": 759000000,
    "operatingIncomeRatio": 0.1978623566,
    "totalOtherIncomeExpensesNet": -53000000,
    "incomeBeforeTax": 706000000,
    "incomeBeforeTaxRatio": 0.1840458811,
    "incomeTaxExpense": 178000000,
    "netIncome": 528000000,
    "netIncomeRatio": 0.1376433785,
    "eps": 1.77,
    "epsdiluted": 1.75,
    "weightedAverageShsOut": 299000000,
    "weightedAverageShsOutDil": 301000000,
    "link": "https://www.sec.gov/Archives/edgar/data/1385157/000155837025000397/0001558370-25-000397-index.htm",
    "finalLink": "https://www.sec.gov/Archives/edgar/data/1385157/000155837025000397/tel-20241227x10q.htm"
  },
  {
    "date": "2024-09-27",
    "symbol": "TEL",
    "reportedCurrency": "USD",
    "cik": "0001385157",
    "fillingDate": "2024-11-12",
    "acceptedDate": "2024-11-12 12:05:13",
    "calendarYear": "2024",
    "period": "Q4",
    "revenue": 4068000000,
    "costOfRevenue": 2700000000,
    "grossProfit": 1368000000,
    "grossProfitRatio": 0.3362831858,
    "researchAndDevelopmentExpenses": 195000000,
    "generalAndAdministrativeExpenses": 0,
    "sellingAndMarketingExpenses": 0,
    "sellingGeneralAndAdministrativeExpenses": 433000000,
    "otherExpenses": 0,
    "operatingExpenses": 628000000,
    "costAndExpenses": 3328000000,
    "interestIncome": 26000000,
    "interestExpense": 15000000,
    "depreciationAndAmortization": 232000000,
    "ebitda": 904000000,
    "ebitdaratio": 0.2222222222,
    "operatingIncome": 740000000,
    "operatingIncomeRatio": 0.1819075713,
    "totalOtherIncomeExpensesNet": -83000000,
    "incomeBeforeTax": 657000000,
    "incomeBeforeTaxRatio": 0.1615044248,
    "incomeTaxExpense": 381000000,
    "netIncome": 276000000,
    "netIncomeRatio": 0.0678466077,
    "eps": 0.91,
    "epsdiluted": 0.9,
    "weightedAverageShsOut": 303000000,
    "weightedAverageShsOutDil": 305000000,
    "link": "https://www.sec.gov/Archives/edgar/data/1385157/000155837024015227/0001558370-24-015227-index.htm",
    "finalLink": "https://www.sec.gov/Archives/edgar/data/1385157/000155837024015227/tel-20240927x10k.htm"
  },
  {
    "date": "2024-06-28",
    "symbol": "TEL",
    "reportedCurrency": "USD",
    "cik": "0001385157",
    "fillingDate": "2024-07-29",
    "acceptedDate": "2024-07-29 12:16:25",
    "calendarYear": "2024",
    "period": "Q3",
    "revenue": 3979000000,
    "costOfRevenue": 2585000000,
    "grossProfit": 1394000000,
    "grossProfitRatio": 0.3503392812,
    "researchAndDevelopmentExpenses": 189000000,
    "generalAndAdministrativeExpenses": 0,
    "sellingAndMarketingExpenses": 0,
    "sellingGeneralAndAdministrativeExpenses": 431000000,
    "otherExpenses": 0,
    "operatingExpenses": 620000000,
    "costAndExpenses": 3205000000,
    "interestIncome": 20000000,
    "interestExpense": 18000000,
    "depreciationAndAmortization": 208000000,
    "ebitda": 980000000,
    "ebitdaratio": 0.2462930385,
    "operatingIncome": 774000000,
    "operatingIncomeRatio": 0.1945212365,
    "totalOtherIncomeExpensesNet": -20000000,
    "incomeBeforeTax": 754000000,
    "incomeBeforeTaxRatio": 0.189494848,
    "incomeTaxExpense": 181000000,
    "netIncome": 573000000,
    "netIncomeRatio": 0.1440060317,
    "eps": 1.87,
    "epsdiluted": 1.86,
    "weightedAverageShsOut": 306000000,
    "weightedAverageShsOutDil": 308000000,
    "link": "https://www.sec.gov/Archives/edgar/data/1385157/000155837024010267/0001558370-24-010267-index.htm",
    "finalLink": "https://www.sec.gov/Archives/edgar/data/1385157/000155837024010267/tel-20240628x10q.htm"
  },
  {
    "date": "2024-03-29",
    "symbol": "TEL",
    "reportedCurrency": "USD",
    "cik": "0001385157",
    "fillingDate": "2024-04-26",
    "acceptedDate": "2024-04-26 10:04:20",
    "calendarYear": "2024",
    "period": "Q2",
    "revenue": 3967000000,
    "costOfRevenue": 2604000000,
    "grossProfit": 1363000000,
    "grossProfitRatio": 0.3435845727,
    "researchAndDevelopmentExpenses": 184000000,
    "generalAndAdministrativeExpenses": 0,
    "sellingAndMarketingExpenses": 0,
    "sellingGeneralAndAdministrativeExpenses": 444000000,
    "otherExpenses": 0,
    "operatingExpenses": 628000000,
    "costAndExpenses": 3232000000,
    "interestIncome": 19000000,
    "interestExpense": 19000000,
    "depreciationAndAmortization": 192000000,
    "ebitda": 898000000,
    "ebitdaratio": 0.2263675321,
    "operatingIncome": 735000000,
    "operatingIncomeRatio": 0.185278548,
    "totalOtherIncomeExpensesNet": -48000000,
    "incomeBeforeTax": 687000000,
    "incomeBeforeTaxRatio": 0.1731787245,
    "incomeTaxExpense": 146000000,
    "netIncome": 541000000,
    "netIncomeRatio": 0.1363750945,
    "eps": 1.76,
    "epsdiluted": 1.75,
    "weightedAverageShsOut": 308000000,
    "weightedAverageShsOutDil": 310000000,
    "link": "https://www.sec.gov/Archives/edgar/data/1385157/000155837024005841/0001558370-24-005841-index.htm",
    "finalLink": "https://www.sec.gov/Archives/edgar/data/1385157/000155837024005841/tel-20240329x10q.htm"
  },
  {
    "date": "2023-12-29",
    "symbol": "TEL",
    "reportedCurrency": "USD",
    "cik": "0001385157",
    "fillingDate": "2024-01-26",
    "acceptedDate": "2024-01-26 12:27:34",
    "calendarYear": "2024",
    "period": "Q1",
    "revenue": 3831000000,
    "costOfRevenue": 2503000000,
    "grossProfit": 1328000000,
    "grossProfitRatio": 0.3466457844,
    "researchAndDevelopmentExpenses": 173000000,
    "generalAndAdministrativeExpenses": 0,
    "sellingAndMarketingExpenses": 0,
    "sellingGeneralAndAdministrativeExpenses": 424000000,
    "otherExpenses": 0,
    "operatingExpenses": 597000000,
    "costAndExpenses": 3100000000,
    "interestIncome": 22000000,
    "interestExpense": 18000000,
    "depreciationAndAmortization": 194000000,
    "ebitda": 911000000,
    "ebitdaratio": 0.2377969199,
    "operatingIncome": 731000000,
    "operatingIncomeRatio": 0.1908117985,
    "totalOtherIncomeExpensesNet": -32000000,
    "incomeBeforeTax": 699000000,
    "incomeBeforeTaxRatio": 0.182458888,
    "incomeTaxExpense": -1105000000,
    "netIncome": 1803000000,
    "netIncomeRatio": 0.4706342991,
    "eps": 5.8,
    "epsdiluted": 5.76,
    "weightedAverageShsOut": 311000000,
    "weightedAverageShsOutDil": 313000000,
    "link": "https://www.sec.gov/Archives/edgar/data/1385157/000155837024000581/0001558370-24-000581-index.htm",
    "finalLink": "https://www.sec.gov/Archives/edgar/data/1385157/000155837024000581/tel-20231229x10q.htm"
  },
  {
    "date": "2023-09-29",
    "symbol": "TEL",
    "reportedCurrency": "USD",
    "cik": "0001385157",
    "fillingDate": "2023-11-13",
    "acceptedDate": "2023-11-13 16:13:57",
    "calendarYear": "2023",
    "period": "Q4",
    "revenue": 4035000000,
    "costOfRevenue": 2746000000,
    "grossProfit": 1289000000,
    "grossProfitRatio": 0.3194547708,
    "researchAndDevelopmentExpenses": 174000000,
    "generalAndAdministrativeExpenses": 0,
    "sellingAndMarketingExpenses": 0,
    "sellingGeneralAndAdministrativeExpenses": 412000000,
    "otherExpenses": 0,
    "operatingExpenses": 586000000,
    "costAndExpenses": 3332000000,
    "interestIncome": 21000000,
    "interestExpense": 19000000,
    "depreciationAndAmortization": 223000000,
    "ebitda": 876000000,
    "ebitdaratio": 0.2171003717,
    "operatingIncome": 703000000,
    "operatingIncomeRatio": 0.1742255266,
    "totalOtherIncomeExpensesNet": -69000000,
    "incomeBeforeTax": 634000000,
    "incomeBeforeTaxRatio": 0.1571251549,
    "incomeTaxExpense": 81000000,
    "netIncome": 552000000,
    "netIncomeRatio": 0.136802974,
    "eps": 1.76,
    "epsdiluted": 1.75,
    "weightedAverageShsOut": 313000000,
    "weightedAverageShsOutDil": 316000000,
    "link": "https://www.sec.gov/Archives/edgar/data/1385157/000155837023018833/0001558370-23-018833-index.htm",
    "finalLink": "https://www.sec.gov/Archives/edgar/data/1385157/000155837023018833/tel-20230929x10k.htm"
  },
  {
    "date": "2023-06-30",
    "symbol": "TEL",
    "reportedCurrency": "USD",
    "cik": "0001385157",
    "fillingDate": "2023-07-28",
    "acceptedDate": "2023-07-28 12:09:13",
    "calendarYear": "2023",
    "period": "Q3",
    "revenue": 3998000000,
    "costOfRevenue": 2702000000,
    "grossProfit": 1296000000,
    "grossProfitRatio": 0.324162081,
    "researchAndDevelopmentExpenses": 176000000,
    "generalAndAdministrativeExpenses": 0,
    "sellingAndMarketingExpenses": 0,
    "sellingGeneralAndAdministrativeExpenses": 431000000,
    "otherExpenses": 0,
    "operatingExpenses": 607000000,
    "costAndExpenses": 3309000000,
    "interestIncome": 18000000,
    "interestExpense": 20000000,
    "depreciationAndAmortization": 200000000,
    "ebitda": 844000000,
    "ebitdaratio": 0.2111055528,
    "operatingIncome": 689000000,
    "operatingIncomeRatio": 0.1723361681,
    "totalOtherIncomeExpensesNet": -65000000,
    "incomeBeforeTax": 624000000,
    "incomeBeforeTaxRatio": 0.156078039,
    "incomeTaxExpense": 96000000,
    "netIncome": 528000000,
    "netIncomeRatio": 0.132066033,
    "eps": 1.68,
    "epsdiluted": 1.67,
    "weightedAverageShsOut": 315000000,
    "weightedAverageShsOutDil": 317000000,
    "link": "https://www.sec.gov/Archives/edgar/data/1385157/000155837023012477/0001558370-23-012477-index.htm",
    "finalLink": "https://www.sec.gov/Archives/edgar/data/1385157/000155837023012477/tel-20230630x10q.htm"
  },
  {
    "date": "2023-03-31",
    "symbol": "TEL",
    "reportedCurrency": "USD",
    "cik": "0001385157",
    "fillingDate": "2023-04-28",
    "acceptedDate": "2023-04-28 11:44:00",
    "calendarYear": "2023",
    "period": "Q2",
    "revenue": 4160000000,
    "costOfRevenue": 2867000000,
    "grossProfit": 1293000000,
    "grossProfitRatio": 0.3108173077,
    "researchAndDevelopmentExpenses": 185000000,
    "generalAndAdministrativeExpenses": 0,
    "sellingAndMarketingExpenses": 0,
    "sellingGeneralAndAdministrativeExpenses": 435000000,
    "otherExpenses": 0,
    "operatingExpenses": 620000000,
    "costAndExpenses": 3487000000,
    "interestIncome": 12000000,
    "interestExpense": 20000000,
    "depreciationAndAmortization": 207000000,
    "ebitda": 752000000,
    "ebitdaratio": 0.1807692308,
    "operatingIncome": 673000000,
    "operatingIncomeRatio": 0.1617788462,
    "totalOtherIncomeExpensesNet": -148000000,
    "incomeBeforeTax": 525000000,
    "incomeBeforeTaxRatio": 0.1262019231,
    "incomeTaxExpense": 100000000,
    "netIncome": 433000000,
    "netIncomeRatio": 0.1040865385,
    "eps": 1.37,
    "epsdiluted": 1.36,
    "weightedAverageShsOut": 316000000,
    "weightedAverageShsOutDil": 318000000,
    "link": "https://www.sec.gov/Archives/edgar/data/1385157/000155837023007196/0001558370-23-007196-index.htm",
    "finalLink": "https://www.sec.gov/Archives/edgar/data/1385157/000155837023007196/tel-20230331x10q.htm"
  },
  {
    "date": "2022-12-30",
    "symbol": "TEL",
    "reportedCurrency": "USD",
    "cik": "0001385157",
    "fillingDate": "2023-01-27",
    "acceptedDate": "2023-01-27 10:16:04",
    "calendarYear": "2023",
    "period": "Q1",
    "revenue": 3841000000,
    "costOfRevenue": 2683000000,
    "grossProfit": 1158000000,
    "grossProfitRatio": 0.3014839885,
    "researchAndDevelopmentExpenses": 173000000,
    "generalAndAdministrativeExpenses": 0,
    "sellingAndMarketingExpenses": 0,
    "sellingGeneralAndAdministrativeExpenses": 392000000,
    "otherExpenses": 0,
    "operatingExpenses": 565000000,
    "costAndExpenses": 3248000000,
    "interestIncome": 9000000,
    "interestExpense": 21000000,
    "depreciationAndAmortization": 187000000,
    "ebitda": 693000000,
    "ebitdaratio": 0.1804217652,
    "operatingIncome": 593000000,
    "operatingIncomeRatio": 0.1543868784,
    "totalOtherIncomeExpensesNet": -108000000,
    "incomeBeforeTax": 485000000,
    "incomeBeforeTaxRatio": 0.1262692007,
    "incomeTaxExpense": 87000000,
    "netIncome": 397000000,
    "netIncomeRatio": 0.1033585004,
    "eps": 1.25,
    "epsdiluted": 1.24,
    "weightedAverageShsOut": 317000000,
    "weightedAverageShsOutDil": 319000000,
    "link": "https://www.sec.gov/Archives/edgar/data/1385157/000155837023000648/0001558370-23-000648-index.htm",
    "finalLink": "https://www.sec.gov/Archives/edgar/data/1385157/000155837023000648/tel-20221230x10q.htm"
  },
  {
    "date": "2022-09-30",
    "symbol": "TEL",
    "reportedCurrency": "USD",
    "cik": "0001385157",
    "fillingDate": "2022-11-15",
    "acceptedDate": "2022-11-15 11:08:55",
    "calendarYear": "2022",
    "period": "Q4",
    "revenue": 4359000000,
    "costOfRevenue": 2997000000,
    "grossProfit": 1362000000,
    "grossProfitRatio": 0.3124569855,
    "researchAndDevelopmentExpenses": 179000000,
    "generalAndAdministrativeExpenses": 0,
    "sellingAndMarketingExpenses": 0,
    "sellingGeneralAndAdministrativeExpenses": 430000000,
    "otherExpenses": 0,
    "operatingExpenses": 609000000,
    "costAndExpenses": 3606000000,
    "interestIncome": 6000000,
    "interestExpense": 18000000,
    "depreciationAndAmortization": 221000000,
    "ebitda": 891000000,
    "ebitdaratio": 0.20440468,
    "operatingIncome": 753000000,
    "operatingIncomeRatio": 0.1727460427,
    "totalOtherIncomeExpensesNet": -101000000,
    "incomeBeforeTax": 652000000,
    "incomeBeforeTaxRatio": 0.1495755907,
    "incomeTaxExpense": -56000000,
    "netIncome": 708000000,
    "netIncomeRatio": 0.162422574,
    "eps": 2.22,
    "epsdiluted": 2.21,
    "weightedAverageShsOut": 319000000,
    "weightedAverageShsOutDil": 321000000,
    "link": "https://www.sec.gov/Archives/edgar/data/1385157/000155837022017931/0001558370-22-017931-index.htm",
    "finalLink": "https://www.sec.gov/Archives/edgar/data/1385157/000155837022017931/tel-20220930x10k.htm"
  },
  {
    "date": "2022-06-24",
    "symbol": "TEL",
    "reportedCurrency": "USD",
    "cik": "0001385157",
    "fillingDate": "2022-07-29",
    "acceptedDate": "2022-07-29 11:06:30",
    "calendarYear": "2022",
    "period": "Q3",
    "revenue": 4097000000,
    "costOfRevenue": 2780000000,
    "grossProfit": 1317000000,
    "grossProfitRatio": 0.321454723,
    "researchAndDevelopmentExpenses": 179000000,
    "generalAndAdministrativeExpenses": 0,
    "sellingAndMarketingExpenses": 0,
    "sellingGeneralAndAdministrativeExpenses": 406000000,
    "otherExpenses": 0,
    "operatingExpenses": 585000000,
    "costAndExpenses": 3365000000,
    "interestIncome": 3000000,
    "interestExpense": 18000000,
    "depreciationAndAmortization": 205000000,
    "ebitda": 931000000,
    "ebitdaratio": 0.2272394435,
    "operatingIncome": 732000000,
    "operatingIncomeRatio": 0.1786673175,
    "totalOtherIncomeExpensesNet": -24000000,
    "incomeBeforeTax": 708000000,
    "incomeBeforeTaxRatio": 0.1728093727,
    "incomeTaxExpense": 116000000,
    "netIncome": 594000000,
    "netIncomeRatio": 0.1449841347,
    "eps": 1.84,
    "epsdiluted": 1.83,
    "weightedAverageShsOut": 322000000,
    "weightedAverageShsOutDil": 324000000,
    "link": "https://www.sec.gov/Archives/edgar/data/1385157/000155837022011353/0001558370-22-011353-index.htm",
    "finalLink": "https://www.sec.gov/Archives/edgar/data/1385157/000155837022011353/tel-20220624x10q.htm"
  },
  {
    "date": "2022-03-25",
    "symbol": "TEL",
    "reportedCurrency": "USD",
    "cik": "0001385157",
    "fillingDate": "2022-04-29",
    "acceptedDate": "2022-04-29 11:26:41",
    "calendarYear": "2022",
    "period": "Q2",
    "revenue": 4007000000,
    "costOfRevenue": 2675000000,
    "grossProfit": 1332000000,
    "grossProfitRatio": 0.332418268,
    "researchAndDevelopmentExpenses": 185000000,
    "generalAndAdministrativeExpenses": 0,
    "sellingAndMarketingExpenses": 0,
    "sellingGeneralAndAdministrativeExpenses": 426000000,
    "otherExpenses": 0,
    "operatingExpenses": 611000000,
    "costAndExpenses": 3286000000,
    "interestIncome": 4000000,
    "interestExpense": 18000000,
    "depreciationAndAmortization": 194000000,
    "ebitda": 908000000,
    "ebitdaratio": 0.226603444,
    "operatingIncome": 721000000,
    "operatingIncomeRatio": 0.1799351136,
    "totalOtherIncomeExpensesNet": -25000000,
    "incomeBeforeTax": 696000000,
    "incomeBeforeTaxRatio": 0.1736960319,
    "incomeTaxExpense": 136000000,
    "netIncome": 560000000,
    "netIncomeRatio": 0.139755428,
    "eps": 1.72,
    "epsdiluted": 1.71,
    "weightedAverageShsOut": 325000000,
    "weightedAverageShsOutDil": 327000000,
    "link": "https://www.sec.gov/Archives/edgar/data/1385157/000155837022006422/0001558370-22-006422-index.htm",
    "finalLink": "https://www.sec.gov/Archives/edgar/data/1385157/000155837022006422/tel-20220325x10q.htm"
  },
  {
    "date": "2021-12-24",
    "symbol": "TEL",
    "reportedCurrency": "USD",
    "cik": "0001385157",
    "fillingDate": "2022-01-28",
    "acceptedDate": "2022-01-28 13:27:43",
    "calendarYear": "2022",
    "period": "Q1",
    "revenue": 3818000000,
    "costOfRevenue": 2591000000,
    "grossProfit": 1227000000,
    "grossProfitRatio": 0.3213724463,
    "researchAndDevelopmentExpenses": 175000000,
    "generalAndAdministrativeExpenses": 0,
    "sellingAndMarketingExpenses": 0,
    "sellingGeneralAndAdministrativeExpenses": 392000000,
    "otherExpenses": 0,
    "operatingExpenses": 567000000,
    "costAndExpenses": 3158000000,
    "interestIncome": 2000000,
    "interestExpense": 12000000,
    "depreciationAndAmortization": 198000000,
    "ebitda": 887000000,
    "ebitdaratio": 0.2323205867,
    "operatingIncome": 660000000,
    "operatingIncomeRatio": 0.1728653745,
    "totalOtherIncomeExpensesNet": 17000000,
    "incomeBeforeTax": 677000000,
    "incomeBeforeTaxRatio": 0.1773179675,
    "incomeTaxExpense": 110000000,
    "netIncome": 566000000,
    "netIncomeRatio": 0.1482451545,
    "eps": 1.73,
    "epsdiluted": 1.72,
    "weightedAverageShsOut": 327000000,
    "weightedAverageShsOutDil": 330000000,
    "link": "https://www.sec.gov/Archives/edgar/data/1385157/000155837022000572/0001558370-22-000572-index.htm",
    "finalLink": "https://www.sec.gov/Archives/edgar/data/1385157/000155837022000572/tel-20211224x10q.htm"
  },
  {
    "date": "2021-09-24",
    "symbol": "TEL",
    "reportedCurrency": "USD",
    "cik": "0001385157",
    "fillingDate": "2021-11-09",
    "acceptedDate": "2021-11-09 13:43:16",
    "calendarYear": "2021",
    "period": "Q4",
    "revenue": 3818000000,
    "costOfRevenue": 2581000000,
    "grossProfit": 1237000000,
    "grossProfitRatio": 0.3239916186,
    "researchAndDevelopmentExpenses": 173000000,
    "generalAndAdministrativeExpenses": 0,
    "sellingAndMarketingExpenses": 0,
    "sellingGeneralAndAdministrativeExpenses": 401000000,
    "otherExpenses": 0,
    "operatingExpenses": 574000000,
    "costAndExpenses": 3155000000,
    "interestIncome": 3000000,
    "interestExpense": 14000000,
    "depreciationAndAmortization": 209000000,
    "ebitda": 850000000,
    "ebitdaratio": 0.222629649,
    "operatingIncome": 663000000,
    "operatingIncomeRatio": 0.1736511262,
    "totalOtherIncomeExpensesNet": -36000000,
    "incomeBeforeTax": 627000000,
    "incomeBeforeTaxRatio": 0.1642221058,
    "incomeTaxExpense": -167000000,
    "netIncome": 794000000,
    "netIncomeRatio": 0.2079622839,
    "eps": 2.42,
    "epsdiluted": 2.4,
    "weightedAverageShsOut": 328000000,
    "weightedAverageShsOutDil": 331000000,
    "link": "https://www.sec.gov/Archives/edgar/data/1385157/000155837021015228/0001558370-21-015228-index.htm",
    "finalLink": "https://www.sec.gov/Archives/edgar/data/1385157/000155837021015228/tel-20210924x10k.htm"
  },
  {
    "date": "2021-06-25",
    "symbol": "TEL",
    "reportedCurrency": "USD",
    "cik": "0001385157",
    "fillingDate": "2021-07-29",
    "acceptedDate": "2021-07-29 09:59:03",
    "calendarYear": "2021",
    "period": "Q3",
    "revenue": 3845000000,
    "costOfRevenue": 2604000000,
    "grossProfit": 1241000000,
    "grossProfitRatio": 0.322756827,
    "researchAndDevelopmentExpenses": 168000000,
    "generalAndAdministrativeExpenses": 0,
    "sellingAndMarketingExpenses": 0,
    "sellingGeneralAndAdministrativeExpenses": 355000000,
    "otherExpenses": 0,
    "operatingExpenses": 523000000,
    "costAndExpenses": 3127000000,
    "interestIncome": 3000000,
    "interestExpense": 14000000,
    "depreciationAndAmortization": 210000000,
    "ebitda": 929000000,
    "ebitdaratio": 0.2416124837,
    "operatingIncome": 718000000,
    "operatingIncomeRatio": 0.1867360208,
    "totalOtherIncomeExpensesNet": -13000000,
    "incomeBeforeTax": 705000000,
    "incomeBeforeTaxRatio": 0.1833550065,
    "incomeTaxExpense": 124000000,
    "netIncome": 580000000,
    "netIncomeRatio": 0.1508452536,
    "eps": 1.76,
    "epsdiluted": 1.74,
    "weightedAverageShsOut": 330000000,
    "weightedAverageShsOutDil": 333000000,
    "link": "https://www.sec.gov/Archives/edgar/data/1385157/000155837021009561/0001558370-21-009561-index.htm",
    "finalLink": "https://www.sec.gov/Archives/edgar/data/1385157/000155837021009561/tel-20210625x10q.htm"
  },
  {
    "date": "2021-03-26",
    "symbol": "TEL",
    "reportedCurrency": "USD",
    "cik": "0001385157",
    "fillingDate": "2021-04-23",
    "acceptedDate": "2021-04-23 11:06:31",
    "calendarYear": "2021",
    "period": "Q2",
    "revenue": 3738000000,
    "costOfRevenue": 2552000000,
    "grossProfit": 1186000000,
    "grossProfitRatio": 0.317281969,
    "researchAndDevelopmentExpenses": 174000000,
    "generalAndAdministrativeExpenses": 0,
    "sellingAndMarketingExpenses": 0,
    "sellingGeneralAndAdministrativeExpenses": 429000000,
    "otherExpenses": 0,
    "operatingExpenses": 603000000,
    "costAndExpenses": 3155000000,
    "interestIncome": 8000000,
    "interestExpense": 13000000,
    "depreciationAndAmortization": 193000000,
    "ebitda": 817000000,
    "ebitdaratio": 0.2185660781,
    "operatingIncome": 583000000,
    "operatingIncomeRatio": 0.1559657571,
    "totalOtherIncomeExpensesNet": 28000000,
    "incomeBeforeTax": 611000000,
    "incomeBeforeTaxRatio": 0.1634563938,
    "incomeTaxExpense": 106000000,
    "netIncome": 506000000,
    "netIncomeRatio": 0.1353665062,
    "eps": 1.53,
    "epsdiluted": 1.51,
    "weightedAverageShsOut": 331000000,
    "weightedAverageShsOutDil": 334000000,
    "link": "https://www.sec.gov/Archives/edgar/data/1385157/000155837021004696/0001558370-21-004696-index.htm",
    "finalLink": "https://www.sec.gov/Archives/edgar/data/1385157/000155837021004696/tel-20210326x10q.htm"
  },
  {
    "date": "2020-12-25",
    "symbol": "TEL",
    "reportedCurrency": "USD",
    "cik": "0001385157",
    "fillingDate": "2021-01-28",
    "acceptedDate": "2021-01-28 13:09:48",
    "calendarYear": "2021",
    "period": "Q1",
    "revenue": 3522000000,
    "costOfRevenue": 2391000000,
    "grossProfit": 1131000000,
    "grossProfitRatio": 0.3211243612,
    "researchAndDevelopmentExpenses": 162000000,
    "generalAndAdministrativeExpenses": 0,
    "sellingAndMarketingExpenses": 0,
    "sellingGeneralAndAdministrativeExpenses": 321000000,
    "otherExpenses": 0,
    "operatingExpenses": 483000000,
    "costAndExpenses": 2874000000,
    "interestIncome": 3000000,
    "interestExpense": 15000000,
    "depreciationAndAmortization": 187000000,
    "ebitda": 637000000,
    "ebitdaratio": 0.1808631459,
    "operatingIncome": 648000000,
    "operatingIncomeRatio": 0.1839863714,
    "totalOtherIncomeExpensesNet": -213000000,
    "incomeBeforeTax": 435000000,
    "incomeBeforeTaxRatio": 0.1235093697,
    "incomeTaxExpense": 60000000,
    "netIncome": 381000000,
    "netIncomeRatio": 0.1081771721,
    "eps": 1.15,
    "epsdiluted": 1.14,
    "weightedAverageShsOut": 331000000,
    "weightedAverageShsOutDil": 333000000,
    "link": "https://www.sec.gov/Archives/edgar/data/1385157/000155837021000486/0001558370-21-000486-index.htm",
    "finalLink": "https://www.sec.gov/Archives/edgar/data/1385157/000155837021000486/tel-20201225x10q.htm"
  },
  {
    "date": "2020-09-25",
    "symbol": "TEL",
    "reportedCurrency": "USD",
    "cik": "0001385157",
    "fillingDate": "2020-11-10",
    "acceptedDate": "2020-11-10 15:28:00",
    "calendarYear": "2020",
    "period": "Q4",
    "revenue": 3261000000,
    "costOfRevenue": 2292000000,
    "grossProfit": 969000000,
    "grossProfitRatio": 0.2971481141,
    "researchAndDevelopmentExpenses": 148000000,
    "generalAndAdministrativeExpenses": 0,
    "sellingAndMarketingExpenses": 0,
    "sellingGeneralAndAdministrativeExpenses": 323000000,
    "otherExpenses": 0,
    "operatingExpenses": 471000000,
    "costAndExpenses": 2763000000,
    "interestIncome": 2000000,
    "interestExpense": 12000000,
    "depreciationAndAmortization": 181000000,
    "ebitda": 530000000,
    "ebitdaratio": 0.1625268323,
    "operatingIncome": 498000000,
    "operatingIncomeRatio": 0.1527138914,
    "totalOtherIncomeExpensesNet": -161000000,
    "incomeBeforeTax": 337000000,
    "incomeBeforeTaxRatio": 0.103342533,
    "incomeTaxExpense": 109000000,
    "netIncome": 230000000,
    "netIncomeRatio": 0.0705305121,
    "eps": 0.7,
    "epsdiluted": 0.69,
    "weightedAverageShsOut": 330000000,
    "weightedAverageShsOutDil": 332000000,
    "link": "https://www.sec.gov/Archives/edgar/data/1385157/000155837020013511/0001558370-20-013511-index.htm",
    "finalLink": "https://www.sec.gov/Archives/edgar/data/1385157/000155837020013511/tel-20200925x10k.htm"
  },
  {
    "date": "2020-06-26",
    "symbol": "TEL",
    "reportedCurrency": "USD",
    "cik": "0001385157",
    "fillingDate": "2020-07-30",
    "acceptedDate": "2020-07-30 18:46:48",
    "calendarYear": "2020",
    "period": "Q3",
    "revenue": 2548000000,
    "costOfRevenue": 1841000000,
    "grossProfit": 707000000,
    "grossProfitRatio": 0.2774725275,
    "researchAndDevelopmentExpenses": 146000000,
    "generalAndAdministrativeExpenses": 0,
    "sellingAndMarketingExpenses": 0,
    "sellingGeneralAndAdministrativeExpenses": 307000000,
    "otherExpenses": 0,
    "operatingExpenses": 453000000,
    "costAndExpenses": 2294000000,
    "interestIncome": 2000000,
    "interestExpense": 13000000,
    "depreciationAndAmortization": 176000000,
    "ebitda": 316000000,
    "ebitdaratio": 0.1240188383,
    "operatingIncome": 254000000,
    "operatingIncomeRatio": 0.0996860283,
    "totalOtherIncomeExpensesNet": -127000000,
    "incomeBeforeTax": 127000000,
    "incomeBeforeTaxRatio": 0.0498430141,
    "incomeTaxExpense": 185000000,
    "netIncome": -41000000,
    "netIncomeRatio": -0.0160910518,
    "eps": -0.13,
    "epsdiluted": -0.12,
    "weightedAverageShsOut": 322222222,
    "weightedAverageShsOutDil": 330000000,
    "link": "https://www.sec.gov/Archives/edgar/data/1385157/000155837020008757/0001558370-20-008757-index.htm",
    "finalLink": "https://www.sec.gov/Archives/edgar/data/1385157/000155837020008757/tel-20200626x10q.htm"
  },
  {
    "date": "2020-03-27",
    "symbol": "TEL",
    "reportedCurrency": "USD",
    "cik": "0001385157",
    "fillingDate": "2020-05-04",
    "acceptedDate": "2020-05-04 13:27:23",
    "calendarYear": "2020",
    "period": "Q2",
    "revenue": 3195000000,
    "costOfRevenue": 2166000000,
    "grossProfit": 1029000000,
    "grossProfitRatio": 0.3220657277,
    "researchAndDevelopmentExpenses": 158000000,
    "generalAndAdministrativeExpenses": 0,
    "sellingAndMarketingExpenses": 0,
    "sellingGeneralAndAdministrativeExpenses": 369000000,
    "otherExpenses": 0,
    "operatingExpenses": 527000000,
    "costAndExpenses": 2693000000,
    "interestIncome": 5000000,
    "interestExpense": 11000000,
    "depreciationAndAmortization": 180000000,
    "ebitda": -219000000,
    "ebitdaratio": -0.0685446009,
    "operatingIncome": 502000000,
    "operatingIncomeRatio": 0.1571205008,
    "totalOtherIncomeExpensesNet": -912000000,
    "incomeBeforeTax": -410000000,
    "incomeBeforeTaxRatio": -0.1283255086,
    "incomeTaxExpense": 42000000,
    "netIncome": -456000000,
    "netIncomeRatio": -0.1427230047,
    "eps": -1.37,
    "epsdiluted": -1.37,
    "weightedAverageShsOut": 334000000,
    "weightedAverageShsOutDil": 334000000,
    "link": "https://www.sec.gov/Archives/edgar/data/1385157/000155837020005005/0001558370-20-005005-index.htm",
    "finalLink": "https://www.sec.gov/Archives/edgar/data/1385157/000155837020005005/tel-20200504x10q.htm"
  },
  {
    "date": "2019-12-27",
    "symbol": "TEL",
    "reportedCurrency": "USD",
    "cik": "0001385157",
    "fillingDate": "2020-01-29",
    "acceptedDate": "2020-01-29 11:29:30",
    "calendarYear": "2020",
    "period": "Q1",
    "revenue": 3168000000,
    "costOfRevenue": 2138000000,
    "grossProfit": 1030000000,
    "grossProfitRatio": 0.3251262626,
    "researchAndDevelopmentExpenses": 161000000,
    "generalAndAdministrativeExpenses": 0,
    "sellingAndMarketingExpenses": 0,
    "sellingGeneralAndAdministrativeExpenses": 345000000,
    "otherExpenses": 0,
    "operatingExpenses": 506000000,
    "costAndExpenses": 2644000000,
    "interestIncome": 6000000,
    "interestExpense": 12000000,
    "depreciationAndAmortization": 174000000,
    "ebitda": 656000000,
    "ebitdaratio": 0.2070707071,
    "operatingIncome": 524000000,
    "operatingIncomeRatio": 0.1654040404,
    "totalOtherIncomeExpensesNet": -54000000,
    "incomeBeforeTax": 470000000,
    "incomeBeforeTaxRatio": 0.1483585859,
    "incomeTaxExpense": 447000000,
    "netIncome": 26000000,
    "netIncomeRatio": 0.0082070707,
    "eps": 0.08,
    "epsdiluted": 0.08,
    "weightedAverageShsOut": 335000000,
    "weightedAverageShsOutDil": 337000000,
    "link": "https://www.sec.gov/Archives/edgar/data/1385157/000155837020000310/0001558370-20-000310-index.htm",
    "finalLink": "https://www.sec.gov/Archives/edgar/data/1385157/000155837020000310/tel-20191227x10qb2f705.htm"
  },
  {
    "date": "2019-09-27",
    "symbol": "TEL",
    "reportedCurrency": "USD",
    "cik": "0001385157",
    "fillingDate": "2019-11-12",
    "acceptedDate": "2019-11-12 13:33:02",
    "calendarYear": "2019",
    "period": "Q4",
    "revenue": 3300000000,
    "costOfRevenue": 2248000000,
    "grossProfit": 1052000000,
    "grossProfitRatio": 0.3187878788,
    "researchAndDevelopmentExpenses": 159000000,
    "generalAndAdministrativeExpenses": 0,
    "sellingAndMarketingExpenses": 0,
    "sellingGeneralAndAdministrativeExpenses": 416000000,
    "otherExpenses": 0,
    "operatingExpenses": 575000000,
    "costAndExpenses": 2823000000,
    "interestIncome": 6000000,
    "interestExpense": 13000000,
    "depreciationAndAmortization": 175000000,
    "ebitda": 625000000,
    "ebitdaratio": 0.1893939394,
    "operatingIncome": 477000000,
    "operatingIncomeRatio": 0.1445454545,
    "totalOtherIncomeExpensesNet": -40000000,
    "incomeBeforeTax": 437000000,
    "incomeBeforeTaxRatio": 0.1324242424,
    "incomeTaxExpense": 61000000,
    "netIncome": 372000000,
    "netIncomeRatio": 0.1127272727,
    "eps": 1.11,
    "epsdiluted": 1.1,
    "weightedAverageShsOut": 336000000,
    "weightedAverageShsOutDil": 338000000,
    "link": "https://www.sec.gov/Archives/edgar/data/1385157/000155837019010758/0001558370-19-010758-index.htm",
    "finalLink": "https://www.sec.gov/Archives/edgar/data/1385157/000155837019010758/tel-20190927x10kd12dc3.htm"
  },
  {
    "date": "2019-06-28",
    "symbol": "TEL",
    "reportedCurrency": "USD",
    "cik": "0001385157",
    "fillingDate": "2019-07-26",
    "acceptedDate": "2019-07-26 11:19:34",
    "calendarYear": "2019",
    "period": "Q3",
    "revenue": 3389000000,
    "costOfRevenue": 2279000000,
    "grossProfit": 1110000000,
    "grossProfitRatio": 0.3275302449,
    "researchAndDevelopmentExpenses": 158000000,
    "generalAndAdministrativeExpenses": 0,
    "sellingAndMarketingExpenses": 0,
    "sellingGeneralAndAdministrativeExpenses": 340000000,
    "otherExpenses": 0,
    "operatingExpenses": 498000000,
    "costAndExpenses": 2777000000,
    "interestIncome": 4000000,
    "interestExpense": 13000000,
    "depreciationAndAmortization": 174000000,
    "ebitda": 700000000,
    "ebitdaratio": 0.2065506049,
    "operatingIncome": 612000000,
    "operatingIncomeRatio": 0.1805842431,
    "totalOtherIncomeExpensesNet": -99000000,
    "incomeBeforeTax": 513000000,
    "incomeBeforeTaxRatio": 0.1513720862,
    "incomeTaxExpense": -245000000,
    "netIncome": 757000000,
    "netIncomeRatio": 0.2233697256,
    "eps": 2.25,
    "epsdiluted": 2.23,
    "weightedAverageShsOut": 337000000,
    "weightedAverageShsOutDil": 339000000,
    "link": "https://www.sec.gov/Archives/edgar/data/1385157/000155837019006392/0001558370-19-006392-index.htm",
    "finalLink": "https://www.sec.gov/Archives/edgar/data/1385157/000155837019006392/tel-20190628x10q.htm"
  },
  {
    "date": "2019-03-29",
    "symbol": "TEL",
    "reportedCurrency": "USD",
    "cik": "0001385157",
    "fillingDate": "2019-04-26",
    "acceptedDate": "2019-04-26 12:09:32",
    "calendarYear": "2019",
    "period": "Q2",
    "revenue": 3412000000,
    "costOfRevenue": 2294000000,
    "grossProfit": 1118000000,
    "grossProfitRatio": 0.3276670574,
    "researchAndDevelopmentExpenses": 166000000,
    "generalAndAdministrativeExpenses": 0,
    "sellingAndMarketingExpenses": 0,
    "sellingGeneralAndAdministrativeExpenses": 394000000,
    "otherExpenses": 0,
    "operatingExpenses": 560000000,
    "costAndExpenses": 2854000000,
    "interestIncome": 4000000,
    "interestExpense": 15000000,
    "depreciationAndAmortization": 173000000,
    "ebitda": 708000000,
    "ebitdaratio": 0.2075029308,
    "operatingIncome": 558000000,
    "operatingIncomeRatio": 0.1635404455,
    "totalOtherIncomeExpensesNet": -38000000,
    "incomeBeforeTax": 520000000,
    "incomeBeforeTaxRatio": 0.1524032825,
    "incomeTaxExpense": 91000000,
    "netIncome": 429000000,
    "netIncomeRatio": 0.1257327081,
    "eps": 1.3,
    "epsdiluted": 1.29,
    "weightedAverageShsOut": 338000000,
    "weightedAverageShsOutDil": 340000000,
    "link": "https://www.sec.gov/Archives/edgar/data/1385157/000155837019003379/0001558370-19-003379-index.htm",
    "finalLink": "https://www.sec.gov/Archives/edgar/data/1385157/000155837019003379/tel-20190329x10q.htm"
  },
  {
    "date": "2018-12-28",
    "symbol": "TEL",
    "reportedCurrency": "USD",
    "cik": "0001385157",
    "fillingDate": "2019-01-24",
    "acceptedDate": "2019-01-24 12:11:41",
    "calendarYear": "2019",
    "period": "Q1",
    "revenue": 3347000000,
    "costOfRevenue": 2233000000,
    "grossProfit": 1114000000,
    "grossProfitRatio": 0.332835375,
    "researchAndDevelopmentExpenses": 161000000,
    "generalAndAdministrativeExpenses": 0,
    "sellingAndMarketingExpenses": 0,
    "sellingGeneralAndAdministrativeExpenses": 406000000,
    "otherExpenses": 0,
    "operatingExpenses": 567000000,
    "costAndExpenses": 2800000000,
    "interestIncome": 5000000,
    "interestExpense": 27000000,
    "depreciationAndAmortization": 168000000,
    "ebitda": 656000000,
    "ebitdaratio": 0.1959964147,
    "operatingIncome": 547000000,
    "operatingIncomeRatio": 0.1634299373,
    "totalOtherIncomeExpensesNet": -86000000,
    "incomeBeforeTax": 461000000,
    "incomeBeforeTaxRatio": 0.1377352853,
    "incomeTaxExpense": 78000000,
    "netIncome": 372000000,
    "netIncomeRatio": 0.1111443083,
    "eps": 0.81,
    "epsdiluted": 0.8,
    "weightedAverageShsOut": 342000000,
    "weightedAverageShsOutDil": 344000000,
    "link": "https://www.sec.gov/Archives/edgar/data/1385157/000104746919000224/0001047469-19-000224-index.htm",
    "finalLink": "https://www.sec.gov/Archives/edgar/data/1385157/000104746919000224/a2237570z10-q.htm"
  },
  {
    "date": "2018-09-28",
    "symbol": "TEL",
    "reportedCurrency": "USD",
    "cik": "0001385157",
    "fillingDate": "2018-11-13",
    "acceptedDate": "2018-11-13 13:27:51",
    "calendarYear": "2018",
    "period": "Q4",
    "revenue": 3509000000,
    "costOfRevenue": 2431000000,
    "grossProfit": 1078000000,
    "grossProfitRatio": 0.3072100313,
    "researchAndDevelopmentExpenses": 67000000,
    "generalAndAdministrativeExpenses": 0,
    "sellingAndMarketingExpenses": 0,
    "sellingGeneralAndAdministrativeExpenses": 421000000,
    "otherExpenses": 0,
    "operatingExpenses": 488000000,
    "costAndExpenses": 2919000000,
    "interestIncome": 4000000,
    "interestExpense": 27000000,
    "depreciationAndAmortization": 171000000,
    "ebitda": 744000000,
    "ebitdaratio": 0.2120262183,
    "operatingIncome": 590000000,
    "operatingIncomeRatio": 0.168139071,
    "totalOtherIncomeExpensesNet": -44000000,
    "incomeBeforeTax": 546000000,
    "incomeBeforeTaxRatio": 0.155599886,
    "incomeTaxExpense": -1128000000,
    "netIncome": 1661000000,
    "netIncomeRatio": 0.473354232,
    "eps": 4.79,
    "epsdiluted": 4.75,
    "weightedAverageShsOut": 347000000,
    "weightedAverageShsOutDil": 350000000,
    "link": "https://www.sec.gov/Archives/edgar/data/1385157/000104746918007210/0001047469-18-007210-index.htm",
    "finalLink": "https://www.sec.gov/Archives/edgar/data/1385157/000104746918007210/a2237090z10-k.htm"
  },
  {
    "date": "2018-06-29",
    "symbol": "TEL",
    "reportedCurrency": "USD",
    "cik": "0001385157",
    "fillingDate": "2018-07-26",
    "acceptedDate": "2018-07-26 12:15:27",
    "calendarYear": "2018",
    "period": "Q3",
    "revenue": 3764000000,
    "costOfRevenue": 2394000000,
    "grossProfit": 1187000000,
    "grossProfitRatio": 0.3153560043,
    "researchAndDevelopmentExpenses": 171000000,
    "generalAndAdministrativeExpenses": 0,
    "sellingAndMarketingExpenses": 0,
    "sellingGeneralAndAdministrativeExpenses": 458000000,
    "otherExpenses": 0,
    "operatingExpenses": 629000000,
    "costAndExpenses": 3023000000,
    "interestIncome": 3000000,
    "interestExpense": 26000000,
    "depreciationAndAmortization": 167000000,
    "ebitda": 723000000,
    "ebitdaratio": 0.1920828905,
    "operatingIncome": 558000000,
    "operatingIncomeRatio": 0.1482465462,
    "totalOtherIncomeExpensesNet": -28000000,
    "incomeBeforeTax": 535000000,
    "incomeBeforeTaxRatio": 0.1421360255,
    "incomeTaxExpense": 77000000,
    "netIncome": 455000000,
    "netIncomeRatio": 0.1208820404,
    "eps": 1.3,
    "epsdiluted": 1.29,
    "weightedAverageShsOut": 349000000,
    "weightedAverageShsOutDil": 352000000,
    "link": "https://www.sec.gov/Archives/edgar/data/1385157/000104746918005195/0001047469-18-005195-index.htm",
    "finalLink": "https://www.sec.gov/Archives/edgar/data/1385157/000104746918005195/a2236279z10-q.htm"
  },
  {
    "date": "2018-03-30",
    "symbol": "TEL",
    "reportedCurrency": "USD",
    "cik": "0001385157",
    "fillingDate": "2018-04-25",
    "acceptedDate": "2018-04-25 14:50:45",
    "calendarYear": "2018",
    "period": "Q2",
    "revenue": 3745000000,
    "costOfRevenue": 2350000000,
    "grossProfit": 1212000000,
    "grossProfitRatio": 0.3236315087,
    "researchAndDevelopmentExpenses": 173000000,
    "generalAndAdministrativeExpenses": 0,
    "sellingAndMarketingExpenses": 0,
    "sellingGeneralAndAdministrativeExpenses": 378000000,
    "otherExpenses": 0,
    "operatingExpenses": 551000000,
    "costAndExpenses": 2901000000,
    "interestIncome": 4000000,
    "interestExpense": 28000000,
    "depreciationAndAmortization": 167000000,
    "ebitda": 793000000,
    "ebitdaratio": 0.2117489987,
    "operatingIncome": 661000000,
    "operatingIncomeRatio": 0.1765020027,
    "totalOtherIncomeExpensesNet": -63000000,
    "incomeBeforeTax": 600000000,
    "incomeBeforeTaxRatio": 0.1602136182,
    "incomeTaxExpense": 108000000,
    "netIncome": 490000000,
    "netIncomeRatio": 0.1308411215,
    "eps": 1.4,
    "epsdiluted": 1.38,
    "weightedAverageShsOut": 351000000,
    "weightedAverageShsOutDil": 354000000,
    "link": "https://www.sec.gov/Archives/edgar/data/1385157/000104746918003158/0001047469-18-003158-index.htm",
    "finalLink": "https://www.sec.gov/Archives/edgar/data/1385157/000104746918003158/a2235412z10-q.htm"
  },
  {
    "date": "2017-12-29",
    "symbol": "TEL",
    "reportedCurrency": "USD",
    "cik": "0001385157",
    "fillingDate": "2018-01-24",
    "acceptedDate": "2018-01-24 16:24:31",
    "calendarYear": "2018",
    "period": "Q1",
    "revenue": 3480000000,
    "costOfRevenue": 2172000000,
    "grossProfit": 1164000000,
    "grossProfitRatio": 0.3344827586,
    "researchAndDevelopmentExpenses": 165000000,
    "generalAndAdministrativeExpenses": 0,
    "sellingAndMarketingExpenses": 0,
    "sellingGeneralAndAdministrativeExpenses": 358000000,
    "otherExpenses": 0,
    "operatingExpenses": 523000000,
    "costAndExpenses": 2695000000,
    "interestIncome": 4000000,
    "interestExpense": 26000000,
    "depreciationAndAmortization": 162000000,
    "ebitda": 754000000,
    "ebitdaratio": 0.2166666667,
    "operatingIncome": 641000000,
    "operatingIncomeRatio": 0.1841954023,
    "totalOtherIncomeExpensesNet": -75000000,
    "incomeBeforeTax": 561000000,
    "incomeBeforeTaxRatio": 0.1612068966,
    "incomeTaxExpense": 599000000,
    "netIncome": -40000000,
    "netIncomeRatio": -0.0114942529,
    "eps": -0.11,
    "epsdiluted": -0.11,
    "weightedAverageShsOut": 352000000,
    "weightedAverageShsOutDil": 352000000,
    "link": "https://www.sec.gov/Archives/edgar/data/1385157/000104746918000394/0001047469-18-000394-index.htm",
    "finalLink": "https://www.sec.gov/Archives/edgar/data/1385157/000104746918000394/a2234312z10-q.htm"
  },
  {
    "date": "2017-09-29",
    "symbol": "TEL",
    "reportedCurrency": "USD",
    "cik": "0001385157",
    "fillingDate": "2017-11-14",
    "acceptedDate": "2017-11-14 12:35:50",
    "calendarYear": "2017",
    "period": "Q4",
    "revenue": 3456000000,
    "costOfRevenue": 1662000000,
    "grossProfit": 866000000,
    "grossProfitRatio": 0.2505787037,
    "researchAndDevelopmentExpenses": 126000000,
    "generalAndAdministrativeExpenses": 0,
    "sellingAndMarketingExpenses": 0,
    "sellingGeneralAndAdministrativeExpenses": 320000000,
    "otherExpenses": 0,
    "operatingExpenses": 446000000,
    "costAndExpenses": 2108000000,
    "interestIncome": 6000000,
    "interestExpense": 35000000,
    "depreciationAndAmortization": 142000000,
    "ebitda": 489000000,
    "ebitdaratio": 0.1414930556,
    "operatingIncome": 420000000,
    "operatingIncomeRatio": 0.1215277778,
    "totalOtherIncomeExpensesNet": -108000000,
    "incomeBeforeTax": 520000000,
    "incomeBeforeTaxRatio": 0.150462963,
    "incomeTaxExpense": 16000000,
    "netIncome": 434000000,
    "netIncomeRatio": 0.1255787037,
    "eps": 1.23,
    "epsdiluted": 1.22,
    "weightedAverageShsOut": 353000000,
    "weightedAverageShsOutDil": 356000000,
    "link": "https://www.sec.gov/Archives/edgar/data/1385157/000104746917007037/0001047469-17-007037-index.htm",
    "finalLink": "https://www.sec.gov/Archives/edgar/data/1385157/000104746917007037/a2233456z10-k.htm"
  },
  {
    "date": "2017-06-30",
    "symbol": "TEL",
    "reportedCurrency": "USD",
    "cik": "0001385157",
    "fillingDate": "2017-07-26",
    "acceptedDate": "2017-07-26 15:18:59",
    "calendarYear": "2017",
    "period": "Q3",
    "revenue": 3367000000,
    "costOfRevenue": 2227000000,
    "grossProfit": 1140000000,
    "grossProfitRatio": 0.3385803386,
    "researchAndDevelopmentExpenses": 168000000,
    "generalAndAdministrativeExpenses": 0,
    "sellingAndMarketingExpenses": 0,
    "sellingGeneralAndAdministrativeExpenses": 337000000,
    "otherExpenses": 0,
    "operatingExpenses": 505000000,
    "costAndExpenses": 2732000000,
    "interestIncome": 3000000,
    "interestExpense": 32000000,
    "depreciationAndAmortization": 157000000,
    "ebitda": 692000000,
    "ebitdaratio": 0.2055242055,
    "operatingIncome": 635000000,
    "operatingIncomeRatio": 0.1885951886,
    "totalOtherIncomeExpensesNet": -132000000,
    "incomeBeforeTax": 503000000,
    "incomeBeforeTaxRatio": 0.1493911494,
    "incomeTaxExpense": 71000000,
    "netIncome": 435000000,
    "netIncomeRatio": 0.1291951292,
    "eps": 1.23,
    "epsdiluted": 1.22,
    "weightedAverageShsOut": 355000000,
    "weightedAverageShsOutDil": 358000000,
    "link": "https://www.sec.gov/Archives/edgar/data/1385157/000104746917004778/0001047469-17-004778-index.htm",
    "finalLink": "https://www.sec.gov/Archives/edgar/data/1385157/000104746917004778/a2232762z10-q.htm"
  },
  {
    "date": "2017-03-31",
    "symbol": "TEL",
    "reportedCurrency": "USD",
    "cik": "0001385157",
    "fillingDate": "2017-04-26",
    "acceptedDate": "2017-04-26 13:47:12",
    "calendarYear": "2017",
    "period": "Q2",
    "revenue": 3227000000,
    "costOfRevenue": 2119000000,
    "grossProfit": 1108000000,
    "grossProfitRatio": 0.3433529594,
    "researchAndDevelopmentExpenses": 162000000,
    "generalAndAdministrativeExpenses": 0,
    "sellingAndMarketingExpenses": 0,
    "sellingGeneralAndAdministrativeExpenses": 412000000,
    "otherExpenses": 0,
    "operatingExpenses": 574000000,
    "costAndExpenses": 2693000000,
    "interestIncome": 6000000,
    "interestExpense": 32000000,
    "depreciationAndAmortization": 152000000,
    "ebitda": 629000000,
    "ebitdaratio": 0.1949178804,
    "operatingIncome": 534000000,
    "operatingIncomeRatio": 0.1654787729,
    "totalOtherIncomeExpensesNet": -89000000,
    "incomeBeforeTax": 445000000,
    "incomeBeforeTaxRatio": 0.1378989774,
    "incomeTaxExpense": 39000000,
    "netIncome": 405000000,
    "netIncomeRatio": 0.1255035637,
    "eps": 1.14,
    "epsdiluted": 1.13,
    "weightedAverageShsOut": 356000000,
    "weightedAverageShsOutDil": 359000000,
    "link": "https://www.sec.gov/Archives/edgar/data/1385157/000104746917002929/0001047469-17-002929-index.htm",
    "finalLink": "https://www.sec.gov/Archives/edgar/data/1385157/000104746917002929/a2231932z10-q.htm"
  },
  {
    "date": "2016-12-30",
    "symbol": "TEL",
    "reportedCurrency": "USD",
    "cik": "0001385157",
    "fillingDate": "2017-01-26",
    "acceptedDate": "2017-01-26 11:01:11",
    "calendarYear": "2017",
    "period": "Q1",
    "revenue": 3063000000,
    "costOfRevenue": 1998000000,
    "grossProfit": 1065000000,
    "grossProfitRatio": 0.347698335,
    "researchAndDevelopmentExpenses": 158000000,
    "generalAndAdministrativeExpenses": 0,
    "sellingAndMarketingExpenses": 0,
    "sellingGeneralAndAdministrativeExpenses": 372000000,
    "otherExpenses": 0,
    "operatingExpenses": 530000000,
    "costAndExpenses": 2528000000,
    "interestIncome": 5000000,
    "interestExpense": 31000000,
    "depreciationAndAmortization": 160000000,
    "ebitda": 651000000,
    "ebitdaratio": 0.2125367287,
    "operatingIncome": 535000000,
    "operatingIncomeRatio": 0.1746653608,
    "totalOtherIncomeExpensesNet": -75000000,
    "incomeBeforeTax": 460000000,
    "incomeBeforeTaxRatio": 0.1501795625,
    "incomeTaxExpense": 54000000,
    "netIncome": 406000000,
    "netIncomeRatio": 0.1325497878,
    "eps": 1.15,
    "epsdiluted": 1.14,
    "weightedAverageShsOut": 356000000,
    "weightedAverageShsOutDil": 359000000,
    "link": "https://www.sec.gov/Archives/edgar/data/1385157/000104746917000362/0001047469-17-000362-index.htm",
    "finalLink": "https://www.sec.gov/Archives/edgar/data/1385157/000104746917000362/a2230734z10-q.htm"
  },
  {
    "date": "2016-09-30",
    "symbol": "TEL",
    "reportedCurrency": "USD",
    "cik": "0001385157",
    "fillingDate": "2016-11-15",
    "acceptedDate": "2016-11-15 14:15:18",
    "calendarYear": "2016",
    "period": "Q4",
    "revenue": 3332000000,
    "costOfRevenue": 2228000000,
    "grossProfit": 1104000000,
    "grossProfitRatio": 0.331332533,
    "researchAndDevelopmentExpenses": 165000000,
    "generalAndAdministrativeExpenses": 0,
    "sellingAndMarketingExpenses": 0,
    "sellingGeneralAndAdministrativeExpenses": 389000000,
    "otherExpenses": 0,
    "operatingExpenses": 554000000,
    "costAndExpenses": 2782000000,
    "interestIncome": 7000000,
    "interestExpense": 34000000,
    "depreciationAndAmortization": 147000000,
    "ebitda": 670000000,
    "ebitdaratio": 0.2010804322,
    "operatingIncome": 550000000,
    "operatingIncomeRatio": 0.1650660264,
    "totalOtherIncomeExpensesNet": -61000000,
    "incomeBeforeTax": 489000000,
    "incomeBeforeTaxRatio": 0.1467587035,
    "incomeTaxExpense": 52000000,
    "netIncome": 429000000,
    "netIncomeRatio": 0.1287515006,
    "eps": 1.23,
    "epsdiluted": 1.22,
    "weightedAverageShsOut": 355000000,
    "weightedAverageShsOutDil": 359000000,
    "link": "https://www.sec.gov/Archives/edgar/data/1385157/000104746916016719/0001047469-16-016719-index.htm",
    "finalLink": "https://www.sec.gov/Archives/edgar/data/1385157/000104746916016719/a2230240z10-k.htm"
  },
  {
    "date": "2016-06-24",
    "symbol": "TEL",
    "reportedCurrency": "USD",
    "cik": "0001385157",
    "fillingDate": "2016-07-22",
    "acceptedDate": "2016-07-22 13:28:40",
    "calendarYear": "2016",
    "period": "Q3",
    "revenue": 3121000000,
    "costOfRevenue": 2099000000,
    "grossProfit": 1022000000,
    "grossProfitRatio": 0.3274591477,
    "researchAndDevelopmentExpenses": 161000000,
    "generalAndAdministrativeExpenses": 0,
    "sellingAndMarketingExpenses": 0,
    "sellingGeneralAndAdministrativeExpenses": 367000000,
    "otherExpenses": 0,
    "operatingExpenses": 528000000,
    "costAndExpenses": 2627000000,
    "interestIncome": 2000000,
    "interestExpense": 31000000,
    "depreciationAndAmortization": 148000000,
    "ebitda": 452000000,
    "ebitdaratio": 0.1448253765,
    "operatingIncome": 452000000,
    "operatingIncomeRatio": 0.1448253765,
    "totalOtherIncomeExpensesNet": -680000000,
    "incomeBeforeTax": -228000000,
    "incomeBeforeTaxRatio": -0.0730535085,
    "incomeTaxExpense": -1019000000,
    "netIncome": 839000000,
    "netIncomeRatio": 0.2688240948,
    "eps": 2.35,
    "epsdiluted": 2.32,
    "weightedAverageShsOut": 357000000,
    "weightedAverageShsOutDil": 361000000,
    "link": "https://www.sec.gov/Archives/edgar/data/1385157/000104746916014418/0001047469-16-014418-index.htm",
    "finalLink": "https://www.sec.gov/Archives/edgar/data/1385157/000104746916014418/a2229223z10-q.htm"
  },
  {
    "date": "2016-03-25",
    "symbol": "TEL",
    "reportedCurrency": "USD",
    "cik": "0001385157",
    "fillingDate": "2016-04-21",
    "acceptedDate": "2016-04-21 14:59:02",
    "calendarYear": "2016",
    "period": "Q2",
    "revenue": 2952000000,
    "costOfRevenue": 1990000000,
    "grossProfit": 962000000,
    "grossProfitRatio": 0.3258807588,
    "researchAndDevelopmentExpenses": 156000000,
    "generalAndAdministrativeExpenses": 0,
    "sellingAndMarketingExpenses": 0,
    "sellingGeneralAndAdministrativeExpenses": 367000000,
    "otherExpenses": 0,
    "operatingExpenses": 523000000,
    "costAndExpenses": 2513000000,
    "interestIncome": 4000000,
    "interestExpense": 32000000,
    "depreciationAndAmortization": 144000000,
    "ebitda": 695000000,
    "ebitdaratio": 0.2354336043,
    "operatingIncome": 535000000,
    "operatingIncomeRatio": 0.1812330623,
    "totalOtherIncomeExpensesNet": -16000000,
    "incomeBeforeTax": 519000000,
    "incomeBeforeTaxRatio": 0.1758130081,
    "incomeTaxExpense": 130000000,
    "netIncome": 380000000,
    "netIncomeRatio": 0.1287262873,
    "eps": 1.04,
    "epsdiluted": 1.03,
    "weightedAverageShsOut": 364000000,
    "weightedAverageShsOutDil": 368000000,
    "link": "https://www.sec.gov/Archives/edgar/data/1385157/000104746916012413/0001047469-16-012413-index.htm",
    "finalLink": "https://www.sec.gov/Archives/edgar/data/1385157/000104746916012413/a2228312z10-q.htm"
  },
  {
    "date": "2015-12-25",
    "symbol": "TEL",
    "reportedCurrency": "USD",
    "cik": "0001385157",
    "fillingDate": "2016-01-22",
    "acceptedDate": "2016-01-22 13:14:26",
    "calendarYear": "2016",
    "period": "Q1",
    "revenue": 2833000000,
    "costOfRevenue": 1888000000,
    "grossProfit": 945000000,
    "grossProfitRatio": 0.3335686551,
    "researchAndDevelopmentExpenses": 162000000,
    "generalAndAdministrativeExpenses": 0,
    "sellingAndMarketingExpenses": 0,
    "sellingGeneralAndAdministrativeExpenses": 340000000,
    "otherExpenses": 0,
    "operatingExpenses": 502000000,
    "costAndExpenses": 2390000000,
    "interestIncome": 6000000,
    "interestExpense": 30000000,
    "depreciationAndAmortization": 146000000,
    "ebitda": 558000000,
    "ebitdaratio": 0.1969643487,
    "operatingIncome": 398000000,
    "operatingIncomeRatio": 0.1404871161,
    "totalOtherIncomeExpensesNet": -16000000,
    "incomeBeforeTax": 382000000,
    "incomeBeforeTaxRatio": 0.1348393929,
    "incomeTaxExpense": 58000000,
    "netIncome": 353000000,
    "netIncomeRatio": 0.1246028945,
    "eps": 0.92,
    "epsdiluted": 0.91,
    "weightedAverageShsOut": 385000000,
    "weightedAverageShsOutDil": 390000000,
    "link": "https://www.sec.gov/Archives/edgar/data/1385157/000104746916009797/0001047469-16-009797-index.htm",
    "finalLink": "https://www.sec.gov/Archives/edgar/data/1385157/000104746916009797/a2227123z10-q.htm"
  },
  {
    "date": "2015-09-25",
    "symbol": "TEL",
    "reportedCurrency": "USD",
    "cik": "0001385157",
    "fillingDate": "2015-11-10",
    "acceptedDate": "2015-11-10 15:45:04",
    "calendarYear": "2015",
    "period": "Q4",
    "revenue": 2984000000,
    "costOfRevenue": 2016000000,
    "grossProfit": 968000000,
    "grossProfitRatio": 0.3243967828,
    "researchAndDevelopmentExpenses": 148000000,
    "generalAndAdministrativeExpenses": 0,
    "sellingAndMarketingExpenses": 0,
    "sellingGeneralAndAdministrativeExpenses": 334000000,
    "otherExpenses": 0,
    "operatingExpenses": 482000000,
    "costAndExpenses": 2498000000,
    "interestIncome": 4000000,
    "interestExpense": 32000000,
    "depreciationAndAmortization": 161000000,
    "ebitda": 581000000,
    "ebitdaratio": 0.1947050938,
    "operatingIncome": 407000000,
    "operatingIncomeRatio": 0.1363941019,
    "totalOtherIncomeExpensesNet": -105000000,
    "incomeBeforeTax": 388000000,
    "incomeBeforeTaxRatio": 0.1300268097,
    "incomeTaxExpense": 252000000,
    "netIncome": 1040000000,
    "netIncomeRatio": 0.3485254692,
    "eps": 2.6,
    "epsdiluted": 2.57,
    "weightedAverageShsOut": 400000000,
    "weightedAverageShsOutDil": 405000000,
    "link": "https://www.sec.gov/Archives/edgar/data/1385157/000104746915008508/0001047469-15-008508-index.htm",
    "finalLink": "https://www.sec.gov/Archives/edgar/data/1385157/000104746915008508/a2226440z10-k.htm"
  },
  {
    "date": "2015-06-26",
    "symbol": "TEL",
    "reportedCurrency": "USD",
    "cik": "0001385157",
    "fillingDate": "2015-07-23",
    "acceptedDate": "2015-07-23 14:35:18",
    "calendarYear": "2015",
    "period": "Q3",
    "revenue": 3118000000,
    "costOfRevenue": 2070000000,
    "grossProfit": 1048000000,
    "grossProfitRatio": 0.3361128929,
    "researchAndDevelopmentExpenses": 159000000,
    "generalAndAdministrativeExpenses": 0,
    "sellingAndMarketingExpenses": 0,
    "sellingGeneralAndAdministrativeExpenses": 393000000,
    "otherExpenses": 0,
    "operatingExpenses": 552000000,
    "costAndExpenses": 2622000000,
    "interestIncome": 4000000,
    "interestExpense": 33000000,
    "depreciationAndAmortization": 148000000,
    "ebitda": 632000000,
    "ebitdaratio": 0.2026940346,
    "operatingIncome": 469000000,
    "operatingIncomeRatio": 0.1504169339,
    "totalOtherIncomeExpensesNet": -18000000,
    "incomeBeforeTax": 451000000,
    "incomeBeforeTaxRatio": 0.1446440026,
    "incomeTaxExpense": 100000000,
    "netIncome": 309000000,
    "netIncomeRatio": 0.0991019885,
    "eps": 0.76,
    "epsdiluted": 0.75,
    "weightedAverageShsOut": 406000000,
    "weightedAverageShsOutDil": 412000000,
    "link": "https://www.sec.gov/Archives/edgar/data/1385157/000104746915006264/0001047469-15-006264-index.htm",
    "finalLink": "https://www.sec.gov/Archives/edgar/data/1385157/000104746915006264/a2225440z10-q.htm"
  },
  {
    "date": "2015-03-27",
    "symbol": "TEL",
    "reportedCurrency": "USD",
    "cik": "0001385157",
    "fillingDate": "2015-04-23",
    "acceptedDate": "2015-04-23 16:07:08",
    "calendarYear": "2015",
    "period": "Q2",
    "revenue": 3082000000,
    "costOfRevenue": 2031000000,
    "grossProfit": 1051000000,
    "grossProfitRatio": 0.3410123297,
    "researchAndDevelopmentExpenses": 160000000,
    "generalAndAdministrativeExpenses": 0,
    "sellingAndMarketingExpenses": 0,
    "sellingGeneralAndAdministrativeExpenses": 391000000,
    "otherExpenses": -5000000,
    "operatingExpenses": 551000000,
    "costAndExpenses": 2582000000,
    "interestIncome": 4000000,
    "interestExpense": 37000000,
    "depreciationAndAmortization": 147000000,
    "ebitda": 594000000,
    "ebitdaratio": 0.1927319922,
    "operatingIncome": 448000000,
    "operatingIncomeRatio": 0.1453601557,
    "totalOtherIncomeExpensesNet": -38000000,
    "incomeBeforeTax": 410000000,
    "incomeBeforeTaxRatio": 0.1330304997,
    "incomeTaxExpense": 94000000,
    "netIncome": 599000000,
    "netIncomeRatio": 0.1943543154,
    "eps": 1.47,
    "epsdiluted": 1.45,
    "weightedAverageShsOut": 407000000,
    "weightedAverageShsOutDil": 413000000,
    "link": "https://www.sec.gov/Archives/edgar/data/1385157/000104746915003840/0001047469-15-003840-index.htm",
    "finalLink": "https://www.sec.gov/Archives/edgar/data/1385157/000104746915003840/a2224345z10-q.htm"
  },
  {
    "date": "2014-12-26",
    "symbol": "TEL",
    "reportedCurrency": "USD",
    "cik": "0001385157",
    "fillingDate": "2015-01-28",
    "acceptedDate": "2015-01-28 16:42:31",
    "calendarYear": "2015",
    "period": "Q1",
    "revenue": 3466000000,
    "costOfRevenue": 2295000000,
    "grossProfit": 1171000000,
    "grossProfitRatio": 0.3378534334,
    "researchAndDevelopmentExpenses": 184000000,
    "generalAndAdministrativeExpenses": 0,
    "sellingAndMarketingExpenses": 0,
    "sellingGeneralAndAdministrativeExpenses": 459000000,
    "otherExpenses": 0,
    "operatingExpenses": 643000000,
    "costAndExpenses": 2938000000,
    "interestIncome": 5000000,
    "interestExpense": 35000000,
    "depreciationAndAmortization": 175000000,
    "ebitda": 638000000,
    "ebitdaratio": 0.1840738604,
    "operatingIncome": 477000000,
    "operatingIncomeRatio": 0.1376226197,
    "totalOtherIncomeExpensesNet": -48000000,
    "incomeBeforeTax": 377000000,
    "incomeBeforeTaxRatio": 0.1087709175,
    "incomeTaxExpense": -95000000,
    "netIncome": 472000000,
    "netIncomeRatio": 0.1361800346,
    "eps": 1.16,
    "epsdiluted": 1.14,
    "weightedAverageShsOut": 407000000,
    "weightedAverageShsOutDil": 413000000,
    "link": "https://www.sec.gov/Archives/edgar/data/1385157/000104746915000470/0001047469-15-000470-index.htm",
    "finalLink": "https://www.sec.gov/Archives/edgar/data/1385157/000104746915000470/a2222849z10-q.htm"
  },
  {
    "date": "2014-09-26",
    "symbol": "TEL",
    "reportedCurrency": "USD",
    "cik": "0001385157",
    "fillingDate": "2014-11-12",
    "acceptedDate": "2014-11-12 11:56:32",
    "calendarYear": "2014",
    "period": "Q4",
    "revenue": 3575000000,
    "costOfRevenue": 2377000000,
    "grossProfit": 1198000000,
    "grossProfitRatio": 0.3351048951,
    "researchAndDevelopmentExpenses": 170000000,
    "generalAndAdministrativeExpenses": 0,
    "sellingAndMarketingExpenses": 0,
    "sellingGeneralAndAdministrativeExpenses": 461000000,
    "otherExpenses": 6000000,
    "operatingExpenses": 631000000,
    "costAndExpenses": 3008000000,
    "interestIncome": 6000000,
    "interestExpense": 37000000,
    "depreciationAndAmortization": 160000000,
    "ebitda": 693000000,
    "ebitdaratio": 0.1938461538,
    "operatingIncome": 521000000,
    "operatingIncomeRatio": 0.1457342657,
    "totalOtherIncomeExpensesNet": -25000000,
    "incomeBeforeTax": 496000000,
    "incomeBeforeTaxRatio": 0.1387412587,
    "incomeTaxExpense": -169000000,
    "netIncome": 663000000,
    "netIncomeRatio": 0.1854545455,
    "eps": 1.62,
    "epsdiluted": 1.59,
    "weightedAverageShsOut": 409000000,
    "weightedAverageShsOutDil": 416000000,
    "link": "https://www.sec.gov/Archives/edgar/data/1385157/000104746914009088/0001047469-14-009088-index.htm",
    "finalLink": "https://www.sec.gov/Archives/edgar/data/1385157/000104746914009088/a2222107z10-k.htm"
  },
  {
    "date": "2014-06-27",
    "symbol": "TEL",
    "reportedCurrency": "USD",
    "cik": "0001385157",
    "fillingDate": "2014-07-24",
    "acceptedDate": "2014-07-24 11:10:39",
    "calendarYear": "2014",
    "period": "Q3",
    "revenue": 3580000000,
    "costOfRevenue": 2376000000,
    "grossProfit": 1204000000,
    "grossProfitRatio": 0.3363128492,
    "researchAndDevelopmentExpenses": 171000000,
    "generalAndAdministrativeExpenses": 0,
    "sellingAndMarketingExpenses": 0,
    "sellingGeneralAndAdministrativeExpenses": 483000000,
    "otherExpenses": 0,
    "operatingExpenses": 654000000,
    "costAndExpenses": 3030000000,
    "interestIncome": 4000000,
    "interestExpense": 30000000,
    "depreciationAndAmortization": 154000000,
    "ebitda": 615000000,
    "ebitdaratio": 0.1717877095,
    "operatingIncome": 535000000,
    "operatingIncomeRatio": 0.1494413408,
    "totalOtherIncomeExpensesNet": 40000000,
    "incomeBeforeTax": 518000000,
    "incomeBeforeTaxRatio": 0.1446927374,
    "incomeTaxExpense": 113000000,
    "netIncome": 403000000,
    "netIncomeRatio": 0.1125698324,
    "eps": 0.99,
    "epsdiluted": 0.97,
    "weightedAverageShsOut": 409000000,
    "weightedAverageShsOutDil": 416000000,
    "link": "https://www.sec.gov/Archives/edgar/data/1385157/000104746914006364/0001047469-14-006364-index.htm",
    "finalLink": "https://www.sec.gov/Archives/edgar/data/1385157/000104746914006364/a2220835z10-q.htm"
  },
  {
    "date": "2014-03-28",
    "symbol": "TEL",
    "reportedCurrency": "USD",
    "cik": "0001385157",
    "fillingDate": "2014-04-24",
    "acceptedDate": "2014-04-24 12:05:18",
    "calendarYear": "2014",
    "period": "Q2",
    "revenue": 3431000000,
    "costOfRevenue": 2258000000,
    "grossProfit": 1173000000,
    "grossProfitRatio": 0.341882833,
    "researchAndDevelopmentExpenses": 170000000,
    "generalAndAdministrativeExpenses": 0,
    "sellingAndMarketingExpenses": 0,
    "sellingGeneralAndAdministrativeExpenses": 471000000,
    "otherExpenses": 0,
    "operatingExpenses": 641000000,
    "costAndExpenses": 2899000000,
    "interestIncome": 4000000,
    "interestExpense": 30000000,
    "depreciationAndAmortization": 154000000,
    "ebitda": 612000000,
    "ebitdaratio": 0.178373652,
    "operatingIncome": 510000000,
    "operatingIncomeRatio": 0.14864471,
    "totalOtherIncomeExpensesNet": -11000000,
    "incomeBeforeTax": 500000000,
    "incomeBeforeTaxRatio": 0.1457301078,
    "incomeTaxExpense": 136000000,
    "netIncome": 362000000,
    "netIncomeRatio": 0.1055085981,
    "eps": 0.88,
    "epsdiluted": 0.87,
    "weightedAverageShsOut": 410000000,
    "weightedAverageShsOutDil": 417000000,
    "link": "https://www.sec.gov/Archives/edgar/data/1385157/000104746914004115/0001047469-14-004115-index.htm",
    "finalLink": "https://www.sec.gov/Archives/edgar/data/1385157/000104746914004115/a2219762z10-q.htm"
  },
  {
    "date": "2013-12-27",
    "symbol": "TEL",
    "reportedCurrency": "USD",
    "cik": "0001385157",
    "fillingDate": "2014-01-23",
    "acceptedDate": "2014-01-23 11:04:35",
    "calendarYear": "2014",
    "period": "Q1",
    "revenue": 3326000000,
    "costOfRevenue": 2209000000,
    "grossProfit": 1117000000,
    "grossProfitRatio": 0.3358388455,
    "researchAndDevelopmentExpenses": 164000000,
    "generalAndAdministrativeExpenses": 0,
    "sellingAndMarketingExpenses": 0,
    "sellingGeneralAndAdministrativeExpenses": 467000000,
    "otherExpenses": 0,
    "operatingExpenses": 631000000,
    "costAndExpenses": 2840000000,
    "interestIncome": 5000000,
    "interestExpense": 34000000,
    "depreciationAndAmortization": 149000000,
    "ebitda": 665000000,
    "ebitdaratio": 0.1999398677,
    "operatingIncome": 479000000,
    "operatingIncomeRatio": 0.144016837,
    "totalOtherIncomeExpensesNet": 3000000,
    "incomeBeforeTax": 482000000,
    "incomeBeforeTaxRatio": 0.1449188214,
    "incomeTaxExpense": 127000000,
    "netIncome": 353000000,
    "netIncomeRatio": 0.1061334937,
    "eps": 0.86,
    "epsdiluted": 0.84,
    "weightedAverageShsOut": 411000000,
    "weightedAverageShsOutDil": 418000000,
    "link": "https://www.sec.gov/Archives/edgar/data/1385157/000104746914000305/0001047469-14-000305-index.htm",
    "finalLink": "https://www.sec.gov/Archives/edgar/data/1385157/000104746914000305/a2217993z10-q.htm"
  },
  {
    "date": "2013-09-27",
    "symbol": "TEL",
    "reportedCurrency": "USD",
    "cik": "0001385157",
    "fillingDate": "2013-11-15",
    "acceptedDate": "2013-11-15 08:59:32",
    "calendarYear": "2013",
    "period": "Q4",
    "revenue": 3432000000,
    "costOfRevenue": 2276000000,
    "grossProfit": 1156000000,
    "grossProfitRatio": 0.3368298368,
    "researchAndDevelopmentExpenses": 166000000,
    "generalAndAdministrativeExpenses": 0,
    "sellingAndMarketingExpenses": 0,
    "sellingGeneralAndAdministrativeExpenses": 451000000,
    "otherExpenses": 0,
    "operatingExpenses": 617000000,
    "costAndExpenses": 2893000000,
    "interestIncome": 4000000,
    "interestExpense": 34000000,
    "depreciationAndAmortization": 150000000,
    "ebitda": 635000000,
    "ebitdaratio": 0.18502331,
    "operatingIncome": 465000000,
    "operatingIncomeRatio": 0.1354895105,
    "totalOtherIncomeExpensesNet": -14000000,
    "incomeBeforeTax": 451000000,
    "incomeBeforeTaxRatio": 0.1314102564,
    "incomeTaxExpense": 63000000,
    "netIncome": 387000000,
    "netIncomeRatio": 0.1127622378,
    "eps": 0.94,
    "epsdiluted": 0.92,
    "weightedAverageShsOut": 413000000,
    "weightedAverageShsOutDil": 420000000,
    "link": "https://www.sec.gov/Archives/edgar/data/1385157/000104746913010572/0001047469-13-010572-index.htm",
    "finalLink": "https://www.sec.gov/Archives/edgar/data/1385157/000104746913010572/a2217307z10-k.htm"
  },
  {
    "date": "2013-06-28",
    "symbol": "TEL",
    "reportedCurrency": "USD",
    "cik": "0001385157",
    "fillingDate": "2013-07-25",
    "acceptedDate": "2013-07-25 09:49:57",
    "calendarYear": "2013",
    "period": "Q3",
    "revenue": 3449000000,
    "costOfRevenue": 2317000000,
    "grossProfit": 1132000000,
    "grossProfitRatio": 0.3282110757,
    "researchAndDevelopmentExpenses": 167000000,
    "generalAndAdministrativeExpenses": 0,
    "sellingAndMarketingExpenses": 0,
    "sellingGeneralAndAdministrativeExpenses": 456000000,
    "otherExpenses": 0,
    "operatingExpenses": 623000000,
    "costAndExpenses": 2940000000,
    "interestIncome": 4000000,
    "interestExpense": 36000000,
    "depreciationAndAmortization": 147000000,
    "ebitda": 608000000,
    "ebitdaratio": 0.1762829806,
    "operatingIncome": 439000000,
    "operatingIncomeRatio": 0.1272832705,
    "totalOtherIncomeExpensesNet": -14000000,
    "incomeBeforeTax": 425000000,
    "incomeBeforeTaxRatio": 0.1232241229,
    "incomeTaxExpense": 93000000,
    "netIncome": 335000000,
    "netIncomeRatio": 0.0971296028,
    "eps": 0.81,
    "epsdiluted": 0.8,
    "weightedAverageShsOut": 415000000,
    "weightedAverageShsOutDil": 421000000,
    "link": "https://www.sec.gov/Archives/edgar/data/1385157/000104746913007764/0001047469-13-007764-index.htm",
    "finalLink": "https://www.sec.gov/Archives/edgar/data/1385157/000104746913007764/a2216057z10-q.htm"
  },
  {
    "date": "2013-03-29",
    "symbol": "TEL",
    "reportedCurrency": "USD",
    "cik": "0001385157",
    "fillingDate": "2013-04-24",
    "acceptedDate": "2013-04-24 16:58:12",
    "calendarYear": "2013",
    "period": "Q2",
    "revenue": 3265000000,
    "costOfRevenue": 2213000000,
    "grossProfit": 1052000000,
    "grossProfitRatio": 0.3222052067,
    "researchAndDevelopmentExpenses": 171000000,
    "generalAndAdministrativeExpenses": 0,
    "sellingAndMarketingExpenses": 0,
    "sellingGeneralAndAdministrativeExpenses": 438000000,
    "otherExpenses": 0,
    "operatingExpenses": 609000000,
    "costAndExpenses": 2822000000,
    "interestIncome": 5000000,
    "interestExpense": 35000000,
    "depreciationAndAmortization": 158000000,
    "ebitda": 531000000,
    "ebitdaratio": 0.1626339969,
    "operatingIncome": 359000000,
    "operatingIncomeRatio": 0.1099540582,
    "totalOtherIncomeExpensesNet": -21000000,
    "incomeBeforeTax": 338000000,
    "incomeBeforeTaxRatio": 0.1035222052,
    "incomeTaxExpense": 60000000,
    "netIncome": 277000000,
    "netIncomeRatio": 0.0848392037,
    "eps": 0.66,
    "epsdiluted": 0.65,
    "weightedAverageShsOut": 420000000,
    "weightedAverageShsOutDil": 424000000,
    "link": "https://www.sec.gov/Archives/edgar/data/1385157/000104746913004780/0001047469-13-004780-index.htm",
    "finalLink": "https://www.sec.gov/Archives/edgar/data/1385157/000104746913004780/a2214582z10-q.htm"
  },
  {
    "date": "2012-12-28",
    "symbol": "TEL",
    "reportedCurrency": "USD",
    "cik": "0001385157",
    "fillingDate": "2013-01-25",
    "acceptedDate": "2013-01-25 09:47:31",
    "calendarYear": "2013",
    "period": "Q1",
    "revenue": 3134000000,
    "costOfRevenue": 2145000000,
    "grossProfit": 989000000,
    "grossProfitRatio": 0.3155711551,
    "researchAndDevelopmentExpenses": 171000000,
    "generalAndAdministrativeExpenses": 0,
    "sellingAndMarketingExpenses": 0,
    "sellingGeneralAndAdministrativeExpenses": 428000000,
    "otherExpenses": 0,
    "operatingExpenses": 599000000,
    "costAndExpenses": 2744000000,
    "interestIncome": 4000000,
    "interestExpense": 37000000,
    "depreciationAndAmortization": 152000000,
    "ebitda": 223000000,
    "ebitdaratio": 0.0711550734,
    "operatingIncome": 293000000,
    "operatingIncomeRatio": 0.0934907466,
    "totalOtherIncomeExpensesNet": -259000000,
    "incomeBeforeTax": 34000000,
    "incomeBeforeTaxRatio": 0.0108487556,
    "incomeTaxExpense": -245000000,
    "netIncome": 277000000,
    "netIncomeRatio": 0.0883854499,
    "eps": 0.66,
    "epsdiluted": 0.65,
    "weightedAverageShsOut": 422000000,
    "weightedAverageShsOutDil": 426000000,
    "link": "https://www.sec.gov/Archives/edgar/data/1385157/000104746913000426/0001047469-13-000426-index.htm",
    "finalLink": "https://www.sec.gov/Archives/edgar/data/1385157/000104746913000426/a2212526z10-q.htm"
  },
  {
    "date": "2012-09-28",
    "symbol": "TEL",
    "reportedCurrency": "USD",
    "cik": "0001385157",
    "fillingDate": "2012-11-13",
    "acceptedDate": "2012-11-13 14:35:56",
    "calendarYear": "2012",
    "period": "Q4",
    "revenue": 3364000000,
    "costOfRevenue": 2300000000,
    "grossProfit": 1064000000,
    "grossProfitRatio": 0.3162901308,
    "researchAndDevelopmentExpenses": 165000000,
    "generalAndAdministrativeExpenses": 0,
    "sellingAndMarketingExpenses": 0,
    "sellingGeneralAndAdministrativeExpenses": 452000000,
    "otherExpenses": 0,
    "operatingExpenses": 617000000,
    "costAndExpenses": 2917000000,
    "interestIncome": 5000000,
    "interestExpense": 45000000,
    "depreciationAndAmortization": 156000000,
    "ebitda": 581000000,
    "ebitdaratio": 0.1727110583,
    "operatingIncome": 401000000,
    "operatingIncomeRatio": 0.1192033294,
    "totalOtherIncomeExpensesNet": -67000000,
    "incomeBeforeTax": 380000000,
    "incomeBeforeTaxRatio": 0.112960761,
    "incomeTaxExpense": -18000000,
    "netIncome": 396000000,
    "netIncomeRatio": 0.1177170036,
    "eps": 0.94,
    "epsdiluted": 0.93,
    "weightedAverageShsOut": 422000000,
    "weightedAverageShsOutDil": 426000000,
    "link": "https://www.sec.gov/Archives/edgar/data/1385157/000104746912010439/0001047469-12-010439-index.htm",
    "finalLink": "https://www.sec.gov/Archives/edgar/data/1385157/000104746912010439/a2211640z10-k.htm"
  },
  {
    "date": "2012-06-29",
    "symbol": "TEL",
    "reportedCurrency": "USD",
    "cik": "0001385157",
    "fillingDate": "2012-07-26",
    "acceptedDate": "2012-07-26 14:46:23",
    "calendarYear": "2012",
    "period": "Q3",
    "revenue": 3499000000,
    "costOfRevenue": 2481000000,
    "grossProfit": 1018000000,
    "grossProfitRatio": 0.2909402686,
    "researchAndDevelopmentExpenses": 173000000,
    "generalAndAdministrativeExpenses": 0,
    "sellingAndMarketingExpenses": 0,
    "sellingGeneralAndAdministrativeExpenses": 423000000,
    "otherExpenses": 0,
    "operatingExpenses": 596000000,
    "costAndExpenses": 3077000000,
    "interestIncome": 6000000,
    "interestExpense": 48000000,
    "depreciationAndAmortization": 174000000,
    "ebitda": 570000000,
    "ebitdaratio": 0.1629036868,
    "operatingIncome": 371000000,
    "operatingIncomeRatio": 0.1060302944,
    "totalOtherIncomeExpensesNet": -23000000,
    "incomeBeforeTax": 348000000,
    "incomeBeforeTaxRatio": 0.0994569877,
    "incomeTaxExpense": 88000000,
    "netIncome": 199000000,
    "netIncomeRatio": 0.0568733924,
    "eps": 0.46,
    "epsdiluted": 0.46,
    "weightedAverageShsOut": 428000000,
    "weightedAverageShsOutDil": 431000000,
    "link": "https://www.sec.gov/Archives/edgar/data/1385157/000104746912007456/0001047469-12-007456-index.htm",
    "finalLink": "https://www.sec.gov/Archives/edgar/data/1385157/000104746912007456/a2210236z10-q.htm"
  },
  {
    "date": "2012-03-30",
    "symbol": "TEL",
    "reportedCurrency": "USD",
    "cik": "0001385157",
    "fillingDate": "2012-04-30",
    "acceptedDate": "2012-04-30 13:13:49",
    "calendarYear": "2012",
    "period": "Q2",
    "revenue": 3249000000,
    "costOfRevenue": 2228000000,
    "grossProfit": 1021000000,
    "grossProfitRatio": 0.3142505386,
    "researchAndDevelopmentExpenses": 173000000,
    "generalAndAdministrativeExpenses": 0,
    "sellingAndMarketingExpenses": 0,
    "sellingGeneralAndAdministrativeExpenses": 427000000,
    "otherExpenses": 0,
    "operatingExpenses": 600000000,
    "costAndExpenses": 2828000000,
    "interestIncome": 7000000,
    "interestExpense": 44000000,
    "depreciationAndAmortization": 136000000,
    "ebitda": 541000000,
    "ebitdaratio": 0.1665127732,
    "operatingIncome": 385000000,
    "operatingIncomeRatio": 0.1184979994,
    "totalOtherIncomeExpensesNet": -26000000,
    "incomeBeforeTax": 359000000,
    "incomeBeforeTaxRatio": 0.1104955371,
    "incomeTaxExpense": 91000000,
    "netIncome": 257000000,
    "netIncomeRatio": 0.0791012619,
    "eps": 0.6,
    "epsdiluted": 0.6,
    "weightedAverageShsOut": 427000000,
    "weightedAverageShsOutDil": 431000000,
    "link": "https://www.sec.gov/Archives/edgar/data/1385157/000104746912004990/0001047469-12-004990-index.htm",
    "finalLink": "https://www.sec.gov/Archives/edgar/data/1385157/000104746912004990/a2209025z10-q.htm"
  },
  {
    "date": "2011-12-30",
    "symbol": "TEL",
    "reportedCurrency": "USD",
    "cik": "0001385157",
    "fillingDate": "2012-01-27",
    "acceptedDate": "2012-01-27 11:57:39",
    "calendarYear": "2012",
    "period": "Q1",
    "revenue": 3309000000,
    "costOfRevenue": 2326000000,
    "grossProfit": 983000000,
    "grossProfitRatio": 0.2970686008,
    "researchAndDevelopmentExpenses": 184000000,
    "generalAndAdministrativeExpenses": 0,
    "sellingAndMarketingExpenses": 0,
    "sellingGeneralAndAdministrativeExpenses": 398000000,
    "otherExpenses": 0,
    "operatingExpenses": 582000000,
    "costAndExpenses": 2908000000,
    "interestIncome": 5000000,
    "interestExpense": 38000000,
    "depreciationAndAmortization": 143000000,
    "ebitda": 508000000,
    "ebitdaratio": 0.1535207011,
    "operatingIncome": 378000000,
    "operatingIncomeRatio": 0.1142339075,
    "totalOtherIncomeExpensesNet": -15000000,
    "incomeBeforeTax": 346000000,
    "incomeBeforeTaxRatio": 0.1045633122,
    "incomeTaxExpense": 92000000,
    "netIncome": 260000000,
    "netIncomeRatio": 0.0785735872,
    "eps": 0.61,
    "epsdiluted": 0.61,
    "weightedAverageShsOut": 425000000,
    "weightedAverageShsOutDil": 429000000,
    "link": "https://www.sec.gov/Archives/edgar/data/1385157/000104746912000427/0001047469-12-000427-index.htm",
    "finalLink": "https://www.sec.gov/Archives/edgar/data/1385157/000104746912000427/a2206905z10-q.htm"
  },
  {
    "date": "2011-09-30",
    "symbol": "TEL",
    "reportedCurrency": "USD",
    "cik": "0001385157",
    "fillingDate": "2011-11-18",
    "acceptedDate": "2011-11-18 15:08:02",
    "calendarYear": "2011",
    "period": "Q4",
    "revenue": 3911000000,
    "costOfRevenue": 2679000000,
    "grossProfit": 1232000000,
    "grossProfitRatio": 0.3150089491,
    "researchAndDevelopmentExpenses": 202000000,
    "generalAndAdministrativeExpenses": 0,
    "sellingAndMarketingExpenses": 0,
    "sellingGeneralAndAdministrativeExpenses": 481000000,
    "otherExpenses": 0,
    "operatingExpenses": 683000000,
    "costAndExpenses": 3362000000,
    "interestIncome": 6000000,
    "interestExpense": 43000000,
    "depreciationAndAmortization": 147000000,
    "ebitda": 632000000,
    "ebitdaratio": 0.1615954999,
    "operatingIncome": 465000000,
    "operatingIncomeRatio": 0.1188954232,
    "totalOtherIncomeExpensesNet": -23000000,
    "incomeBeforeTax": 442000000,
    "incomeBeforeTaxRatio": 0.1130145743,
    "incomeTaxExpense": 115000000,
    "netIncome": 326000000,
    "netIncomeRatio": 0.0833546408,
    "eps": 0.77,
    "epsdiluted": 0.76,
    "weightedAverageShsOut": 425000000,
    "weightedAverageShsOutDil": 429000000,
    "link": "https://www.sec.gov/Archives/edgar/data/1385157/000104746911009687/0001047469-11-009687-index.htm",
    "finalLink": "https://www.sec.gov/Archives/edgar/data/1385157/000104746911009687/a2206230z10-k.htm"
  },
  {
    "date": "2011-06-24",
    "symbol": "TEL",
    "reportedCurrency": "USD",
    "cik": "0001385157",
    "fillingDate": "2011-07-22",
    "acceptedDate": "2011-07-22 11:57:44",
    "calendarYear": "2011",
    "period": "Q3",
    "revenue": 3729000000,
    "costOfRevenue": 2604000000,
    "grossProfit": 1125000000,
    "grossProfitRatio": 0.301689461,
    "researchAndDevelopmentExpenses": 188000000,
    "generalAndAdministrativeExpenses": 0,
    "sellingAndMarketingExpenses": 0,
    "sellingGeneralAndAdministrativeExpenses": 452000000,
    "otherExpenses": 0,
    "operatingExpenses": 640000000,
    "costAndExpenses": 3244000000,
    "interestIncome": 5000000,
    "interestExpense": 40000000,
    "depreciationAndAmortization": 146000000,
    "ebitda": 603000000,
    "ebitdaratio": 0.1617055511,
    "operatingIncome": 471000000,
    "operatingIncomeRatio": 0.126307321,
    "totalOtherIncomeExpensesNet": -29000000,
    "incomeBeforeTax": 431000000,
    "incomeBeforeTaxRatio": 0.1155805846,
    "incomeTaxExpense": 74000000,
    "netIncome": 355000000,
    "netIncomeRatio": 0.0951997855,
    "eps": 0.81,
    "epsdiluted": 0.8,
    "weightedAverageShsOut": 437000000,
    "weightedAverageShsOutDil": 442000000,
    "link": "https://www.sec.gov/Archives/edgar/data/1385157/000104746911006546/0001047469-11-006546-index.htm",
    "finalLink": "https://www.sec.gov/Archives/edgar/data/1385157/000104746911006546/a2204836z10-q.htm"
  },
  {
    "date": "2011-03-25",
    "symbol": "TEL",
    "reportedCurrency": "USD",
    "cik": "0001385157",
    "fillingDate": "2011-04-26",
    "acceptedDate": "2011-04-26 11:47:18",
    "calendarYear": "2011",
    "period": "Q2",
    "revenue": 3472000000,
    "costOfRevenue": 2428000000,
    "grossProfit": 1044000000,
    "grossProfitRatio": 0.3006912442,
    "researchAndDevelopmentExpenses": 180000000,
    "generalAndAdministrativeExpenses": 0,
    "sellingAndMarketingExpenses": 0,
    "sellingGeneralAndAdministrativeExpenses": 445000000,
    "otherExpenses": 0,
    "operatingExpenses": 625000000,
    "costAndExpenses": 3053000000,
    "interestIncome": 6000000,
    "interestExpense": 43000000,
    "depreciationAndAmortization": 148000000,
    "ebitda": 547000000,
    "ebitdaratio": 0.1575460829,
    "operatingIncome": 405000000,
    "operatingIncomeRatio": 0.1166474654,
    "totalOtherIncomeExpensesNet": -31000000,
    "incomeBeforeTax": 374000000,
    "incomeBeforeTaxRatio": 0.107718894,
    "incomeTaxExpense": 74000000,
    "netIncome": 299000000,
    "netIncomeRatio": 0.0861175115,
    "eps": 0.67,
    "epsdiluted": 0.67,
    "weightedAverageShsOut": 443000000,
    "weightedAverageShsOutDil": 449000000,
    "link": "https://www.sec.gov/Archives/edgar/data/1385157/000104746911004066/0001047469-11-004066-index.htm",
    "finalLink": "https://www.sec.gov/Archives/edgar/data/1385157/000104746911004066/a2203527z10-q.htm"
  },
  {
    "date": "2010-12-24",
    "symbol": "TEL",
    "reportedCurrency": "USD",
    "cik": "0001385157",
    "fillingDate": "2011-01-24",
    "acceptedDate": "2011-01-24 15:19:45",
    "calendarYear": "2011",
    "period": "Q1",
    "revenue": 3200000000,
    "costOfRevenue": 2179000000,
    "grossProfit": 1021000000,
    "grossProfitRatio": 0.3190625,
    "researchAndDevelopmentExpenses": 163000000,
    "generalAndAdministrativeExpenses": 0,
    "sellingAndMarketingExpenses": 0,
    "sellingGeneralAndAdministrativeExpenses": 402000000,
    "otherExpenses": 0,
    "operatingExpenses": 565000000,
    "costAndExpenses": 2744000000,
    "interestIncome": 5000000,
    "interestExpense": 35000000,
    "depreciationAndAmortization": 133000000,
    "ebitda": 550000000,
    "ebitdaratio": 0.171875,
    "operatingIncome": 400000000,
    "operatingIncomeRatio": 0.125,
    "totalOtherIncomeExpensesNet": -18000000,
    "incomeBeforeTax": 382000000,
    "incomeBeforeTaxRatio": 0.119375,
    "incomeTaxExpense": 113000000,
    "netIncome": 265000000,
    "netIncomeRatio": 0.0828125,
    "eps": 0.6,
    "epsdiluted": 0.59,
    "weightedAverageShsOut": 444000000,
    "weightedAverageShsOutDil": 449000000,
    "link": "https://www.sec.gov/Archives/edgar/data/1385157/000104746911000265/0001047469-11-000265-index.htm",
    "finalLink": "https://www.sec.gov/Archives/edgar/data/1385157/000104746911000265/a2201621z10-q.htm"
  },
  {
    "date": "2010-09-24",
    "symbol": "TEL",
    "reportedCurrency": "USD",
    "cik": "0001385157",
    "fillingDate": "2010-11-10",
    "acceptedDate": "2010-11-10 15:38:29",
    "calendarYear": "2010",
    "period": "Q4",
    "revenue": 3137000000,
    "costOfRevenue": 2144000000,
    "grossProfit": 993000000,
    "grossProfitRatio": 0.3165444692,
    "researchAndDevelopmentExpenses": 158000000,
    "generalAndAdministrativeExpenses": 0,
    "sellingAndMarketingExpenses": 0,
    "sellingGeneralAndAdministrativeExpenses": 389000000,
    "otherExpenses": 7000000,
    "operatingExpenses": 554000000,
    "costAndExpenses": 2698000000,
    "interestIncome": 6000000,
    "interestExpense": 40000000,
    "depreciationAndAmortization": 125000000,
    "ebitda": 565000000,
    "ebitdaratio": 0.1801083838,
    "operatingIncome": 382000000,
    "operatingIncomeRatio": 0.121772394,
    "totalOtherIncomeExpensesNet": 18000000,
    "incomeBeforeTax": 400000000,
    "incomeBeforeTaxRatio": 0.1275103602,
    "incomeTaxExpense": 145000000,
    "netIncome": 297000000,
    "netIncomeRatio": 0.0946764425,
    "eps": 0.56,
    "epsdiluted": 0.56,
    "weightedAverageShsOut": 444000000,
    "weightedAverageShsOutDil": 449000000,
    "link": "https://www.sec.gov/Archives/edgar/data/1385157/000104746910009566/0001047469-10-009566-index.htm",
    "finalLink": "https://www.sec.gov/Archives/edgar/data/1385157/000104746910009566/a2200168z10-k.htm"
  },
  {
    "date": "2010-06-25",
    "symbol": "TEL",
    "reportedCurrency": "USD",
    "cik": "0001385157",
    "fillingDate": "2010-07-23",
    "acceptedDate": "2010-07-23 16:26:51",
    "calendarYear": "2010",
    "period": "Q3",
    "revenue": 3084000000,
    "costOfRevenue": 2099000000,
    "grossProfit": 985000000,
    "grossProfitRatio": 0.3193904021,
    "researchAndDevelopmentExpenses": 147000000,
    "generalAndAdministrativeExpenses": 0,
    "sellingAndMarketingExpenses": 0,
    "sellingGeneralAndAdministrativeExpenses": 375000000,
    "otherExpenses": 0,
    "operatingExpenses": 522000000,
    "costAndExpenses": 2621000000,
    "interestIncome": 4000000,
    "interestExpense": 38000000,
    "depreciationAndAmortization": 129000000,
    "ebitda": 642000000,
    "ebitdaratio": 0.2081712062,
    "operatingIncome": 467000000,
    "operatingIncomeRatio": 0.1514267185,
    "totalOtherIncomeExpensesNet": 8000000,
    "incomeBeforeTax": 475000000,
    "incomeBeforeTaxRatio": 0.1540207523,
    "incomeTaxExpense": 144000000,
    "netIncome": 330000000,
    "netIncomeRatio": 0.1070038911,
    "eps": 0.73,
    "epsdiluted": 0.72,
    "weightedAverageShsOut": 451000000,
    "weightedAverageShsOutDil": 456000000,
    "link": "https://www.sec.gov/Archives/edgar/data/1385157/000104746910006583/0001047469-10-006583-index.htm",
    "finalLink": "https://www.sec.gov/Archives/edgar/data/1385157/000104746910006583/a2199455z10-q.htm"
  },
  {
    "date": "2010-03-26",
    "symbol": "TEL",
    "reportedCurrency": "USD",
    "cik": "0001385157",
    "fillingDate": "2010-04-29",
    "acceptedDate": "2010-04-29 12:29:02",
    "calendarYear": "2010",
    "period": "Q2",
    "revenue": 2957000000,
    "costOfRevenue": 1999000000,
    "grossProfit": 958000000,
    "grossProfitRatio": 0.3239770037,
    "researchAndDevelopmentExpenses": 142000000,
    "generalAndAdministrativeExpenses": 0,
    "sellingAndMarketingExpenses": 0,
    "sellingGeneralAndAdministrativeExpenses": 406000000,
    "otherExpenses": 0,
    "operatingExpenses": 548000000,
    "costAndExpenses": 2547000000,
    "interestIncome": 6000000,
    "interestExpense": 38000000,
    "depreciationAndAmortization": 128000000,
    "ebitda": 607000000,
    "ebitdaratio": 0.2052756172,
    "operatingIncome": 398000000,
    "operatingIncomeRatio": 0.1345958742,
    "totalOtherIncomeExpensesNet": 43000000,
    "incomeBeforeTax": 441000000,
    "incomeBeforeTaxRatio": 0.1491376395,
    "incomeTaxExpense": 135000000,
    "netIncome": 304000000,
    "netIncomeRatio": 0.1028068989,
    "eps": 0.67,
    "epsdiluted": 0.66,
    "weightedAverageShsOut": 457000000,
    "weightedAverageShsOutDil": 461000000,
    "link": "https://www.sec.gov/Archives/edgar/data/1385157/000104746910004400/0001047469-10-004400-index.htm",
    "finalLink": "https://www.sec.gov/Archives/edgar/data/1385157/000104746910004400/a2198234z10-q.htm"
  },
  {
    "date": "2009-12-25",
    "symbol": "TEL",
    "reportedCurrency": "USD",
    "cik": "0001385157",
    "fillingDate": "2010-01-28",
    "acceptedDate": "2010-01-28 12:31:37",
    "calendarYear": "2010",
    "period": "Q1",
    "revenue": 2892000000,
    "costOfRevenue": 2051000000,
    "grossProfit": 841000000,
    "grossProfitRatio": 0.290802213,
    "researchAndDevelopmentExpenses": 138000000,
    "generalAndAdministrativeExpenses": 0,
    "sellingAndMarketingExpenses": 0,
    "sellingGeneralAndAdministrativeExpenses": 368000000,
    "otherExpenses": 0,
    "operatingExpenses": 506000000,
    "costAndExpenses": 2557000000,
    "interestIncome": 4000000,
    "interestExpense": 39000000,
    "depreciationAndAmortization": 138000000,
    "ebitda": 419000000,
    "ebitdaratio": 0.1448824343,
    "operatingIncome": 269000000,
    "operatingIncomeRatio": 0.0930152144,
    "totalOtherIncomeExpensesNet": -27000000,
    "incomeBeforeTax": 242000000,
    "incomeBeforeTaxRatio": 0.0836791148,
    "incomeTaxExpense": 69000000,
    "netIncome": 172000000,
    "netIncomeRatio": 0.0594744122,
    "eps": 0.37,
    "epsdiluted": 0.37,
    "weightedAverageShsOut": 459000000,
    "weightedAverageShsOutDil": 462000000,
    "link": "https://www.sec.gov/Archives/edgar/data/1385157/000104746910000391/0001047469-10-000391-index.htm",
    "finalLink": "https://www.sec.gov/Archives/edgar/data/1385157/000104746910000391/a2196157z10-q.htm"
  },
  {
    "date": "2009-09-25",
    "symbol": "TEL",
    "reportedCurrency": "USD",
    "cik": "0001385157",
    "fillingDate": "2009-11-18",
    "acceptedDate": "2009-11-18 14:59:43",
    "calendarYear": "2009",
    "period": "Q4",
    "revenue": 2698000000,
    "costOfRevenue": 2007000000,
    "grossProfit": 691000000,
    "grossProfitRatio": 0.2561156412,
    "researchAndDevelopmentExpenses": 131000000,
    "generalAndAdministrativeExpenses": 0,
    "sellingAndMarketingExpenses": 0,
    "sellingGeneralAndAdministrativeExpenses": 338000000,
    "otherExpenses": 0,
    "operatingExpenses": 469000000,
    "costAndExpenses": 2476000000,
    "interestIncome": 4000000,
    "interestExpense": 40000000,
    "depreciationAndAmortization": 133000000,
    "ebitda": 258000000,
    "ebitdaratio": 0.0956263899,
    "operatingIncome": 176000000,
    "operatingIncomeRatio": 0.0652335063,
    "totalOtherIncomeExpensesNet": -91000000,
    "incomeBeforeTax": 85000000,
    "incomeBeforeTaxRatio": 0.0315048184,
    "incomeTaxExpense": 1000000,
    "netIncome": 93000000,
    "netIncomeRatio": 0.0344699778,
    "eps": 0.2,
    "epsdiluted": 0.2,
    "weightedAverageShsOut": 459000000,
    "weightedAverageShsOutDil": 462000000,
    "link": "https://www.sec.gov/Archives/edgar/data/1385157/000104746909010297/0001047469-09-010297-index.htm",
    "finalLink": "https://www.sec.gov/Archives/edgar/data/1385157/000104746909010297/a2195411z10-k.htm"
  },
  {
    "date": "2009-06-26",
    "symbol": "TEL",
    "reportedCurrency": "USD",
    "cik": "0001385157",
    "fillingDate": "2009-07-31",
    "acceptedDate": "2009-07-31 15:24:22",
    "calendarYear": "2009",
    "period": "Q3",
    "revenue": 2508000000,
    "costOfRevenue": 1921000000,
    "grossProfit": 587000000,
    "grossProfitRatio": 0.2340510367,
    "researchAndDevelopmentExpenses": 130000000,
    "generalAndAdministrativeExpenses": 0,
    "sellingAndMarketingExpenses": 0,
    "sellingGeneralAndAdministrativeExpenses": 330000000,
    "otherExpenses": 0,
    "operatingExpenses": 460000000,
    "costAndExpenses": 2381000000,
    "interestIncome": 4000000,
    "interestExpense": 42000000,
    "depreciationAndAmortization": 120000000,
    "ebitda": 203000000,
    "ebitdaratio": 0.0809409888,
    "operatingIncome": 64000000,
    "operatingIncomeRatio": 0.0255183413,
    "totalOtherIncomeExpensesNet": -33000000,
    "incomeBeforeTax": 31000000,
    "incomeBeforeTaxRatio": 0.0123604466,
    "incomeTaxExpense": 3000000,
    "netIncome": -74000000,
    "netIncomeRatio": -0.0295055821,
    "eps": -0.16,
    "epsdiluted": -0.16,
    "weightedAverageShsOut": 458000000,
    "weightedAverageShsOutDil": 459000000,
    "link": "https://www.sec.gov/Archives/edgar/data/1385157/000104746909007070/0001047469-09-007070-index.htm",
    "finalLink": "https://www.sec.gov/Archives/edgar/data/1385157/000104746909007070/a2193820z10-q.htm"
  },
  {
    "date": "2009-03-27",
    "symbol": "TEL",
    "reportedCurrency": "USD",
    "cik": "0001385157",
    "fillingDate": "2009-05-04",
    "acceptedDate": "2009-05-04 11:25:50",
    "calendarYear": "2009",
    "period": "Q2",
    "revenue": 2456000000,
    "costOfRevenue": 2016000000,
    "grossProfit": 440000000,
    "grossProfitRatio": 0.1791530945,
    "researchAndDevelopmentExpenses": 0,
    "generalAndAdministrativeExpenses": 0,
    "sellingAndMarketingExpenses": 0,
    "sellingGeneralAndAdministrativeExpenses": 362000000,
    "otherExpenses": 0,
    "operatingExpenses": 362000000,
    "costAndExpenses": 2378000000,
    "interestIncome": 3000000,
    "interestExpense": 40000000,
    "depreciationAndAmortization": 130000000,
    "ebitda": -3666000000,
    "ebitdaratio": -1.4926710098,
    "operatingIncome": -3802000000,
    "operatingIncomeRatio": -1.5480456026,
    "totalOtherIncomeExpensesNet": -30000000,
    "incomeBeforeTax": -3836000000,
    "incomeBeforeTaxRatio": -1.5618892508,
    "incomeTaxExpense": -594000000,
    "netIncome": -3238000000,
    "netIncomeRatio": -1.3184039088,
    "eps": -7.07,
    "epsdiluted": -7.07,
    "weightedAverageShsOut": 458000000,
    "weightedAverageShsOutDil": 458000000,
    "link": "https://www.sec.gov/Archives/edgar/data/1385157/000104746909004918/0001047469-09-004918-index.htm",
    "finalLink": "https://www.sec.gov/Archives/edgar/data/1385157/000104746909004918/a2192543z10-q.htm"
  },
  {
    "date": "2008-12-26",
    "symbol": "TEL",
    "reportedCurrency": "USD",
    "cik": "0001385157",
    "fillingDate": "2009-02-03",
    "acceptedDate": "2009-02-03 12:46:56",
    "calendarYear": "2009",
    "period": "Q1",
    "revenue": 2809000000,
    "costOfRevenue": 2255000000,
    "grossProfit": 554000000,
    "grossProfitRatio": 0.1972232111,
    "researchAndDevelopmentExpenses": 0,
    "generalAndAdministrativeExpenses": 0,
    "sellingAndMarketingExpenses": 0,
    "sellingGeneralAndAdministrativeExpenses": 489000000,
    "otherExpenses": 9000000,
    "operatingExpenses": 498000000,
    "costAndExpenses": 2753000000,
    "interestIncome": 6000000,
    "interestExpense": 203000000,
    "depreciationAndAmortization": 132000000,
    "ebitda": 215000000,
    "ebitdaratio": 0.0765396938,
    "operatingIncome": -21000000,
    "operatingIncomeRatio": -0.0074759701,
    "totalOtherIncomeExpensesNet": -37000000,
    "incomeBeforeTax": -58000000,
    "incomeBeforeTaxRatio": -0.0206479174,
    "incomeTaxExpense": -23000000,
    "netIncome": -37000000,
    "netIncomeRatio": -0.0131719473,
    "eps": -0.0806,
    "epsdiluted": -0.0803,
    "weightedAverageShsOut": 459000000,
    "weightedAverageShsOutDil": 461000000,
    "link": "https://www.sec.gov/Archives/edgar/data/1385157/000104746909000551/0001047469-09-000551-index.htm",
    "finalLink": "https://www.sec.gov/Archives/edgar/data/1385157/000104746909000551/a2190165z10-q.htm"
  },
  {
    "date": "2008-09-26",
    "symbol": "TEL",
    "reportedCurrency": "USD",
    "cik": "0001385157",
    "fillingDate": "2008-11-20",
    "acceptedDate": "2008-11-20 16:23:47",
    "calendarYear": "2008",
    "period": "Q4",
    "revenue": 3706000000,
    "costOfRevenue": 2795000000,
    "grossProfit": 911000000,
    "grossProfitRatio": 0.2458175931,
    "researchAndDevelopmentExpenses": 0,
    "generalAndAdministrativeExpenses": 0,
    "sellingAndMarketingExpenses": 0,
    "sellingGeneralAndAdministrativeExpenses": 423000000,
    "otherExpenses": 129000000,
    "operatingExpenses": 552000000,
    "costAndExpenses": 3347000000,
    "interestIncome": 0,
    "interestExpense": 398000000,
    "depreciationAndAmortization": 145000000,
    "ebitda": 504000000,
    "ebitdaratio": 0.1359956827,
    "operatingIncome": 236000000,
    "operatingIncomeRatio": 0.0636805181,
    "totalOtherIncomeExpensesNet": -78000000,
    "incomeBeforeTax": 158000000,
    "incomeBeforeTaxRatio": 0.0426335672,
    "incomeTaxExpense": 50000000,
    "netIncome": 202000000,
    "netIncomeRatio": 0.0545062062,
    "eps": 0.24,
    "epsdiluted": 0.24,
    "weightedAverageShsOut": 459000000,
    "weightedAverageShsOutDil": 459000000,
    "link": "https://www.sec.gov/Archives/edgar/data/1385157/000104746908012452/0001047469-08-012452-index.htm",
    "finalLink": "https://www.sec.gov/Archives/edgar/data/1385157/000104746908012452/a2189095z10-k.htm"
  },
  {
    "date": "2008-06-27",
    "symbol": "TEL",
    "reportedCurrency": "USD",
    "cik": "0001385157",
    "fillingDate": "2008-08-01",
    "acceptedDate": "2008-08-01 14:01:04",
    "calendarYear": "2008",
    "period": "Q3",
    "revenue": 3908000000,
    "costOfRevenue": 2911000000,
    "grossProfit": 997000000,
    "grossProfitRatio": 0.2551177073,
    "researchAndDevelopmentExpenses": 0,
    "generalAndAdministrativeExpenses": 0,
    "sellingAndMarketingExpenses": 0,
    "sellingGeneralAndAdministrativeExpenses": 437000000,
    "otherExpenses": 7000000,
    "operatingExpenses": 444000000,
    "costAndExpenses": 3355000000,
    "interestIncome": 6000000,
    "interestExpense": 63000000,
    "depreciationAndAmortization": 143000000,
    "ebitda": 650000000,
    "ebitdaratio": 0.1663254862,
    "operatingIncome": 537000000,
    "operatingIncomeRatio": 0.1374104401,
    "totalOtherIncomeExpensesNet": -36000000,
    "incomeBeforeTax": 501000000,
    "incomeBeforeTaxRatio": 0.128198567,
    "incomeTaxExpense": 182000000,
    "netIncome": 330000000,
    "netIncomeRatio": 0.0844421699,
    "eps": 0.69,
    "epsdiluted": 0.68,
    "weightedAverageShsOut": 478000000,
    "weightedAverageShsOutDil": 482000000,
    "link": "https://www.sec.gov/Archives/edgar/data/1385157/000104746908008629/0001047469-08-008629-index.htm",
    "finalLink": "https://www.sec.gov/Archives/edgar/data/1385157/000104746908008629/a2186901z10-q.htm"
  },
  {
    "date": "2008-03-28",
    "symbol": "TEL",
    "reportedCurrency": "USD",
    "cik": "0001385157",
    "fillingDate": "2008-05-05",
    "acceptedDate": "2008-05-05 14:19:00",
    "calendarYear": "2008",
    "period": "Q2",
    "revenue": 3662000000,
    "costOfRevenue": 2692000000,
    "grossProfit": 970000000,
    "grossProfitRatio": 0.2648825778,
    "researchAndDevelopmentExpenses": 0,
    "generalAndAdministrativeExpenses": 0,
    "sellingAndMarketingExpenses": 0,
    "sellingGeneralAndAdministrativeExpenses": 421000000,
    "otherExpenses": 23000000,
    "operatingExpenses": 444000000,
    "costAndExpenses": 3136000000,
    "interestIncome": 9000000,
    "interestExpense": 89000000,
    "depreciationAndAmortization": 131000000,
    "ebitda": 654000000,
    "ebitdaratio": 0.1785909339,
    "operatingIncome": 501000000,
    "operatingIncomeRatio": 0.1368104861,
    "totalOtherIncomeExpensesNet": -27000000,
    "incomeBeforeTax": 474000000,
    "incomeBeforeTaxRatio": 0.1294374659,
    "incomeTaxExpense": 171000000,
    "netIncome": 301000000,
    "netIncomeRatio": 0.0821955216,
    "eps": 0.62,
    "epsdiluted": 0.62,
    "weightedAverageShsOut": 486000000,
    "weightedAverageShsOutDil": 489000000,
    "link": "https://www.sec.gov/Archives/edgar/data/1385157/000104746908005927/0001047469-08-005927-index.htm",
    "finalLink": "https://www.sec.gov/Archives/edgar/data/1385157/000104746908005927/a2184519z10-q.htm"
  },
  {
    "date": "2007-12-28",
    "symbol": "TEL",
    "reportedCurrency": "USD",
    "cik": "0001385157",
    "fillingDate": "2008-02-07",
    "acceptedDate": "2008-02-07 14:41:20",
    "calendarYear": "2008",
    "period": "Q1",
    "revenue": 3675000000,
    "costOfRevenue": 2758000000,
    "grossProfit": 917000000,
    "grossProfitRatio": 0.2495238095,
    "researchAndDevelopmentExpenses": 0,
    "generalAndAdministrativeExpenses": 0,
    "sellingAndMarketingExpenses": 0,
    "sellingGeneralAndAdministrativeExpenses": 418000000,
    "otherExpenses": 0,
    "operatingExpenses": 418000000,
    "costAndExpenses": 3176000000,
    "interestIncome": 0,
    "interestExpense": 0,
    "depreciationAndAmortization": 140000000,
    "ebitda": 633000000,
    "ebitdaratio": 0.172244898,
    "operatingIncome": 478000000,
    "operatingIncomeRatio": 0.1300680272,
    "totalOtherIncomeExpensesNet": 558000000,
    "incomeBeforeTax": 1030000000,
    "incomeBeforeTaxRatio": 0.2802721088,
    "incomeTaxExpense": 157000000,
    "netIncome": 949000000,
    "netIncomeRatio": 0.2582312925,
    "eps": 1.91,
    "epsdiluted": 1.9,
    "weightedAverageShsOut": 496000000,
    "weightedAverageShsOutDil": 499000000,
    "link": "https://www.sec.gov/Archives/edgar/data/1385157/000104746908000928/0001047469-08-000928-index.htm",
    "finalLink": "https://www.sec.gov/Archives/edgar/data/1385157/000104746908000928/a2182376z10-q.htm"
  },
  {
    "date": "2007-09-28",
    "symbol": "TEL",
    "reportedCurrency": "USD",
    "cik": "0001385157",
    "fillingDate": "2007-12-14",
    "acceptedDate": "2007-12-14 14:07:57",
    "calendarYear": "2007",
    "period": "Q4",
    "revenue": 3619000000,
    "costOfRevenue": 2708000000,
    "grossProfit": 911000000,
    "grossProfitRatio": 0.2517269964,
    "researchAndDevelopmentExpenses": 0,
    "generalAndAdministrativeExpenses": 0,
    "sellingAndMarketingExpenses": 0,
    "sellingGeneralAndAdministrativeExpenses": 401000000,
    "otherExpenses": 16000000,
    "operatingExpenses": 417000000,
    "costAndExpenses": 3125000000,
    "interestIncome": 0,
    "interestExpense": 146000000,
    "depreciationAndAmortization": 138000000,
    "ebitda": 632000000,
    "ebitdaratio": 0.1746338768,
    "operatingIncome": 443000000,
    "operatingIncomeRatio": 0.1224095054,
    "totalOtherIncomeExpensesNet": -30000000,
    "incomeBeforeTax": 413000000,
    "incomeBeforeTaxRatio": 0.1141199226,
    "incomeTaxExpense": 146000000,
    "netIncome": 256000000,
    "netIncomeRatio": 0.0707377729,
    "eps": 0.52,
    "epsdiluted": 0.51,
    "weightedAverageShsOut": 496000000,
    "weightedAverageShsOutDil": 499000000,
    "link": "https://www.sec.gov/Archives/edgar/data/1385157/000104746907010039/0001047469-07-010039-index.htm",
    "finalLink": "https://www.sec.gov/Archives/edgar/data/1385157/000104746907010039/a2180783z10-k.htm"
  },
  {
    "date": "2007-06-29",
    "symbol": "TEL",
    "reportedCurrency": "USD",
    "cik": "0001385157",
    "fillingDate": "2007-08-13",
    "acceptedDate": "2007-08-13 12:26:21",
    "calendarYear": "2007",
    "period": "Q3",
    "revenue": 3412000000,
    "costOfRevenue": 2550000000,
    "grossProfit": 862000000,
    "grossProfitRatio": 0.2526377491,
    "researchAndDevelopmentExpenses": 0,
    "generalAndAdministrativeExpenses": 0,
    "sellingAndMarketingExpenses": 0,
    "sellingGeneralAndAdministrativeExpenses": 426000000,
    "otherExpenses": 916000000,
    "operatingExpenses": 1342000000,
    "costAndExpenses": 3892000000,
    "interestIncome": 11000000,
    "interestExpense": 1918000000,
    "depreciationAndAmortization": 146000000,
    "ebitda": -334000000,
    "ebitdaratio": -0.0978898007,
    "operatingIncome": -508000000,
    "operatingIncomeRatio": -0.1488862837,
    "totalOtherIncomeExpensesNet": -278000000,
    "incomeBeforeTax": -786000000,
    "incomeBeforeTaxRatio": -0.2303634232,
    "incomeTaxExpense": 146000000,
    "netIncome": -1368000000,
    "netIncomeRatio": -0.4009378664,
    "eps": -2.75,
    "epsdiluted": -2.75,
    "weightedAverageShsOut": 497000000,
    "weightedAverageShsOutDil": 497000000,
    "link": "https://www.sec.gov/Archives/edgar/data/1385157/000104746907006361/0001047469-07-006361-index.htm",
    "finalLink": "https://www.sec.gov/Archives/edgar/data/1385157/000104746907006361/a2179295z10-q.htm"
  },
  {
    "date": "2007-03-31",
    "symbol": "TEL",
    "reportedCurrency": "USD",
    "cik": "0001385157",
    "fillingDate": "2007-03-31",
    "acceptedDate": "2007-03-31 00:00:00",
    "calendarYear": "2007",
    "period": "Q2",
    "revenue": 3204000000,
    "costOfRevenue": 2372000000,
    "grossProfit": 832000000,
    "grossProfitRatio": 0.2596754057,
    "researchAndDevelopmentExpenses": 0,
    "generalAndAdministrativeExpenses": 0,
    "sellingAndMarketingExpenses": 0,
    "sellingGeneralAndAdministrativeExpenses": 405000000,
    "otherExpenses": 8000000,
    "operatingExpenses": 413000000,
    "costAndExpenses": 2785000000,
    "interestIncome": 0,
    "interestExpense": 49000000,
    "depreciationAndAmortization": 123000000,
    "ebitda": 542000000,
    "ebitdaratio": 0.1691635456,
    "operatingIncome": 419000000,
    "operatingIncomeRatio": 0.1307740325,
    "totalOtherIncomeExpensesNet": -44000000,
    "incomeBeforeTax": 375000000,
    "incomeBeforeTaxRatio": 0.1170411985,
    "incomeTaxExpense": 93000000,
    "netIncome": 277000000,
    "netIncomeRatio": 0.086454432,
    "eps": 0.56,
    "epsdiluted": 0.56,
    "weightedAverageShsOut": 497000000,
    "weightedAverageShsOutDil": 497000000,
    "link": null,
    "finalLink": null
  },
  {
    "date": "2006-12-31",
    "symbol": "TEL",
    "reportedCurrency": "USD",
    "cik": "0001385157",
    "fillingDate": "2006-12-31",
    "acceptedDate": "2006-12-31 00:00:00",
    "calendarYear": "2007",
    "period": "Q1",
    "revenue": 3094000000,
    "costOfRevenue": 2279000000,
    "grossProfit": 815000000,
    "grossProfitRatio": 0.2634130575,
    "researchAndDevelopmentExpenses": 0,
    "generalAndAdministrativeExpenses": 0,
    "sellingAndMarketingExpenses": 0,
    "sellingGeneralAndAdministrativeExpenses": 411000000,
    "otherExpenses": 10000000,
    "operatingExpenses": 421000000,
    "costAndExpenses": 2700000000,
    "interestIncome": 0,
    "interestExpense": 5000000,
    "depreciationAndAmortization": 128000000,
    "ebitda": 522000000,
    "ebitdaratio": 0.1687136393,
    "operatingIncome": 394000000,
    "operatingIncomeRatio": 0.127343245,
    "totalOtherIncomeExpensesNet": -45000000,
    "incomeBeforeTax": 349000000,
    "incomeBeforeTaxRatio": 0.1127989657,
    "incomeTaxExpense": 108000000,
    "netIncome": 281000000,
    "netIncomeRatio": 0.0908209438,
    "eps": 0.57,
    "epsdiluted": 0.57,
    "weightedAverageShsOut": 497000000,
    "weightedAverageShsOutDil": 497000000,
    "link": null,
    "finalLink": null
  },
  {
    "date": "2006-09-30",
    "symbol": "TEL",
    "reportedCurrency": "USD",
    "cik": "0001385157",
    "fillingDate": "2006-09-30",
    "acceptedDate": "2006-09-30 00:00:00",
    "calendarYear": "2006",
    "period": "Q4",
    "revenue": 3760000000,
    "costOfRevenue": 2827000000,
    "grossProfit": 933000000,
    "grossProfitRatio": 0.2481382979,
    "researchAndDevelopmentExpenses": 0,
    "generalAndAdministrativeExpenses": 0,
    "sellingAndMarketingExpenses": 0,
    "sellingGeneralAndAdministrativeExpenses": 497000000,
    "otherExpenses": 317000000,
    "operatingExpenses": 814000000,
    "costAndExpenses": 3641000000,
    "interestIncome": 0,
    "interestExpense": 0,
    "depreciationAndAmortization": 174000000,
    "ebitda": 293000000,
    "ebitdaratio": 0.0779255319,
    "operatingIncome": 119000000,
    "operatingIncomeRatio": 0.0316489362,
    "totalOtherIncomeExpensesNet": -46000000,
    "incomeBeforeTax": 73000000,
    "incomeBeforeTaxRatio": 0.0194148936,
    "incomeTaxExpense": -229000000,
    "netIncome": 369000000,
    "netIncomeRatio": 0.0981382979,
    "eps": 0.74,
    "epsdiluted": 0.74,
    "weightedAverageShsOut": 497000000,
    "weightedAverageShsOutDil": 497000000,
    "link": null,
    "finalLink": null
  },
  {
    "date": "2006-06-30",
    "symbol": "TEL",
    "reportedCurrency": "USD",
    "cik": "0001385157",
    "fillingDate": "2006-06-30",
    "acceptedDate": "2006-06-30 00:00:00",
    "calendarYear": "2006",
    "period": "Q3",
    "revenue": 3206000000,
    "costOfRevenue": 2361000000,
    "grossProfit": 845000000,
    "grossProfitRatio": 0.2635683094,
    "researchAndDevelopmentExpenses": 0,
    "generalAndAdministrativeExpenses": 0,
    "sellingAndMarketingExpenses": 0,
    "sellingGeneralAndAdministrativeExpenses": 384000000,
    "otherExpenses": 2000000,
    "operatingExpenses": 386000000,
    "costAndExpenses": 2747000000,
    "interestIncome": 0,
    "interestExpense": 59000000,
    "depreciationAndAmortization": 0,
    "ebitda": 459000000,
    "ebitdaratio": 0.143169058,
    "operatingIncome": 459000000,
    "operatingIncomeRatio": 0.143169058,
    "totalOtherIncomeExpensesNet": -51000000,
    "incomeBeforeTax": 408000000,
    "incomeBeforeTaxRatio": 0.1272613849,
    "incomeTaxExpense": 102000000,
    "netIncome": 298000000,
    "netIncomeRatio": 0.0929507174,
    "eps": 0.6,
    "epsdiluted": 0.6,
    "weightedAverageShsOut": 497000000,
    "weightedAverageShsOutDil": 497000000,
    "link": null,
    "finalLink": null
  }
]