[
  {
    "date": "2024-09-27",
    "symbol": "TEL",
    "reportedCurrency": "USD",
    "cik": "0001385157",
    "fillingDate": "2024-11-12",
    "acceptedDate": "2024-11-12 12:05:13",
    "calendarYear": "2024",
    "period": "FY",
    "revenue": 15845000000,
    "costOfRevenue": 10528000000,
    "grossProfit": 5317000000,
    "grossProfitRatio": 0.3355632692,
    "researchAndDevelopmentExpenses": 621000000,
    "generalAndAdministrativeExpenses": 0,
    "sellingAndMarketingExpenses": 0,
    "sellingGeneralAndAdministrativeExpenses": 1732000000,
    "otherExpenses": 0,
    "operatingExpenses": 2353000000,
    "costAndExpenses": 12881000000,
    "interestIncome": 87000000,
    "interestExpense": 70000000,
    "depreciationAndAmortization": 826000000,
    "ebitda": 3693000000,
    "ebitdaratio": 0.2330703692,
    "operatingIncome": 2964000000,
    "operatingIncomeRatio": 0.1870621647,
    "totalOtherIncomeExpensesNet": -167000000,
    "incomeBeforeTax": 2797000000,
    "incomeBeforeTaxRatio": 0.1765225623,
    "incomeTaxExpense": -397000000,
    "netIncome": 3193000000,
    "netIncomeRatio": 0.2015146734,
    "eps": 10.4,
    "epsdiluted": 10.33,
    "weightedAverageShsOut": 307000000,
    "weightedAverageShsOutDil": 309000000,
    "link": "https://www.sec.gov/Archives/edgar/data/1385157/000155837024015227/0001558370-24-015227-index.htm",
    "finalLink": "https://www.sec.gov/Archives/edgar/data/1385157/000155837024015227/tel-20240927x10k.htm"
  },
  {
    "date": "2023-09-29",
    "symbol": "TEL",
    "reportedCurrency": "USD",
    "cik": "0001385157",
    "fillingDate": "2023-11-13",
    "acceptedDate": "2023-11-13 16:13:57",
    "calendarYear": "2023",
    "period": "FY",
    "revenue": 16034000000,
    "costOfRevenue": 11055000000,
    "grossProfit": 4979000000,
    "grossProfitRatio": 0.3105276288,
    "researchAndDevelopmentExpenses": 593000000,
    "generalAndAdministrativeExpenses": 0,
    "sellingAndMarketingExpenses": 0,
    "sellingGeneralAndAdministrativeExpenses": 1670000000,
    "otherExpenses": 0,
    "operatingExpenses": 2263000000,
    "costAndExpenses": 13318000000,
    "interestIncome": 60000000,
    "interestExpense": 80000000,
    "depreciationAndAmortization": 794000000,
    "ebitda": 3142000000,
    "ebitdaratio": 0.195958588,
    "operatingIncome": 2716000000,
    "operatingIncomeRatio": 0.1693900462,
    "totalOtherIncomeExpensesNet": -448000000,
    "incomeBeforeTax": 2268000000,
    "incomeBeforeTaxRatio": 0.14144942,
    "incomeTaxExpense": 364000000,
    "netIncome": 1910000000,
    "netIncomeRatio": 0.119121866,
    "eps": 6.06,
    "epsdiluted": 6.03,
    "weightedAverageShsOut": 315000000,
    "weightedAverageShsOutDil": 317000000,
    "link": "https://www.sec.gov/Archives/edgar/data/1385157/000155837023018833/0001558370-23-018833-index.htm",
    "finalLink": "https://www.sec.gov/Archives/edgar/data/1385157/000155837023018833/tel-20230929x10k.htm"
  },
  {
    "date": "2022-09-30",
    "symbol": "TEL",
    "reportedCurrency": "USD",
    "cik": "0001385157",
    "fillingDate": "2022-11-15",
    "acceptedDate": "2022-11-15 11:08:55",
    "calendarYear": "2022",
    "period": "FY",
    "revenue": 16281000000,
    "costOfRevenue": 11151000000,
    "grossProfit": 5130000000,
    "grossProfitRatio": 0.3150912106,
    "researchAndDevelopmentExpenses": 610000000,
    "generalAndAdministrativeExpenses": 0,
    "sellingAndMarketingExpenses": 0,
    "sellingGeneralAndAdministrativeExpenses": 1654000000,
    "otherExpenses": 0,
    "operatingExpenses": 2264000000,
    "costAndExpenses": 13415000000,
    "interestIncome": 15000000,
    "interestExpense": 66000000,
    "depreciationAndAmortization": 785000000,
    "ebitda": 3584000000,
    "ebitdaratio": 0.2201338984,
    "operatingIncome": 2866000000,
    "operatingIncomeRatio": 0.1760334132,
    "totalOtherIncomeExpensesNet": -133000000,
    "incomeBeforeTax": 2733000000,
    "incomeBeforeTaxRatio": 0.1678643818,
    "incomeTaxExpense": 306000000,
    "netIncome": 2428000000,
    "netIncomeRatio": 0.1491308888,
    "eps": 7.52,
    "epsdiluted": 7.47,
    "weightedAverageShsOut": 323000000,
    "weightedAverageShsOutDil": 325000000,
    "link": "https://www.sec.gov/Archives/edgar/data/1385157/000155837022017931/0001558370-22-017931-index.htm",
    "finalLink": "https://www.sec.gov/Archives/edgar/data/1385157/000155837022017931/tel-20220930x10k.htm"
  },
  {
    "date": "2021-09-24",
    "symbol": "TEL",
    "reportedCurrency": "USD",
    "cik": "0001385157",
    "fillingDate": "2021-11-09",
    "acceptedDate": "2021-11-09 13:43:16",
    "calendarYear": "2021",
    "period": "FY",
    "revenue": 14923000000,
    "costOfRevenue": 10193000000,
    "grossProfit": 4730000000,
    "grossProfitRatio": 0.3169603967,
    "researchAndDevelopmentExpenses": 612000000,
    "generalAndAdministrativeExpenses": 0,
    "sellingAndMarketingExpenses": 0,
    "sellingGeneralAndAdministrativeExpenses": 1506000000,
    "otherExpenses": 0,
    "operatingExpenses": 2118000000,
    "costAndExpenses": 12311000000,
    "interestIncome": 17000000,
    "interestExpense": 56000000,
    "depreciationAndAmortization": 769000000,
    "ebitda": 3203000000,
    "ebitdaratio": 0.214635127,
    "operatingIncome": 2612000000,
    "operatingIncomeRatio": 0.1750318301,
    "totalOtherIncomeExpensesNet": -234000000,
    "incomeBeforeTax": 2378000000,
    "incomeBeforeTaxRatio": 0.1593513369,
    "incomeTaxExpense": 123000000,
    "netIncome": 2261000000,
    "netIncomeRatio": 0.1515110903,
    "eps": 6.85,
    "epsdiluted": 6.79,
    "weightedAverageShsOut": 330000000,
    "weightedAverageShsOutDil": 333000000,
    "link": "https://www.sec.gov/Archives/edgar/data/1385157/000155837021015228/0001558370-21-015228-index.htm",
    "finalLink": "https://www.sec.gov/Archives/edgar/data/1385157/000155837021015228/tel-20210924x10k.htm"
  },
  {
    "date": "2020-09-25",
    "symbol": "TEL",
    "reportedCurrency": "USD",
    "cik": "0001385157",
    "fillingDate": "2020-11-10",
    "acceptedDate": "2020-11-10 15:28:00",
    "calendarYear": "2020",
    "period": "FY",
    "revenue": 12172000000,
    "costOfRevenue": 8511000000,
    "grossProfit": 3661000000,
    "grossProfitRatio": 0.3007722642,
    "researchAndDevelopmentExpenses": 539000000,
    "generalAndAdministrativeExpenses": 0,
    "sellingAndMarketingExpenses": 0,
    "sellingGeneralAndAdministrativeExpenses": 1344000000,
    "otherExpenses": 0,
    "operatingExpenses": 1883000000,
    "costAndExpenses": 10394000000,
    "interestIncome": 15000000,
    "interestExpense": 48000000,
    "depreciationAndAmortization": 711000000,
    "ebitda": 1283000000,
    "ebitdaratio": 0.1054058495,
    "operatingIncome": 1778000000,
    "operatingIncomeRatio": 0.1460729543,
    "totalOtherIncomeExpensesNet": -1254000000,
    "incomeBeforeTax": 524000000,
    "incomeBeforeTaxRatio": 0.0430496221,
    "incomeTaxExpense": 783000000,
    "netIncome": -241000000,
    "netIncomeRatio": -0.0197995399,
    "eps": -0.78,
    "epsdiluted": -0.78,
    "weightedAverageShsOut": 332000000,
    "weightedAverageShsOutDil": 332000000,
    "link": "https://www.sec.gov/Archives/edgar/data/1385157/000155837020013511/0001558370-20-013511-index.htm",
    "finalLink": "https://www.sec.gov/Archives/edgar/data/1385157/000155837020013511/tel-20200925x10k.htm"
  },
  {
    "date": "2019-09-27",
    "symbol": "TEL",
    "reportedCurrency": "USD",
    "cik": "0001385157",
    "fillingDate": "2019-11-12",
    "acceptedDate": "2019-11-12 13:33:02",
    "calendarYear": "2019",
    "period": "FY",
    "revenue": 13448000000,
    "costOfRevenue": 9126000000,
    "grossProfit": 4322000000,
    "grossProfitRatio": 0.3213860797,
    "researchAndDevelopmentExpenses": 572000000,
    "generalAndAdministrativeExpenses": 0,
    "sellingAndMarketingExpenses": 0,
    "sellingGeneralAndAdministrativeExpenses": 1556000000,
    "otherExpenses": 0,
    "operatingExpenses": 2128000000,
    "costAndExpenses": 11254000000,
    "interestIncome": 19000000,
    "interestExpense": 68000000,
    "depreciationAndAmortization": 690000000,
    "ebitda": 2689000000,
    "ebitdaratio": 0.1999553837,
    "operatingIncome": 2194000000,
    "operatingIncomeRatio": 0.1631469363,
    "totalOtherIncomeExpensesNet": -263000000,
    "incomeBeforeTax": 1931000000,
    "incomeBeforeTaxRatio": 0.1435901249,
    "incomeTaxExpense": -15000000,
    "netIncome": 1930000000,
    "netIncomeRatio": 0.1435157644,
    "eps": 5.71,
    "epsdiluted": 5.68,
    "weightedAverageShsOut": 338000000,
    "weightedAverageShsOutDil": 340000000,
    "link": "https://www.sec.gov/Archives/edgar/data/1385157/000155837019010758/0001558370-19-010758-index.htm",
    "finalLink": "https://www.sec.gov/Archives/edgar/data/1385157/000155837019010758/tel-20190927x10kd12dc3.htm"
  },
  {
    "date": "2018-09-28",
    "symbol": "TEL",
    "reportedCurrency": "USD",
    "cik": "0001385157",
    "fillingDate": "2018-11-13",
    "acceptedDate": "2018-11-13 13:27:51",
    "calendarYear": "2018",
    "period": "FY",
    "revenue": 13988000000,
    "costOfRevenue": 9317000000,
    "grossProfit": 4671000000,
    "grossProfitRatio": 0.3339290821,
    "researchAndDevelopmentExpenses": 606000000,
    "generalAndAdministrativeExpenses": 0,
    "sellingAndMarketingExpenses": 0,
    "sellingGeneralAndAdministrativeExpenses": 1615000000,
    "otherExpenses": 0,
    "operatingExpenses": 2221000000,
    "costAndExpenses": 11538000000,
    "interestIncome": 15000000,
    "interestExpense": 107000000,
    "depreciationAndAmortization": 667000000,
    "ebitda": 3014000000,
    "ebitdaratio": 0.2154704032,
    "operatingIncome": 2450000000,
    "operatingIncomeRatio": 0.1751501287,
    "totalOtherIncomeExpensesNet": -210000000,
    "incomeBeforeTax": 2240000000,
    "incomeBeforeTaxRatio": 0.1601372605,
    "incomeTaxExpense": -344000000,
    "netIncome": 2567000000,
    "netIncomeRatio": 0.1835144409,
    "eps": 7.33,
    "epsdiluted": 7.27,
    "weightedAverageShsOut": 350000000,
    "weightedAverageShsOutDil": 353000000,
    "link": "https://www.sec.gov/Archives/edgar/data/1385157/000104746918007210/0001047469-18-007210-index.htm",
    "finalLink": "https://www.sec.gov/Archives/edgar/data/1385157/000104746918007210/a2237090z10-k.htm"
  },
  {
    "date": "2017-09-29",
    "symbol": "TEL",
    "reportedCurrency": "USD",
    "cik": "0001385157",
    "fillingDate": "2017-11-14",
    "acceptedDate": "2017-11-14 12:35:50",
    "calendarYear": "2017",
    "period": "FY",
    "revenue": 13113000000,
    "costOfRevenue": 8065000000,
    "grossProfit": 4120000000,
    "grossProfitRatio": 0.3141920232,
    "researchAndDevelopmentExpenses": 548000000,
    "generalAndAdministrativeExpenses": 0,
    "sellingAndMarketingExpenses": 0,
    "sellingGeneralAndAdministrativeExpenses": 1485000000,
    "otherExpenses": 0,
    "operatingExpenses": 2033000000,
    "costAndExpenses": 10098000000,
    "interestIncome": 16000000,
    "interestExpense": 130000000,
    "depreciationAndAmortization": 611000000,
    "ebitda": 2461000000,
    "ebitdaratio": 0.1876763517,
    "operatingIncome": 2087000000,
    "operatingIncomeRatio": 0.159155037,
    "totalOtherIncomeExpensesNet": -367000000,
    "incomeBeforeTax": 1928000000,
    "incomeBeforeTaxRatio": 0.1470296652,
    "incomeTaxExpense": 180000000,
    "netIncome": 1680000000,
    "netIncomeRatio": 0.1281171357,
    "eps": 4.74,
    "epsdiluted": 4.7,
    "weightedAverageShsOut": 355000000,
    "weightedAverageShsOutDil": 358000000,
    "link": "https://www.sec.gov/Archives/edgar/data/1385157/000104746917007037/0001047469-17-007037-index.htm",
    "finalLink": "https://www.sec.gov/Archives/edgar/data/1385157/000104746917007037/a2233456z10-k.htm"
  },
  {
    "date": "2016-09-30",
    "symbol": "TEL",
    "reportedCurrency": "USD",
    "cik": "0001385157",
    "fillingDate": "2016-11-15",
    "acceptedDate": "2016-11-15 14:15:18",
    "calendarYear": "2016",
    "period": "FY",
    "revenue": 12238000000,
    "costOfRevenue": 8283000000,
    "grossProfit": 3955000000,
    "grossProfitRatio": 0.3231737212,
    "researchAndDevelopmentExpenses": 566000000,
    "generalAndAdministrativeExpenses": 0,
    "sellingAndMarketingExpenses": 0,
    "sellingGeneralAndAdministrativeExpenses": 1463000000,
    "otherExpenses": 0,
    "operatingExpenses": 2029000000,
    "costAndExpenses": 10312000000,
    "interestIncome": 17000000,
    "interestExpense": 127000000,
    "depreciationAndAmortization": 585000000,
    "ebitda": 1874000000,
    "ebitdaratio": 0.1531295963,
    "operatingIncome": 1926000000,
    "operatingIncomeRatio": 0.1573786566,
    "totalOtherIncomeExpensesNet": -764000000,
    "incomeBeforeTax": 1162000000,
    "incomeBeforeTaxRatio": 0.0949501553,
    "incomeTaxExpense": -779000000,
    "netIncome": 1980000000,
    "netIncomeRatio": 0.1617911423,
    "eps": 5.49,
    "epsdiluted": 5.44,
    "weightedAverageShsOut": 366000000,
    "weightedAverageShsOutDil": 369000000,
    "link": "https://www.sec.gov/Archives/edgar/data/1385157/000104746916016719/0001047469-16-016719-index.htm",
    "finalLink": "https://www.sec.gov/Archives/edgar/data/1385157/000104746916016719/a2230240z10-k.htm"
  },
  {
    "date": "2015-09-25",
    "symbol": "TEL",
    "reportedCurrency": "USD",
    "cik": "0001385157",
    "fillingDate": "2015-11-10",
    "acceptedDate": "2015-11-10 15:45:04",
    "calendarYear": "2015",
    "period": "FY",
    "revenue": 12233000000,
    "costOfRevenue": 8233000000,
    "grossProfit": 4000000000,
    "grossProfitRatio": 0.3269843865,
    "researchAndDevelopmentExpenses": 540000000,
    "generalAndAdministrativeExpenses": 0,
    "sellingAndMarketingExpenses": 0,
    "sellingGeneralAndAdministrativeExpenses": 1504000000,
    "otherExpenses": 0,
    "operatingExpenses": 2044000000,
    "costAndExpenses": 10277000000,
    "interestIncome": 17000000,
    "interestExpense": 136000000,
    "depreciationAndAmortization": 616000000,
    "ebitda": 2327000000,
    "ebitdaratio": 0.1902231668,
    "operatingIncome": 1956000000,
    "operatingIncomeRatio": 0.159895365,
    "totalOtherIncomeExpensesNet": -381000000,
    "incomeBeforeTax": 1575000000,
    "incomeBeforeTaxRatio": 0.1287501022,
    "incomeTaxExpense": 337000000,
    "netIncome": 1315000000,
    "netIncomeRatio": 0.1074961171,
    "eps": 5.98,
    "epsdiluted": 5.89,
    "weightedAverageShsOut": 405000000,
    "weightedAverageShsOutDil": 411000000,
    "link": "https://www.sec.gov/Archives/edgar/data/1385157/000104746915008508/0001047469-15-008508-index.htm",
    "finalLink": "https://www.sec.gov/Archives/edgar/data/1385157/000104746915008508/a2226440z10-k.htm"
  },
  {
    "date": "2014-09-26",
    "symbol": "TEL",
    "reportedCurrency": "USD",
    "cik": "0001385157",
    "fillingDate": "2014-11-12",
    "acceptedDate": "2014-11-12 11:56:32",
    "calendarYear": "2014",
    "period": "FY",
    "revenue": 13912000000,
    "costOfRevenue": 8100000000,
    "grossProfit": 3873000000,
    "grossProfitRatio": 0.2783927545,
    "researchAndDevelopmentExpenses": 484000000,
    "generalAndAdministrativeExpenses": 0,
    "sellingAndMarketingExpenses": 0,
    "sellingGeneralAndAdministrativeExpenses": 1534000000,
    "otherExpenses": 0,
    "operatingExpenses": 2018000000,
    "costAndExpenses": 10118000000,
    "interestIncome": 19000000,
    "interestExpense": 127000000,
    "depreciationAndAmortization": 551000000,
    "ebitda": 2438000000,
    "ebitdaratio": 0.1752443933,
    "operatingIncome": 1855000000,
    "operatingIncomeRatio": 0.1333381254,
    "totalOtherIncomeExpensesNet": -95000000,
    "incomeBeforeTax": 1996000000,
    "incomeBeforeTaxRatio": 0.1434732605,
    "incomeTaxExpense": 146000000,
    "netIncome": 1781000000,
    "netIncomeRatio": 0.1280189764,
    "eps": 4.34,
    "epsdiluted": 4.27,
    "weightedAverageShsOut": 410000000,
    "weightedAverageShsOutDil": 417000000,
    "link": "https://www.sec.gov/Archives/edgar/data/1385157/000104746914009088/0001047469-14-009088-index.htm",
    "finalLink": "https://www.sec.gov/Archives/edgar/data/1385157/000104746914009088/a2222107z10-k.htm"
  },
  {
    "date": "2013-09-27",
    "symbol": "TEL",
    "reportedCurrency": "USD",
    "cik": "0001385157",
    "fillingDate": "2013-11-15",
    "acceptedDate": "2013-11-15 08:59:32",
    "calendarYear": "2013",
    "period": "FY",
    "revenue": 13280000000,
    "costOfRevenue": 7835000000,
    "grossProfit": 3555000000,
    "grossProfitRatio": 0.2676957831,
    "researchAndDevelopmentExpenses": 494000000,
    "generalAndAdministrativeExpenses": 0,
    "sellingAndMarketingExpenses": 0,
    "sellingGeneralAndAdministrativeExpenses": 1440000000,
    "otherExpenses": 0,
    "operatingExpenses": 1934000000,
    "costAndExpenses": 9769000000,
    "interestIncome": 17000000,
    "interestExpense": 139000000,
    "depreciationAndAmortization": 536000000,
    "ebitda": 1755000000,
    "ebitdaratio": 0.1321536145,
    "operatingIncome": 1621000000,
    "operatingIncomeRatio": 0.122063253,
    "totalOtherIncomeExpensesNet": -541000000,
    "incomeBeforeTax": 1248000000,
    "incomeBeforeTaxRatio": 0.0939759036,
    "incomeTaxExpense": -75000000,
    "netIncome": 1280000000,
    "netIncomeRatio": 0.0963855422,
    "eps": 3.05,
    "epsdiluted": 3.02,
    "weightedAverageShsOut": 418000000,
    "weightedAverageShsOutDil": 423000000,
    "link": "https://www.sec.gov/Archives/edgar/data/1385157/000104746913010572/0001047469-13-010572-index.htm",
    "finalLink": "https://www.sec.gov/Archives/edgar/data/1385157/000104746913010572/a2217307z10-k.htm"
  },
  {
    "date": "2012-09-28",
    "symbol": "TEL",
    "reportedCurrency": "USD",
    "cik": "0001385157",
    "fillingDate": "2012-11-13",
    "acceptedDate": "2012-11-13 14:35:56",
    "calendarYear": "2012",
    "period": "FY",
    "revenue": 13282000000,
    "costOfRevenue": 9338000000,
    "grossProfit": 3944000000,
    "grossProfitRatio": 0.2969432314,
    "researchAndDevelopmentExpenses": 595000000,
    "generalAndAdministrativeExpenses": 0,
    "sellingAndMarketingExpenses": 0,
    "sellingGeneralAndAdministrativeExpenses": 1659000000,
    "otherExpenses": 0,
    "operatingExpenses": 2254000000,
    "costAndExpenses": 11592000000,
    "interestIncome": 23000000,
    "interestExpense": 173000000,
    "depreciationAndAmortization": 609000000,
    "ebitda": 2197000000,
    "ebitdaratio": 0.1654118356,
    "operatingIncome": 1690000000,
    "operatingIncomeRatio": 0.1272398735,
    "totalOtherIncomeExpensesNet": -275000000,
    "incomeBeforeTax": 1415000000,
    "incomeBeforeTaxRatio": 0.1065351604,
    "incomeTaxExpense": 249000000,
    "netIncome": 1105000000,
    "netIncomeRatio": 0.0831953019,
    "eps": 2.61,
    "epsdiluted": 2.59,
    "weightedAverageShsOut": 426000000,
    "weightedAverageShsOutDil": 430000000,
    "link": "https://www.sec.gov/Archives/edgar/data/1385157/000104746912010439/0001047469-12-010439-index.htm",
    "finalLink": "https://www.sec.gov/Archives/edgar/data/1385157/000104746912010439/a2211640z10-k.htm"
  },
  {
    "date": "2011-09-30",
    "symbol": "TEL",
    "reportedCurrency": "USD",
    "cik": "0001385157",
    "fillingDate": "2011-11-18",
    "acceptedDate": "2011-11-18 15:08:02",
    "calendarYear": "2011",
    "period": "FY",
    "revenue": 14312000000,
    "costOfRevenue": 10046000000,
    "grossProfit": 4266000000,
    "grossProfitRatio": 0.2980715484,
    "researchAndDevelopmentExpenses": 624000000,
    "generalAndAdministrativeExpenses": 0,
    "sellingAndMarketingExpenses": 0,
    "sellingGeneralAndAdministrativeExpenses": 1786000000,
    "otherExpenses": 0,
    "operatingExpenses": 2410000000,
    "costAndExpenses": 12456000000,
    "interestIncome": 22000000,
    "interestExpense": 161000000,
    "depreciationAndAmortization": 574000000,
    "ebitda": 2364000000,
    "ebitdaratio": 0.165176076,
    "operatingIncome": 1856000000,
    "operatingIncomeRatio": 0.1296813862,
    "totalOtherIncomeExpensesNet": -227000000,
    "incomeBeforeTax": 1629000000,
    "incomeBeforeTaxRatio": 0.1138205702,
    "incomeTaxExpense": 376000000,
    "netIncome": 1248000000,
    "netIncomeRatio": 0.0871995528,
    "eps": 2.84,
    "epsdiluted": 2.81,
    "weightedAverageShsOut": 438000000,
    "weightedAverageShsOutDil": 443000000,
    "link": "https://www.sec.gov/Archives/edgar/data/1385157/000104746911009687/0001047469-11-009687-index.htm",
    "finalLink": "https://www.sec.gov/Archives/edgar/data/1385157/000104746911009687/a2206230z10-k.htm"
  },
  {
    "date": "2010-09-24",
    "symbol": "TEL",
    "reportedCurrency": "USD",
    "cik": "0001385157",
    "fillingDate": "2010-11-10",
    "acceptedDate": "2010-11-10 15:38:29",
    "calendarYear": "2010",
    "period": "FY",
    "revenue": 12070000000,
    "costOfRevenue": 8410000000,
    "grossProfit": 3660000000,
    "grossProfitRatio": 0.3032311516,
    "researchAndDevelopmentExpenses": 482000000,
    "generalAndAdministrativeExpenses": 0,
    "sellingAndMarketingExpenses": 0,
    "sellingGeneralAndAdministrativeExpenses": 1558000000,
    "otherExpenses": 0,
    "operatingExpenses": 2040000000,
    "costAndExpenses": 10450000000,
    "interestIncome": 20000000,
    "interestExpense": 151000000,
    "depreciationAndAmortization": 520000000,
    "ebitda": 2229000000,
    "ebitdaratio": 0.1846727423,
    "operatingIncome": 1620000000,
    "operatingIncomeRatio": 0.1342170671,
    "totalOtherIncomeExpensesNet": -62000000,
    "incomeBeforeTax": 1558000000,
    "incomeBeforeTaxRatio": 0.1290803645,
    "incomeTaxExpense": 493000000,
    "netIncome": 1103000000,
    "netIncomeRatio": 0.0913835957,
    "eps": 2.43,
    "epsdiluted": 2.41,
    "weightedAverageShsOut": 453000000,
    "weightedAverageShsOutDil": 457000000,
    "link": "https://www.sec.gov/Archives/edgar/data/1385157/000104746910009566/0001047469-10-009566-index.htm",
    "finalLink": "https://www.sec.gov/Archives/edgar/data/1385157/000104746910009566/a2200168z10-k.htm"
  },
  {
    "date": "2009-09-25",
    "symbol": "TEL",
    "reportedCurrency": "USD",
    "cik": "0001385157",
    "fillingDate": "2009-11-18",
    "acceptedDate": "2009-11-18 14:59:43",
    "calendarYear": "2009",
    "period": "FY",
    "revenue": 10256000000,
    "costOfRevenue": 7821000000,
    "grossProfit": 2435000000,
    "grossProfitRatio": 0.2374219969,
    "researchAndDevelopmentExpenses": 439000000,
    "generalAndAdministrativeExpenses": 0,
    "sellingAndMarketingExpenses": 0,
    "sellingGeneralAndAdministrativeExpenses": 1230000000,
    "otherExpenses": 0,
    "operatingExpenses": 1669000000,
    "costAndExpenses": 9490000000,
    "interestIncome": 17000000,
    "interestExpense": 164000000,
    "depreciationAndAmortization": 515000000,
    "ebitda": -2991000000,
    "ebitdaratio": -0.2916341654,
    "operatingIncome": 766000000,
    "operatingIncomeRatio": 0.0746879875,
    "totalOtherIncomeExpensesNet": -4436000000,
    "incomeBeforeTax": -3670000000,
    "incomeBeforeTaxRatio": -0.3578393136,
    "incomeTaxExpense": -576000000,
    "netIncome": -3319000000,
    "netIncomeRatio": -0.3236154446,
    "eps": -7.09,
    "epsdiluted": -7.09,
    "weightedAverageShsOut": 459000000,
    "weightedAverageShsOutDil": 459000000,
    "link": "https://www.sec.gov/Archives/edgar/data/1385157/000104746909010297/0001047469-09-010297-index.htm",
    "finalLink": "https://www.sec.gov/Archives/edgar/data/1385157/000104746909010297/a2195411z10-k.htm"
  },
  {
    "date": "2008-09-26",
    "symbol": "TEL",
    "reportedCurrency": "USD",
    "cik": "0001385157",
    "fillingDate": "2008-11-20",
    "acceptedDate": "2008-11-20 16:23:47",
    "calendarYear": "2008",
    "period": "FY",
    "revenue": 14834000000,
    "costOfRevenue": 10561000000,
    "grossProfit": 4273000000,
    "grossProfitRatio": 0.2880544695,
    "researchAndDevelopmentExpenses": 530000000,
    "generalAndAdministrativeExpenses": 0,
    "sellingAndMarketingExpenses": 0,
    "sellingGeneralAndAdministrativeExpenses": 1680000000,
    "otherExpenses": 0,
    "operatingExpenses": 2210000000,
    "costAndExpenses": 12771000000,
    "interestIncome": 32000000,
    "interestExpense": 182000000,
    "depreciationAndAmortization": 559000000,
    "ebitda": 2898000000,
    "ebitdaratio": 0.1953620062,
    "operatingIncome": 2063000000,
    "operatingIncomeRatio": 0.1390724012,
    "totalOtherIncomeExpensesNet": 94000000,
    "incomeBeforeTax": 2157000000,
    "incomeBeforeTaxRatio": 0.1454091951,
    "incomeTaxExpense": 558000000,
    "netIncome": 1516000000,
    "netIncomeRatio": 0.102197654,
    "eps": 3.69,
    "epsdiluted": 3.67,
    "weightedAverageShsOut": 483000000,
    "weightedAverageShsOutDil": 486000000,
    "link": "https://www.sec.gov/Archives/edgar/data/1385157/000104746908012452/0001047469-08-012452-index.htm",
    "finalLink": "https://www.sec.gov/Archives/edgar/data/1385157/000104746908012452/a2189095z10-k.htm"
  },
  {
    "date": "2007-09-28",
    "symbol": "TEL",
    "reportedCurrency": "USD",
    "cik": "0001385157",
    "fillingDate": "2007-12-14",
    "acceptedDate": "2007-12-14 14:07:57",
    "calendarYear": "2007",
    "period": "FY",
    "revenue": 13460000000,
    "costOfRevenue": 9524000000,
    "grossProfit": 3936000000,
    "grossProfitRatio": 0.2924219911,
    "researchAndDevelopmentExpenses": 520000000,
    "generalAndAdministrativeExpenses": 0,
    "sellingAndMarketingExpenses": 0,
    "sellingGeneralAndAdministrativeExpenses": 1627000000,
    "otherExpenses": 0,
    "operatingExpenses": 2147000000,
    "costAndExpenses": 11671000000,
    "interestIncome": 0,
    "interestExpense": 230000000,
    "depreciationAndAmortization": 535000000,
    "ebitda": 1121000000,
    "ebitdaratio": 0.0832838039,
    "operatingIncome": 1789000000,
    "operatingIncomeRatio": 0.1329123328,
    "totalOtherIncomeExpensesNet": -1433000000,
    "incomeBeforeTax": 356000000,
    "incomeBeforeTaxRatio": 0.026448737,
    "incomeTaxExpense": 494000000,
    "netIncome": -599000000,
    "netIncomeRatio": -0.0445022288,
    "eps": -1.11,
    "epsdiluted": -1.11,
    "weightedAverageShsOut": 497000000,
    "weightedAverageShsOutDil": 497000000,
    "link": "https://www.sec.gov/Archives/edgar/data/1385157/000104746907010039/0001047469-07-010039-index.htm",
    "finalLink": "https://www.sec.gov/Archives/edgar/data/1385157/000104746907010039/a2180783z10-k.htm"
  },
  {
    "date": "2006-09-30",
    "symbol": "TEL",
    "reportedCurrency": "USD",
    "cik": "0001385157",
    "fillingDate": "2006-09-30",
    "acceptedDate": "2006-09-30 00:00:00",
    "calendarYear": "2006",
    "period": "FY",
    "revenue": 12812000000,
    "costOfRevenue": 8937000000,
    "grossProfit": 3875000000,
    "grossProfitRatio": 0.3024508273,
    "researchAndDevelopmentExpenses": 504000000,
    "generalAndAdministrativeExpenses": 0,
    "sellingAndMarketingExpenses": 0,
    "sellingGeneralAndAdministrativeExpenses": 1627000000,
    "otherExpenses": 0,
    "operatingExpenses": 2131000000,
    "costAndExpenses": 11068000000,
    "interestIncome": 0,
    "interestExpense": 220000000,
    "depreciationAndAmortization": 531000000,
    "ebitda": 1988000000,
    "ebitdaratio": 0.1551670309,
    "operatingIncome": 1744000000,
    "operatingIncomeRatio": 0.1361223853,
    "totalOtherIncomeExpensesNet": -507000000,
    "incomeBeforeTax": 1201000000,
    "incomeBeforeTaxRatio": 0.0937402435,
    "incomeTaxExpense": 94000000,
    "netIncome": 1137000000,
    "netIncomeRatio": 0.0887449266,
    "eps": 2.4,
    "epsdiluted": 2.4,
    "weightedAverageShsOut": 497000000,
    "weightedAverageShsOutDil": 497000000,
    "link": null,
    "finalLink": null
  },
  {
    "date": "2005-09-30",
    "symbol": "TEL",
    "reportedCurrency": "USD",
    "cik": "0001385157",
    "fillingDate": "2005-09-30",
    "acceptedDate": "2005-09-30 00:00:00",
    "calendarYear": "2005",
    "period": "FY",
    "revenue": 10924000000,
    "costOfRevenue": 8270000000,
    "grossProfit": 3620000000,
    "grossProfitRatio": 0.3313804467,
    "researchAndDevelopmentExpenses": 454000000,
    "generalAndAdministrativeExpenses": 0,
    "sellingAndMarketingExpenses": 0,
    "sellingGeneralAndAdministrativeExpenses": 1507000000,
    "otherExpenses": 0,
    "operatingExpenses": 1961000000,
    "costAndExpenses": 10231000000,
    "interestIncome": 0,
    "interestExpense": 294000000,
    "depreciationAndAmortization": 542000000,
    "ebitda": 2191000000,
    "ebitdaratio": 0.2005675577,
    "operatingIncome": 1659000000,
    "operatingIncomeRatio": 0.1518674478,
    "totalOtherIncomeExpensesNet": -304000000,
    "incomeBeforeTax": 0,
    "incomeBeforeTaxRatio": 0,
    "incomeTaxExpense": 360000000,
    "netIncome": 1133000000,
    "netIncomeRatio": 0.1037165873,
    "eps": 2.3,
    "epsdiluted": 2.3,
    "weightedAverageShsOut": 497391304,
    "weightedAverageShsOutDil": 497391304,
    "link": null,
    "finalLink": null
  },
  {
    "date": "2004-09-30",
    "symbol": "TEL",
    "reportedCurrency": "USD",
    "cik": "0001385157",
    "fillingDate": "2004-09-30",
    "acceptedDate": "2004-09-30 00:00:00",
    "calendarYear": "2004",
    "period": "FY",
    "revenue": 10079000000,
    "costOfRevenue": 7530000000,
    "grossProfit": 3569000000,
    "grossProfitRatio": 0.3541025895,
    "researchAndDevelopmentExpenses": 441000000,
    "generalAndAdministrativeExpenses": 0,
    "sellingAndMarketingExpenses": 0,
    "sellingGeneralAndAdministrativeExpenses": 1543000000,
    "otherExpenses": 0,
    "operatingExpenses": 1984000000,
    "costAndExpenses": 9514000000,
    "interestIncome": 0,
    "interestExpense": 344000000,
    "depreciationAndAmortization": 513000000,
    "ebitda": 2063000000,
    "ebitdaratio": 0.2046830043,
    "operatingIncome": 1585000000,
    "operatingIncomeRatio": 0.1572576645,
    "totalOtherIncomeExpensesNet": -379000000,
    "incomeBeforeTax": 0,
    "incomeBeforeTaxRatio": 0,
    "incomeTaxExpense": 405000000,
    "netIncome": 791000000,
    "netIncomeRatio": 0.0784800079,
    "eps": 1.53,
    "epsdiluted": 1.53,
    "weightedAverageShsOut": 498039216,
    "weightedAverageShsOutDil": 498039216,
    "link": null,
    "finalLink": null
  },
  {
    "date": "2003-09-30",
    "symbol": "TEL",
    "reportedCurrency": "USD",
    "cik": "0001385157",
    "fillingDate": "2003-09-30",
    "acceptedDate": "2003-09-30 00:00:00",
    "calendarYear": "2003",
    "period": "FY",
    "revenue": 9217000000,
    "costOfRevenue": 0,
    "grossProfit": 9217000000,
    "grossProfitRatio": 1,
    "researchAndDevelopmentExpenses": 0,
    "generalAndAdministrativeExpenses": 0,
    "sellingAndMarketingExpenses": 0,
    "sellingGeneralAndAdministrativeExpenses": 0,
    "otherExpenses": -8670000000,
    "operatingExpenses": -8670000000,
    "costAndExpenses": -8670000000,
    "interestIncome": 0,
    "interestExpense": 0,
    "depreciationAndAmortization": 8670000000,
    "ebitda": 9217000000,
    "ebitdaratio": 1,
    "operatingIncome": 547000000,
    "operatingIncomeRatio": 0.0593468591,
    "totalOtherIncomeExpensesNet": -547000000,
    "incomeBeforeTax": 0,
    "incomeBeforeTaxRatio": 0,
    "incomeTaxExpense": 775000000,
    "netIncome": -228000000,
    "netIncomeRatio": -0.0247368992,
    "eps": -0.46,
    "epsdiluted": -0.46,
    "weightedAverageShsOut": 495652174,
    "weightedAverageShsOutDil": 495652174,
    "link": null,
    "finalLink": null
  },
  {
    "date": "2002-09-30",
    "symbol": "TEL",
    "reportedCurrency": "USD",
    "cik": "0001385157",
    "fillingDate": "2002-09-30",
    "acceptedDate": "2002-09-30 00:00:00",
    "calendarYear": "2002",
    "period": "FY",
    "revenue": 9930000000,
    "costOfRevenue": 0,
    "grossProfit": 9930000000,
    "grossProfitRatio": 1,
    "researchAndDevelopmentExpenses": 0,
    "generalAndAdministrativeExpenses": 0,
    "sellingAndMarketingExpenses": 0,
    "sellingGeneralAndAdministrativeExpenses": 0,
    "otherExpenses": -14183000000,
    "operatingExpenses": -14183000000,
    "costAndExpenses": -14183000000,
    "interestIncome": 0,
    "interestExpense": 0,
    "depreciationAndAmortization": 14183000000,
    "ebitda": 9930000000,
    "ebitdaratio": 1,
    "operatingIncome": -4253000000,
    "operatingIncomeRatio": -0.4282980866,
    "totalOtherIncomeExpensesNet": 0,
    "incomeBeforeTax": 0,
    "incomeBeforeTaxRatio": 0,
    "incomeTaxExpense": 187000000,
    "netIncome": -4440000000,
    "netIncomeRatio": -0.4471299094,
    "eps": -8.93,
    "epsdiluted": -8.93,
    "weightedAverageShsOut": 497000000,
    "weightedAverageShsOutDil": 497000000,
    "link": null,
    "finalLink": null
  }
]