[
  {
    "date": "2025-06-29",
    "symbol": "TER",
    "reportedCurrency": "USD",
    "cik": "0000097210",
    "fillingDate": "2025-08-01",
    "acceptedDate": "2025-08-01 12:48:25",
    "calendarYear": "2025",
    "period": "Q2",
    "revenue": 651797000,
    "costOfRevenue": 278785000,
    "grossProfit": 373012000,
    "grossProfitRatio": 0.5722824745,
    "researchAndDevelopmentExpenses": 118382000,
    "generalAndAdministrativeExpenses": 0,
    "sellingAndMarketingExpenses": 0,
    "sellingGeneralAndAdministrativeExpenses": 157782000,
    "otherExpenses": 6105000,
    "operatingExpenses": 282269000,
    "costAndExpenses": 561054000,
    "interestIncome": 4351000,
    "interestExpense": 805000,
    "depreciationAndAmortization": 31389000,
    "ebitda": 128753000,
    "ebitdaratio": 0.197535429,
    "operatingIncome": 90743000,
    "operatingIncomeRatio": 0.1392197264,
    "totalOtherIncomeExpensesNet": 5816000,
    "incomeBeforeTax": 96559000,
    "incomeBeforeTaxRatio": 0.14814275,
    "incomeTaxExpense": 18187000,
    "netIncome": 78372000,
    "netIncomeRatio": 0.1202398906,
    "eps": 0.49,
    "epsdiluted": 0.49,
    "weightedAverageShsOut": 159967000,
    "weightedAverageShsOutDil": 161065000,
    "link": "https://www.sec.gov/Archives/edgar/data/97210/000095017025101248/0000950170-25-101248-index.htm",
    "finalLink": "https://www.sec.gov/Archives/edgar/data/97210/000095017025101248/ter-20250629.htm"
  },
  {
    "date": "2025-03-30",
    "symbol": "TER",
    "reportedCurrency": "USD",
    "cik": "0000097210",
    "fillingDate": "2025-05-02",
    "acceptedDate": "2025-05-02 13:00:25",
    "calendarYear": "2025",
    "period": "Q1",
    "revenue": 685680000,
    "costOfRevenue": 270344000,
    "grossProfit": 415336000,
    "grossProfitRatio": 0.6057286198,
    "researchAndDevelopmentExpenses": 118188000,
    "generalAndAdministrativeExpenses": 0,
    "sellingAndMarketingExpenses": 0,
    "sellingGeneralAndAdministrativeExpenses": 157257000,
    "otherExpenses": 19088000,
    "operatingExpenses": 294533000,
    "costAndExpenses": 564877000,
    "interestIncome": 5076000,
    "interestExpense": 795000,
    "depreciationAndAmortization": 30302000,
    "ebitda": 150121000,
    "ebitdaratio": 0.2189374052,
    "operatingIncome": 120803000,
    "operatingIncomeRatio": 0.1761798507,
    "totalOtherIncomeExpensesNet": -7363000,
    "incomeBeforeTax": 113440000,
    "incomeBeforeTaxRatio": 0.1654416054,
    "incomeTaxExpense": 14544000,
    "netIncome": 98896000,
    "netIncomeRatio": 0.1442305449,
    "eps": 0.61,
    "epsdiluted": 0.61,
    "weightedAverageShsOut": 161501000,
    "weightedAverageShsOutDil": 161996000,
    "link": "https://www.sec.gov/Archives/edgar/data/97210/000095017025062503/0000950170-25-062503-index.htm",
    "finalLink": "https://www.sec.gov/Archives/edgar/data/97210/000095017025062503/ter-20250330.htm"
  },
  {
    "date": "2024-12-31",
    "symbol": "TER",
    "reportedCurrency": "USD",
    "cik": "0000097210",
    "fillingDate": "2025-01-30",
    "acceptedDate": "2025-01-30 07:00:09",
    "calendarYear": "2024",
    "period": "Q4",
    "revenue": 752884000,
    "costOfRevenue": 305596000,
    "grossProfit": 447288000,
    "grossProfitRatio": 0.5940994894,
    "researchAndDevelopmentExpenses": 128387000,
    "generalAndAdministrativeExpenses": 0,
    "sellingAndMarketingExpenses": 0,
    "sellingGeneralAndAdministrativeExpenses": 155740000,
    "otherExpenses": 9576000,
    "operatingExpenses": 293703000,
    "costAndExpenses": 599299000,
    "interestIncome": 5114000,
    "interestExpense": 589000,
    "depreciationAndAmortization": 31128000,
    "ebitda": 189514000,
    "ebitdaratio": 0.251717396,
    "operatingIncome": 153585000,
    "operatingIncomeRatio": 0.203995569,
    "totalOtherIncomeExpensesNet": -1924000,
    "incomeBeforeTax": 151661000,
    "incomeBeforeTaxRatio": 0.2014400625,
    "incomeTaxExpense": 5408000,
    "netIncome": 146253000,
    "netIncomeRatio": 0.194257017,
    "eps": 0.90014,
    "epsdiluted": 0.89625,
    "weightedAverageShsOut": 162478000,
    "weightedAverageShsOutDil": 163184000,
    "link": "https://www.sec.gov/Archives/edgar/data/97210/000095017025023784/0000950170-25-023784-index.htm",
    "finalLink": "https://www.sec.gov/Archives/edgar/data/97210/000095017025023784/ter-20241231.htm"
  },
  {
    "date": "2024-09-29",
    "symbol": "TER",
    "reportedCurrency": "USD",
    "cik": "0000097210",
    "fillingDate": "2024-11-01",
    "acceptedDate": "2024-11-01 13:00:38",
    "calendarYear": "2024",
    "period": "Q3",
    "revenue": 737298000,
    "costOfRevenue": 300784000,
    "grossProfit": 436514000,
    "grossProfitRatio": 0.5920455501,
    "researchAndDevelopmentExpenses": 117474000,
    "generalAndAdministrativeExpenses": 0,
    "sellingAndMarketingExpenses": 0,
    "sellingGeneralAndAdministrativeExpenses": 157649000,
    "otherExpenses": 9326000,
    "operatingExpenses": 284449000,
    "costAndExpenses": 585233000,
    "interestIncome": 5076000,
    "interestExpense": 808000,
    "depreciationAndAmortization": 30289000,
    "ebitda": 190081000,
    "ebitdaratio": 0.2578075622,
    "operatingIncome": 152065000,
    "operatingIncomeRatio": 0.206246321,
    "totalOtherIncomeExpensesNet": 5844000,
    "incomeBeforeTax": 157909000,
    "incomeBeforeTaxRatio": 0.2141725598,
    "incomeTaxExpense": 12260000,
    "netIncome": 145649000,
    "netIncomeRatio": 0.1975442765,
    "eps": 0.89,
    "epsdiluted": 0.89,
    "weightedAverageShsOut": 163002000,
    "weightedAverageShsOutDil": 164253000,
    "link": "https://www.sec.gov/Archives/edgar/data/97210/000095017024119923/0000950170-24-119923-index.htm",
    "finalLink": "https://www.sec.gov/Archives/edgar/data/97210/000095017024119923/ter-20240929.htm"
  },
  {
    "date": "2024-06-30",
    "symbol": "TER",
    "reportedCurrency": "USD",
    "cik": "0000097210",
    "fillingDate": "2024-08-02",
    "acceptedDate": "2024-08-02 15:06:00",
    "calendarYear": "2024",
    "period": "Q2",
    "revenue": 729879000,
    "costOfRevenue": 304035000,
    "grossProfit": 425844000,
    "grossProfitRatio": 0.5834446532,
    "researchAndDevelopmentExpenses": 111816000,
    "generalAndAdministrativeExpenses": 0,
    "sellingAndMarketingExpenses": 0,
    "sellingGeneralAndAdministrativeExpenses": 154470000,
    "otherExpenses": -50810000,
    "operatingExpenses": 215476000,
    "costAndExpenses": 519511000,
    "interestIncome": 6715000,
    "interestExpense": 1530000,
    "depreciationAndAmortization": 30204000,
    "ebitda": 251137000,
    "ebitdaratio": 0.3440803202,
    "operatingIncome": 210368000,
    "operatingIncomeRatio": 0.2882231164,
    "totalOtherIncomeExpensesNet": 9035000,
    "incomeBeforeTax": 219403000,
    "incomeBeforeTaxRatio": 0.3006018806,
    "incomeTaxExpense": 33130000,
    "netIncome": 186273000,
    "netIncomeRatio": 0.2552107952,
    "eps": 1.18,
    "epsdiluted": 1.14,
    "weightedAverageShsOut": 157804000,
    "weightedAverageShsOutDil": 163470000,
    "link": "https://www.sec.gov/Archives/edgar/data/97210/000095017024089858/0000950170-24-089858-index.htm",
    "finalLink": "https://www.sec.gov/Archives/edgar/data/97210/000095017024089858/ter-20240630.htm"
  },
  {
    "date": "2024-03-31",
    "symbol": "TER",
    "reportedCurrency": "USD",
    "cik": "0000097210",
    "fillingDate": "2024-05-03",
    "acceptedDate": "2024-05-03 15:00:46",
    "calendarYear": "2024",
    "period": "Q1",
    "revenue": 599819000,
    "costOfRevenue": 260537000,
    "grossProfit": 339282000,
    "grossProfitRatio": 0.5656406349,
    "researchAndDevelopmentExpenses": 103199000,
    "generalAndAdministrativeExpenses": 0,
    "sellingAndMarketingExpenses": 0,
    "sellingGeneralAndAdministrativeExpenses": 149188000,
    "otherExpenses": 9124000,
    "operatingExpenses": 261511000,
    "costAndExpenses": 522048000,
    "interestIncome": 7867000,
    "interestExpense": 661000,
    "depreciationAndAmortization": 28120000,
    "ebitda": 101683000,
    "ebitdaratio": 0.169522806,
    "operatingIncome": 77771000,
    "operatingIncomeRatio": 0.1296574467,
    "totalOtherIncomeExpensesNet": -4869000,
    "incomeBeforeTax": 72902000,
    "incomeBeforeTaxRatio": 0.1215399979,
    "incomeTaxExpense": 8705000,
    "netIncome": 64197000,
    "netIncomeRatio": 0.1070272866,
    "eps": 0.42,
    "epsdiluted": 0.4,
    "weightedAverageShsOut": 153047000,
    "weightedAverageShsOutDil": 162348000,
    "link": "https://www.sec.gov/Archives/edgar/data/97210/000095017024052761/0000950170-24-052761-index.htm",
    "finalLink": "https://www.sec.gov/Archives/edgar/data/97210/000095017024052761/ter-20240331.htm"
  },
  {
    "date": "2023-12-31",
    "symbol": "TER",
    "reportedCurrency": "USD",
    "cik": "0000097210",
    "fillingDate": "2024-02-22",
    "acceptedDate": "2024-02-22 15:34:26",
    "calendarYear": "2023",
    "period": "Q4",
    "revenue": 670599000,
    "costOfRevenue": 291055000,
    "grossProfit": 379544000,
    "grossProfitRatio": 0.5659775812,
    "researchAndDevelopmentExpenses": 102208000,
    "generalAndAdministrativeExpenses": 0,
    "sellingAndMarketingExpenses": 0,
    "sellingGeneralAndAdministrativeExpenses": 142336000,
    "otherExpenses": 10677000,
    "operatingExpenses": 255221000,
    "costAndExpenses": 546276000,
    "interestIncome": 8862000,
    "interestExpense": 812000,
    "depreciationAndAmortization": 27945000,
    "ebitda": 168562000,
    "ebitdaratio": 0.251360351,
    "operatingIncome": 124323000,
    "operatingIncomeRatio": 0.1853909714,
    "totalOtherIncomeExpensesNet": 15482000,
    "incomeBeforeTax": 139805000,
    "incomeBeforeTaxRatio": 0.2084777937,
    "incomeTaxExpense": 22751000,
    "netIncome": 117054000,
    "netIncomeRatio": 0.1745514085,
    "eps": 0.77,
    "epsdiluted": 0.72,
    "weightedAverageShsOut": 152812000,
    "weightedAverageShsOutDil": 162106000,
    "link": "https://www.sec.gov/Archives/edgar/data/97210/000095017024018701/0000950170-24-018701-index.htm",
    "finalLink": "https://www.sec.gov/Archives/edgar/data/97210/000095017024018701/ter-20231231.htm"
  },
  {
    "date": "2023-10-01",
    "symbol": "TER",
    "reportedCurrency": "USD",
    "cik": "0000097210",
    "fillingDate": "2023-11-03",
    "acceptedDate": "2023-11-03 13:25:17",
    "calendarYear": "2023",
    "period": "Q3",
    "revenue": 703732000,
    "costOfRevenue": 305441000,
    "grossProfit": 398291000,
    "grossProfitRatio": 0.5659697157,
    "researchAndDevelopmentExpenses": 104413000,
    "generalAndAdministrativeExpenses": 0,
    "sellingAndMarketingExpenses": 0,
    "sellingGeneralAndAdministrativeExpenses": 138330000,
    "otherExpenses": 11576000,
    "operatingExpenses": 254319000,
    "costAndExpenses": 559760000,
    "interestIncome": 6873000,
    "interestExpense": 963000,
    "depreciationAndAmortization": 28130000,
    "ebitda": 173373000,
    "ebitdaratio": 0.2463622515,
    "operatingIncome": 143972000,
    "operatingIncomeRatio": 0.2045835631,
    "totalOtherIncomeExpensesNet": 308000,
    "incomeBeforeTax": 144280000,
    "incomeBeforeTaxRatio": 0.2050212297,
    "incomeTaxExpense": 16164000,
    "netIncome": 128116000,
    "netIncomeRatio": 0.1820522585,
    "eps": 0.83,
    "epsdiluted": 0.78,
    "weightedAverageShsOut": 153762000,
    "weightedAverageShsOutDil": 164050000,
    "link": "https://www.sec.gov/Archives/edgar/data/97210/000095017023058679/0000950170-23-058679-index.htm",
    "finalLink": "https://www.sec.gov/Archives/edgar/data/97210/000095017023058679/ter-20231001.htm"
  },
  {
    "date": "2023-07-02",
    "symbol": "TER",
    "reportedCurrency": "USD",
    "cik": "0000097210",
    "fillingDate": "2023-08-04",
    "acceptedDate": "2023-08-04 15:11:43",
    "calendarYear": "2023",
    "period": "Q2",
    "revenue": 684437000,
    "costOfRevenue": 281945000,
    "grossProfit": 402492000,
    "grossProfitRatio": 0.5880628896,
    "researchAndDevelopmentExpenses": 105706000,
    "generalAndAdministrativeExpenses": 0,
    "sellingAndMarketingExpenses": 0,
    "sellingGeneralAndAdministrativeExpenses": 145695000,
    "otherExpenses": 11183000,
    "operatingExpenses": 262584000,
    "costAndExpenses": 544529000,
    "interestIncome": 6354000,
    "interestExpense": 1045000,
    "depreciationAndAmortization": 27205000,
    "ebitda": 172652000,
    "ebitdaratio": 0.2522540424,
    "operatingIncome": 139908000,
    "operatingIncomeRatio": 0.2044132623,
    "totalOtherIncomeExpensesNet": 4494000,
    "incomeBeforeTax": 144402000,
    "incomeBeforeTaxRatio": 0.2109792428,
    "incomeTaxExpense": 24352000,
    "netIncome": 120050000,
    "netIncomeRatio": 0.175399635,
    "eps": 0.78,
    "epsdiluted": 0.73,
    "weightedAverageShsOut": 154760000,
    "weightedAverageShsOutDil": 164751000,
    "link": "https://www.sec.gov/Archives/edgar/data/97210/000119312523203780/0001193125-23-203780-index.htm",
    "finalLink": "https://www.sec.gov/Archives/edgar/data/97210/000119312523203780/d417157d10q.htm"
  },
  {
    "date": "2023-04-02",
    "symbol": "TER",
    "reportedCurrency": "USD",
    "cik": "0000097210",
    "fillingDate": "2023-05-05",
    "acceptedDate": "2023-05-05 15:14:46",
    "calendarYear": "2023",
    "period": "Q1",
    "revenue": 617529000,
    "costOfRevenue": 261109000,
    "grossProfit": 356420000,
    "grossProfitRatio": 0.5771712745,
    "researchAndDevelopmentExpenses": 105762000,
    "generalAndAdministrativeExpenses": 0,
    "sellingAndMarketingExpenses": 0,
    "sellingGeneralAndAdministrativeExpenses": 150955000,
    "otherExpenses": 6839000,
    "operatingExpenses": 263556000,
    "costAndExpenses": 524665000,
    "interestIncome": 5258000,
    "interestExpense": 987000,
    "depreciationAndAmortization": 27606000,
    "ebitda": 125677000,
    "ebitdaratio": 0.2035159482,
    "operatingIncome": 92864000,
    "operatingIncomeRatio": 0.1503799822,
    "totalOtherIncomeExpensesNet": 4220000,
    "incomeBeforeTax": 97084000,
    "incomeBeforeTaxRatio": 0.1572136693,
    "incomeTaxExpense": 13553000,
    "netIncome": 83531000,
    "netIncomeRatio": 0.1352665219,
    "eps": 0.54,
    "epsdiluted": 0.5,
    "weightedAverageShsOut": 155904000,
    "weightedAverageShsOutDil": 166308000,
    "link": "https://www.sec.gov/Archives/edgar/data/97210/000119312523136994/0001193125-23-136994-index.htm",
    "finalLink": "https://www.sec.gov/Archives/edgar/data/97210/000119312523136994/d489720d10q.htm"
  },
  {
    "date": "2022-12-31",
    "symbol": "TER",
    "reportedCurrency": "USD",
    "cik": "0000097210",
    "fillingDate": "2023-02-22",
    "acceptedDate": "2023-02-22 15:12:27",
    "calendarYear": "2022",
    "period": "Q4",
    "revenue": 731836000,
    "costOfRevenue": 311386000,
    "grossProfit": 420450000,
    "grossProfitRatio": 0.5745139621,
    "researchAndDevelopmentExpenses": 108810000,
    "generalAndAdministrativeExpenses": 0,
    "sellingAndMarketingExpenses": 0,
    "sellingGeneralAndAdministrativeExpenses": 142752000,
    "otherExpenses": 2301000,
    "operatingExpenses": 253863000,
    "costAndExpenses": 565249000,
    "interestIncome": 3407000,
    "interestExpense": 1015000,
    "depreciationAndAmortization": 27761000,
    "ebitda": 224013000,
    "ebitdaratio": 0.3060972677,
    "operatingIncome": 166587000,
    "operatingIncomeRatio": 0.2276288677,
    "totalOtherIncomeExpensesNet": 28650000,
    "incomeBeforeTax": 195237000,
    "incomeBeforeTaxRatio": 0.2667769828,
    "incomeTaxExpense": 22936000,
    "netIncome": 172301000,
    "netIncomeRatio": 0.2354366279,
    "eps": 1.11,
    "epsdiluted": 1.04,
    "weightedAverageShsOut": 155762000,
    "weightedAverageShsOutDil": 165468000,
    "link": "https://www.sec.gov/Archives/edgar/data/97210/000119312523044711/0001193125-23-044711-index.htm",
    "finalLink": "https://www.sec.gov/Archives/edgar/data/97210/000119312523044711/d414778d10k.htm"
  },
  {
    "date": "2022-10-02",
    "symbol": "TER",
    "reportedCurrency": "USD",
    "cik": "0000097210",
    "fillingDate": "2022-11-04",
    "acceptedDate": "2022-11-04 15:08:47",
    "calendarYear": "2022",
    "period": "Q3",
    "revenue": 827073000,
    "costOfRevenue": 341694000,
    "grossProfit": 485379000,
    "grossProfitRatio": 0.5868635538,
    "researchAndDevelopmentExpenses": 111715000,
    "generalAndAdministrativeExpenses": 0,
    "sellingAndMarketingExpenses": 0,
    "sellingGeneralAndAdministrativeExpenses": 135632000,
    "otherExpenses": 6525000,
    "operatingExpenses": 253872000,
    "costAndExpenses": 595566000,
    "interestIncome": 1318000,
    "interestExpense": 779000,
    "depreciationAndAmortization": 28359000,
    "ebitda": 255335000,
    "ebitdaratio": 0.3087212374,
    "operatingIncome": 231507000,
    "operatingIncomeRatio": 0.2799112049,
    "totalOtherIncomeExpensesNet": -5310000,
    "incomeBeforeTax": 226197000,
    "incomeBeforeTaxRatio": 0.2734909736,
    "incomeTaxExpense": 42712000,
    "netIncome": 183485000,
    "netIncomeRatio": 0.2218486155,
    "eps": 1.1,
    "epsdiluted": 1.1,
    "weightedAverageShsOut": 166733000,
    "weightedAverageShsOutDil": 166733000,
    "link": "https://www.sec.gov/Archives/edgar/data/97210/000119312522277821/0001193125-22-277821-index.htm",
    "finalLink": "https://www.sec.gov/Archives/edgar/data/97210/000119312522277821/d386683d10q.htm"
  },
  {
    "date": "2022-07-03",
    "symbol": "TER",
    "reportedCurrency": "USD",
    "cik": "0000097210",
    "fillingDate": "2022-08-05",
    "acceptedDate": "2022-08-05 14:29:02",
    "calendarYear": "2022",
    "period": "Q2",
    "revenue": 840766000,
    "costOfRevenue": 334377000,
    "grossProfit": 506389000,
    "grossProfitRatio": 0.6022948121,
    "researchAndDevelopmentExpenses": 111951000,
    "generalAndAdministrativeExpenses": 0,
    "sellingAndMarketingExpenses": 0,
    "sellingGeneralAndAdministrativeExpenses": 139533000,
    "otherExpenses": 6915000,
    "operatingExpenses": 258399000,
    "costAndExpenses": 592776000,
    "interestIncome": 951000,
    "interestExpense": 913000,
    "depreciationAndAmortization": 26819000,
    "ebitda": 266324000,
    "ebitdaratio": 0.3167635228,
    "operatingIncome": 247990000,
    "operatingIncomeRatio": 0.2949572176,
    "totalOtherIncomeExpensesNet": -9398000,
    "incomeBeforeTax": 238592000,
    "incomeBeforeTaxRatio": 0.2837793155,
    "incomeTaxExpense": 40805000,
    "netIncome": 197787000,
    "netIncomeRatio": 0.2352461922,
    "eps": 1.16,
    "epsdiluted": 1.16,
    "weightedAverageShsOut": 170506034,
    "weightedAverageShsOutDil": 171159000,
    "link": "https://www.sec.gov/Archives/edgar/data/97210/000119312522213485/0001193125-22-213485-index.htm",
    "finalLink": "https://www.sec.gov/Archives/edgar/data/97210/000119312522213485/d297974d10q.htm"
  },
  {
    "date": "2022-04-03",
    "symbol": "TER",
    "reportedCurrency": "USD",
    "cik": "0000097210",
    "fillingDate": "2022-05-06",
    "acceptedDate": "2022-05-06 14:57:27",
    "calendarYear": "2022",
    "period": "Q1",
    "revenue": 755370000,
    "costOfRevenue": 300437000,
    "grossProfit": 454933000,
    "grossProfitRatio": 0.6022651151,
    "researchAndDevelopmentExpenses": 108116000,
    "generalAndAdministrativeExpenses": 0,
    "sellingAndMarketingExpenses": 0,
    "sellingGeneralAndAdministrativeExpenses": 140185000,
    "otherExpenses": 20777000,
    "operatingExpenses": 269078000,
    "costAndExpenses": 569515000,
    "interestIncome": 703000,
    "interestExpense": 1012000,
    "depreciationAndAmortization": 27736000,
    "ebitda": 209107000,
    "ebitdaratio": 0.2768272502,
    "operatingIncome": 185855000,
    "operatingIncomeRatio": 0.2460449846,
    "totalOtherIncomeExpensesNet": -5496000,
    "incomeBeforeTax": 180359000,
    "incomeBeforeTaxRatio": 0.2387690801,
    "incomeTaxExpense": 18431000,
    "netIncome": 161928000,
    "netIncomeRatio": 0.2143691171,
    "eps": 0.92,
    "epsdiluted": 0.92,
    "weightedAverageShsOut": 175575000,
    "weightedAverageShsOutDil": 175575000,
    "link": "https://www.sec.gov/Archives/edgar/data/97210/000119312522143504/0001193125-22-143504-index.htm",
    "finalLink": "https://www.sec.gov/Archives/edgar/data/97210/000119312522143504/d300073d10q.htm"
  },
  {
    "date": "2021-12-31",
    "symbol": "TER",
    "reportedCurrency": "USD",
    "cik": "0000097210",
    "fillingDate": "2022-02-23",
    "acceptedDate": "2022-02-23 15:19:17",
    "calendarYear": "2021",
    "period": "Q4",
    "revenue": 885046000,
    "costOfRevenue": 357998000,
    "grossProfit": 527048000,
    "grossProfitRatio": 0.5955035106,
    "researchAndDevelopmentExpenses": 109965000,
    "generalAndAdministrativeExpenses": 0,
    "sellingAndMarketingExpenses": 0,
    "sellingGeneralAndAdministrativeExpenses": 142747000,
    "otherExpenses": 17901000,
    "operatingExpenses": 270613000,
    "costAndExpenses": 628611000,
    "interestIncome": 561000,
    "interestExpense": 2466000,
    "depreciationAndAmortization": 29993000,
    "ebitda": 287640000,
    "ebitdaratio": 0.3250000565,
    "operatingIncome": 256435000,
    "operatingIncomeRatio": 0.2897420021,
    "totalOtherIncomeExpensesNet": -1254000,
    "incomeBeforeTax": 255181000,
    "incomeBeforeTaxRatio": 0.2883251266,
    "incomeTaxExpense": 31141000,
    "netIncome": 224040000,
    "netIncomeRatio": 0.2531393848,
    "eps": 1.41,
    "epsdiluted": 1.29,
    "weightedAverageShsOut": 162769000,
    "weightedAverageShsOutDil": 178020000,
    "link": "https://www.sec.gov/Archives/edgar/data/97210/000119312522049828/0001193125-22-049828-index.htm",
    "finalLink": "https://www.sec.gov/Archives/edgar/data/97210/000119312522049828/d213661d10k.htm"
  },
  {
    "date": "2021-10-03",
    "symbol": "TER",
    "reportedCurrency": "USD",
    "cik": "0000097210",
    "fillingDate": "2021-11-05",
    "acceptedDate": "2021-11-05 15:48:02",
    "calendarYear": "2021",
    "period": "Q3",
    "revenue": 950501000,
    "costOfRevenue": 379500000,
    "grossProfit": 571001000,
    "grossProfitRatio": 0.6007368746,
    "researchAndDevelopmentExpenses": 107220000,
    "generalAndAdministrativeExpenses": 0,
    "sellingAndMarketingExpenses": 0,
    "sellingGeneralAndAdministrativeExpenses": 134829000,
    "otherExpenses": 6552000,
    "operatingExpenses": 248601000,
    "costAndExpenses": 628101000,
    "interestIncome": 626000,
    "interestExpense": 3785000,
    "depreciationAndAmortization": 30301000,
    "ebitda": 331841000,
    "ebitdaratio": 0.3491221998,
    "operatingIncome": 322400000,
    "operatingIncomeRatio": 0.3391895432,
    "totalOtherIncomeExpensesNet": -24645000,
    "incomeBeforeTax": 297755000,
    "incomeBeforeTaxRatio": 0.3132611118,
    "incomeTaxExpense": 41037000,
    "netIncome": 256718000,
    "netIncomeRatio": 0.2700870383,
    "eps": 1.56,
    "epsdiluted": 1.41,
    "weightedAverageShsOut": 164583000,
    "weightedAverageShsOutDil": 181987000,
    "link": "https://www.sec.gov/Archives/edgar/data/97210/000119312521321554/0001193125-21-321554-index.htm",
    "finalLink": "https://www.sec.gov/Archives/edgar/data/97210/000119312521321554/d207854d10q.htm"
  },
  {
    "date": "2021-07-04",
    "symbol": "TER",
    "reportedCurrency": "USD",
    "cik": "0000097210",
    "fillingDate": "2021-08-06",
    "acceptedDate": "2021-08-06 11:31:44",
    "calendarYear": "2021",
    "period": "Q2",
    "revenue": 1085728000,
    "costOfRevenue": 438739000,
    "grossProfit": 646989000,
    "grossProfitRatio": 0.5959033939,
    "researchAndDevelopmentExpenses": 110021000,
    "generalAndAdministrativeExpenses": 0,
    "sellingAndMarketingExpenses": 0,
    "sellingGeneralAndAdministrativeExpenses": 140187000,
    "otherExpenses": 7909000,
    "operatingExpenses": 258117000,
    "costAndExpenses": 696856000,
    "interestIncome": 633000,
    "interestExpense": 5566000,
    "depreciationAndAmortization": 31459000,
    "ebitda": 421051000,
    "ebitdaratio": 0.387805233,
    "operatingIncome": 388872000,
    "operatingIncomeRatio": 0.3581670547,
    "totalOtherIncomeExpensesNet": -4846000,
    "incomeBeforeTax": 384026000,
    "incomeBeforeTaxRatio": 0.3537036901,
    "incomeTaxExpense": 55707000,
    "netIncome": 328319000,
    "netIncomeRatio": 0.3023952592,
    "eps": 1.98,
    "epsdiluted": 1.76,
    "weightedAverageShsOut": 165995000,
    "weightedAverageShsOutDil": 186750000,
    "link": "https://www.sec.gov/Archives/edgar/data/97210/000119312521238886/0001193125-21-238886-index.htm",
    "finalLink": "https://www.sec.gov/Archives/edgar/data/97210/000119312521238886/d93533d10q.htm"
  },
  {
    "date": "2021-04-04",
    "symbol": "TER",
    "reportedCurrency": "USD",
    "cik": "0000097210",
    "fillingDate": "2021-05-07",
    "acceptedDate": "2021-05-07 14:19:39",
    "calendarYear": "2021",
    "period": "Q1",
    "revenue": 781606000,
    "costOfRevenue": 319988000,
    "grossProfit": 461618000,
    "grossProfitRatio": 0.5906019145,
    "researchAndDevelopmentExpenses": 100402000,
    "generalAndAdministrativeExpenses": 0,
    "sellingAndMarketingExpenses": 0,
    "sellingGeneralAndAdministrativeExpenses": 129797000,
    "otherExpenses": -1594000,
    "operatingExpenses": 228605000,
    "costAndExpenses": 548593000,
    "interestIncome": 808000,
    "interestExpense": 6004000,
    "depreciationAndAmortization": 33732000,
    "ebitda": 263729000,
    "ebitdaratio": 0.3374193647,
    "operatingIncome": 233013000,
    "operatingIncomeRatio": 0.2981207923,
    "totalOtherIncomeExpensesNet": -9020000,
    "incomeBeforeTax": 223993000,
    "incomeBeforeTaxRatio": 0.286580451,
    "incomeTaxExpense": 18481000,
    "netIncome": 205512000,
    "netIncomeRatio": 0.2629355455,
    "eps": 1.23,
    "epsdiluted": 1.09,
    "weightedAverageShsOut": 166491000,
    "weightedAverageShsOutDil": 187740000,
    "link": "https://www.sec.gov/Archives/edgar/data/97210/000119312521154707/0001193125-21-154707-index.htm",
    "finalLink": "https://www.sec.gov/Archives/edgar/data/97210/000119312521154707/d122241d10q.htm"
  },
  {
    "date": "2020-12-31",
    "symbol": "TER",
    "reportedCurrency": "USD",
    "cik": "0000097210",
    "fillingDate": "2021-02-22",
    "acceptedDate": "2021-02-22 16:04:39",
    "calendarYear": "2020",
    "period": "Q4",
    "revenue": 758969000,
    "costOfRevenue": 309179000,
    "grossProfit": 449790000,
    "grossProfitRatio": 0.5926329007,
    "researchAndDevelopmentExpenses": 100794000,
    "generalAndAdministrativeExpenses": 0,
    "sellingAndMarketingExpenses": 0,
    "sellingGeneralAndAdministrativeExpenses": 124281000,
    "otherExpenses": -9366000,
    "operatingExpenses": 215709000,
    "costAndExpenses": 524888000,
    "interestIncome": 793000,
    "interestExpense": 6351000,
    "depreciationAndAmortization": 32055000,
    "ebitda": 261332000,
    "ebitdaratio": 0.3443249988,
    "operatingIncome": 234081000,
    "operatingIncomeRatio": 0.3084197115,
    "totalOtherIncomeExpensesNet": -11155000,
    "incomeBeforeTax": 222926000,
    "incomeBeforeTaxRatio": 0.2937221415,
    "incomeTaxExpense": 26594000,
    "netIncome": 196330000,
    "netIncomeRatio": 0.258679867,
    "eps": 1.18,
    "epsdiluted": 1.05,
    "weightedAverageShsOut": 166085000,
    "weightedAverageShsOutDil": 186837000,
    "link": "https://www.sec.gov/Archives/edgar/data/97210/000119312521050735/0001193125-21-050735-index.htm",
    "finalLink": "https://www.sec.gov/Archives/edgar/data/97210/000119312521050735/d69963d10k.htm"
  },
  {
    "date": "2020-09-27",
    "symbol": "TER",
    "reportedCurrency": "USD",
    "cik": "0000097210",
    "fillingDate": "2020-11-02",
    "acceptedDate": "2020-11-02 14:38:16",
    "calendarYear": "2020",
    "period": "Q3",
    "revenue": 819484000,
    "costOfRevenue": 360556000,
    "grossProfit": 458928000,
    "grossProfitRatio": 0.560020696,
    "researchAndDevelopmentExpenses": 94909000,
    "generalAndAdministrativeExpenses": 0,
    "sellingAndMarketingExpenses": 0,
    "sellingGeneralAndAdministrativeExpenses": 115840000,
    "otherExpenses": -21482000,
    "operatingExpenses": 189267000,
    "costAndExpenses": 549823000,
    "interestIncome": 1071000,
    "interestExpense": 6237000,
    "depreciationAndAmortization": 30149000,
    "ebitda": 300117000,
    "ebitdaratio": 0.3662267964,
    "operatingIncome": 269661000,
    "operatingIncomeRatio": 0.3290619463,
    "totalOtherIncomeExpensesNet": -5930000,
    "incomeBeforeTax": 263731000,
    "incomeBeforeTaxRatio": 0.3218256854,
    "incomeTaxExpense": 41013000,
    "netIncome": 222718000,
    "netIncomeRatio": 0.2717783386,
    "eps": 1.34,
    "epsdiluted": 1.21,
    "weightedAverageShsOut": 166014000,
    "weightedAverageShsOutDil": 184338000,
    "link": "https://www.sec.gov/Archives/edgar/data/97210/000119312520283796/0001193125-20-283796-index.htm",
    "finalLink": "https://www.sec.gov/Archives/edgar/data/97210/000119312520283796/d58367d10q.htm"
  },
  {
    "date": "2020-06-28",
    "symbol": "TER",
    "reportedCurrency": "USD",
    "cik": "0000097210",
    "fillingDate": "2020-08-03",
    "acceptedDate": "2020-08-03 14:25:39",
    "calendarYear": "2020",
    "period": "Q2",
    "revenue": 838661000,
    "costOfRevenue": 367188000,
    "grossProfit": 471473000,
    "grossProfitRatio": 0.5621735123,
    "researchAndDevelopmentExpenses": 94102000,
    "generalAndAdministrativeExpenses": 0,
    "sellingAndMarketingExpenses": 0,
    "sellingGeneralAndAdministrativeExpenses": 113259000,
    "otherExpenses": 46163000,
    "operatingExpenses": 253524000,
    "costAndExpenses": 620712000,
    "interestIncome": 1368000,
    "interestExpense": 6043000,
    "depreciationAndAmortization": 32659000,
    "ebitda": 255993000,
    "ebitdaratio": 0.3052401387,
    "operatingIncome": 217949000,
    "operatingIncomeRatio": 0.2598773521,
    "totalOtherIncomeExpensesNet": -658000,
    "incomeBeforeTax": 217291000,
    "incomeBeforeTaxRatio": 0.2590927681,
    "incomeTaxExpense": 28383000,
    "netIncome": 188908000,
    "netIncomeRatio": 0.2252495347,
    "eps": 1.14,
    "epsdiluted": 1.05,
    "weightedAverageShsOut": 165789000,
    "weightedAverageShsOutDil": 180257000,
    "link": "https://www.sec.gov/Archives/edgar/data/97210/000119312520207892/0001193125-20-207892-index.htm",
    "finalLink": "https://www.sec.gov/Archives/edgar/data/97210/000119312520207892/d861742d10q.htm"
  },
  {
    "date": "2020-03-29",
    "symbol": "TER",
    "reportedCurrency": "USD",
    "cik": "0000097210",
    "fillingDate": "2020-05-04",
    "acceptedDate": "2020-05-04 14:43:38",
    "calendarYear": "2020",
    "period": "Q1",
    "revenue": 704355000,
    "costOfRevenue": 298805000,
    "grossProfit": 405550000,
    "grossProfitRatio": 0.5757749998,
    "researchAndDevelopmentExpenses": 85159000,
    "generalAndAdministrativeExpenses": 0,
    "sellingAndMarketingExpenses": 0,
    "sellingGeneralAndAdministrativeExpenses": 111388000,
    "otherExpenses": 2285000,
    "operatingExpenses": 198832000,
    "costAndExpenses": 497637000,
    "interestIncome": 2751000,
    "interestExpense": 5551000,
    "depreciationAndAmortization": 31880000,
    "ebitda": 234500000,
    "ebitdaratio": 0.3329287078,
    "operatingIncome": 206718000,
    "operatingIncomeRatio": 0.2934855293,
    "totalOtherIncomeExpensesNet": -9649000,
    "incomeBeforeTax": 197069000,
    "incomeBeforeTaxRatio": 0.2797864713,
    "incomeTaxExpense": 20878000,
    "netIncome": 176191000,
    "netIncomeRatio": 0.2501451683,
    "eps": 1.06,
    "epsdiluted": 0.97,
    "weightedAverageShsOut": 166589000,
    "weightedAverageShsOutDil": 180736000,
    "link": "https://www.sec.gov/Archives/edgar/data/97210/000119312520132242/0001193125-20-132242-index.htm",
    "finalLink": "https://www.sec.gov/Archives/edgar/data/97210/000119312520132242/d895361d10q.htm"
  },
  {
    "date": "2019-12-31",
    "symbol": "TER",
    "reportedCurrency": "USD",
    "cik": "0000097210",
    "fillingDate": "2020-03-02",
    "acceptedDate": "2020-03-02 14:20:16",
    "calendarYear": "2019",
    "period": "Q4",
    "revenue": 654650000,
    "costOfRevenue": 271412000,
    "grossProfit": 383238000,
    "grossProfitRatio": 0.5854089972,
    "researchAndDevelopmentExpenses": 86794000,
    "generalAndAdministrativeExpenses": 0,
    "sellingAndMarketingExpenses": 0,
    "sellingGeneralAndAdministrativeExpenses": 117094000,
    "otherExpenses": 7696000,
    "operatingExpenses": 211584000,
    "costAndExpenses": 482996000,
    "interestIncome": 6144000,
    "interestExpense": 5950000,
    "depreciationAndAmortization": 32298000,
    "ebitda": 187131000,
    "ebitdaratio": 0.2858489269,
    "operatingIncome": 171654000,
    "operatingIncomeRatio": 0.2622072863,
    "totalOtherIncomeExpensesNet": -22771000,
    "incomeBeforeTax": 148883000,
    "incomeBeforeTaxRatio": 0.2274238143,
    "incomeTaxExpense": 23810000,
    "netIncome": 136783000,
    "netIncomeRatio": 0.2089406553,
    "eps": 0.82,
    "epsdiluted": 0.75,
    "weightedAverageShsOut": 167286000,
    "weightedAverageShsOutDil": 181780000,
    "link": "https://www.sec.gov/Archives/edgar/data/97210/000119312520058676/0001193125-20-058676-index.htm",
    "finalLink": "https://www.sec.gov/Archives/edgar/data/97210/000119312520058676/d860886d10k.htm"
  },
  {
    "date": "2019-09-29",
    "symbol": "TER",
    "reportedCurrency": "USD",
    "cik": "0000097210",
    "fillingDate": "2019-11-08",
    "acceptedDate": "2019-11-08 12:53:14",
    "calendarYear": "2019",
    "period": "Q3",
    "revenue": 582038000,
    "costOfRevenue": 237000000,
    "grossProfit": 345038000,
    "grossProfitRatio": 0.5928100914,
    "researchAndDevelopmentExpenses": 77804000,
    "generalAndAdministrativeExpenses": 0,
    "sellingAndMarketingExpenses": 0,
    "sellingGeneralAndAdministrativeExpenses": 109166000,
    "otherExpenses": 3147000,
    "operatingExpenses": 190117000,
    "costAndExpenses": 427117000,
    "interestIncome": 4433000,
    "interestExpense": 5463000,
    "depreciationAndAmortization": 29499000,
    "ebitda": 186695000,
    "ebitdaratio": 0.3207608438,
    "operatingIncome": 154921000,
    "operatingIncomeRatio": 0.2661699064,
    "totalOtherIncomeExpensesNet": -3188000,
    "incomeBeforeTax": 151733000,
    "incomeBeforeTaxRatio": 0.2606926008,
    "incomeTaxExpense": 15873000,
    "netIncome": 135860000,
    "netIncomeRatio": 0.2334211856,
    "eps": 0.8,
    "epsdiluted": 0.75,
    "weightedAverageShsOut": 169641000,
    "weightedAverageShsOutDil": 180494000,
    "link": "https://www.sec.gov/Archives/edgar/data/97210/000119312519288119/0001193125-19-288119-index.htm",
    "finalLink": "https://www.sec.gov/Archives/edgar/data/97210/000119312519288119/d788269d10q.htm"
  },
  {
    "date": "2019-06-30",
    "symbol": "TER",
    "reportedCurrency": "USD",
    "cik": "0000097210",
    "fillingDate": "2019-08-09",
    "acceptedDate": "2019-08-09 12:37:47",
    "calendarYear": "2019",
    "period": "Q2",
    "revenue": 564178000,
    "costOfRevenue": 240260000,
    "grossProfit": 323918000,
    "grossProfitRatio": 0.5741414944,
    "researchAndDevelopmentExpenses": 81434000,
    "generalAndAdministrativeExpenses": 0,
    "sellingAndMarketingExpenses": 0,
    "sellingGeneralAndAdministrativeExpenses": 108811000,
    "otherExpenses": -321000,
    "operatingExpenses": 189924000,
    "costAndExpenses": 430184000,
    "interestIncome": 4384000,
    "interestExpense": 5800000,
    "depreciationAndAmortization": 29265000,
    "ebitda": 166242000,
    "ebitdaratio": 0.2946623229,
    "operatingIncome": 133994000,
    "operatingIncomeRatio": 0.2375030575,
    "totalOtherIncomeExpensesNet": -2817000,
    "incomeBeforeTax": 131177000,
    "incomeBeforeTaxRatio": 0.2325099525,
    "incomeTaxExpense": 33780000,
    "netIncome": 97397000,
    "netIncomeRatio": 0.1726352321,
    "eps": 0.57,
    "epsdiluted": 0.55,
    "weightedAverageShsOut": 171241000,
    "weightedAverageShsOutDil": 178590000,
    "link": "https://www.sec.gov/Archives/edgar/data/97210/000119312519217772/0001193125-19-217772-index.htm",
    "finalLink": "https://www.sec.gov/Archives/edgar/data/97210/000119312519217772/d746270d10q.htm"
  },
  {
    "date": "2019-03-31",
    "symbol": "TER",
    "reportedCurrency": "USD",
    "cik": "0000097210",
    "fillingDate": "2019-05-10",
    "acceptedDate": "2019-05-10 10:27:18",
    "calendarYear": "2019",
    "period": "Q1",
    "revenue": 494099000,
    "costOfRevenue": 206464000,
    "grossProfit": 287635000,
    "grossProfitRatio": 0.5821404213,
    "researchAndDevelopmentExpenses": 76791000,
    "generalAndAdministrativeExpenses": 0,
    "sellingAndMarketingExpenses": 0,
    "sellingGeneralAndAdministrativeExpenses": 102013000,
    "otherExpenses": 15746000,
    "operatingExpenses": 194550000,
    "costAndExpenses": 401014000,
    "interestIncome": 4989000,
    "interestExpense": 5520000,
    "depreciationAndAmortization": 29593000,
    "ebitda": 129092000,
    "ebitdaratio": 0.2612674788,
    "operatingIncome": 93085000,
    "operatingIncomeRatio": 0.1883934191,
    "totalOtherIncomeExpensesNet": 894000,
    "incomeBeforeTax": 93979000,
    "incomeBeforeTaxRatio": 0.1902027731,
    "incomeTaxExpense": -15159000,
    "netIncome": 109138000,
    "netIncomeRatio": 0.2208828595,
    "eps": 0.63,
    "epsdiluted": 0.62,
    "weightedAverageShsOut": 173532000,
    "weightedAverageShsOutDil": 176972000,
    "link": "https://www.sec.gov/Archives/edgar/data/97210/000119312519143836/0001193125-19-143836-index.htm",
    "finalLink": "https://www.sec.gov/Archives/edgar/data/97210/000119312519143836/d717687d10q.htm"
  },
  {
    "date": "2018-12-31",
    "symbol": "TER",
    "reportedCurrency": "USD",
    "cik": "0000097210",
    "fillingDate": "2019-03-01",
    "acceptedDate": "2019-03-01 12:03:21",
    "calendarYear": "2018",
    "period": "Q4",
    "revenue": 519558000,
    "costOfRevenue": 210023000,
    "grossProfit": 309535000,
    "grossProfitRatio": 0.5957660165,
    "researchAndDevelopmentExpenses": 74706000,
    "generalAndAdministrativeExpenses": 0,
    "sellingAndMarketingExpenses": 0,
    "sellingGeneralAndAdministrativeExpenses": 100554000,
    "otherExpenses": 22005000,
    "operatingExpenses": 197265000,
    "costAndExpenses": 407288000,
    "interestIncome": 9084000,
    "interestExpense": 13182000,
    "depreciationAndAmortization": 30385000,
    "ebitda": 154693000,
    "ebitdaratio": 0.2977396171,
    "operatingIncome": 112270000,
    "operatingIncomeRatio": 0.2160875205,
    "totalOtherIncomeExpensesNet": -1144000,
    "incomeBeforeTax": 111126000,
    "incomeBeforeTaxRatio": 0.213885649,
    "incomeTaxExpense": -32662000,
    "netIncome": 143791000,
    "netIncomeRatio": 0.2767563968,
    "eps": 0.8,
    "epsdiluted": 0.79,
    "weightedAverageShsOut": 178958000,
    "weightedAverageShsOutDil": 181520000,
    "link": "https://www.sec.gov/Archives/edgar/data/97210/000119312519059974/0001193125-19-059974-index.htm",
    "finalLink": "https://www.sec.gov/Archives/edgar/data/97210/000119312519059974/d652525d10k.htm"
  },
  {
    "date": "2018-09-30",
    "symbol": "TER",
    "reportedCurrency": "USD",
    "cik": "0000097210",
    "fillingDate": "2018-11-09",
    "acceptedDate": "2018-11-09 11:52:31",
    "calendarYear": "2018",
    "period": "Q3",
    "revenue": 566848000,
    "costOfRevenue": 233155000,
    "grossProfit": 333693000,
    "grossProfitRatio": 0.5886816219,
    "researchAndDevelopmentExpenses": 77049000,
    "generalAndAdministrativeExpenses": 0,
    "sellingAndMarketingExpenses": 0,
    "sellingGeneralAndAdministrativeExpenses": 100199000,
    "otherExpenses": 12852000,
    "operatingExpenses": 190100000,
    "costAndExpenses": 423255000,
    "interestIncome": 6213000,
    "interestExpense": 5557000,
    "depreciationAndAmortization": 29506000,
    "ebitda": 175907000,
    "ebitdaratio": 0.3103248137,
    "operatingIncome": 143593000,
    "operatingIncomeRatio": 0.2533183499,
    "totalOtherIncomeExpensesNet": -2749000,
    "incomeBeforeTax": 140844000,
    "incomeBeforeTaxRatio": 0.2484687253,
    "incomeTaxExpense": 20863000,
    "netIncome": 119981000,
    "netIncomeRatio": 0.2116634442,
    "eps": 0.65,
    "epsdiluted": 0.63,
    "weightedAverageShsOut": 185744000,
    "weightedAverageShsOutDil": 190505000,
    "link": "https://www.sec.gov/Archives/edgar/data/97210/000119312518323422/0001193125-18-323422-index.htm",
    "finalLink": "https://www.sec.gov/Archives/edgar/data/97210/000119312518323422/d601614d10q.htm"
  },
  {
    "date": "2018-07-01",
    "symbol": "TER",
    "reportedCurrency": "USD",
    "cik": "0000097210",
    "fillingDate": "2018-08-10",
    "acceptedDate": "2018-08-10 13:02:38",
    "calendarYear": "2018",
    "period": "Q2",
    "revenue": 526929000,
    "costOfRevenue": 219595000,
    "grossProfit": 307334000,
    "grossProfitRatio": 0.5832550495,
    "researchAndDevelopmentExpenses": 75342000,
    "generalAndAdministrativeExpenses": 0,
    "sellingAndMarketingExpenses": 0,
    "sellingGeneralAndAdministrativeExpenses": 99410000,
    "otherExpenses": 12182000,
    "operatingExpenses": 186934000,
    "costAndExpenses": 406529000,
    "interestIncome": 5427000,
    "interestExpense": 5639000,
    "depreciationAndAmortization": 27793000,
    "ebitda": 153444000,
    "ebitdaratio": 0.2912043178,
    "operatingIncome": 120400000,
    "operatingIncomeRatio": 0.2284937819,
    "totalOtherIncomeExpensesNet": -388000,
    "incomeBeforeTax": 120012000,
    "incomeBeforeTaxRatio": 0.2277574398,
    "incomeTaxExpense": 18975000,
    "netIncome": 101037000,
    "netIncomeRatio": 0.1917468957,
    "eps": 0.53,
    "epsdiluted": 0.52,
    "weightedAverageShsOut": 190730000,
    "weightedAverageShsOutDil": 194909000,
    "link": "https://www.sec.gov/Archives/edgar/data/97210/000119312518245633/0001193125-18-245633-index.htm",
    "finalLink": "https://www.sec.gov/Archives/edgar/data/97210/000119312518245633/d587623d10q.htm"
  },
  {
    "date": "2018-04-01",
    "symbol": "TER",
    "reportedCurrency": "USD",
    "cik": "0000097210",
    "fillingDate": "2018-05-11",
    "acceptedDate": "2018-05-11 12:08:18",
    "calendarYear": "2018",
    "period": "Q1",
    "revenue": 487467000,
    "costOfRevenue": 217635000,
    "grossProfit": 269832000,
    "grossProfitRatio": 0.5535390088,
    "researchAndDevelopmentExpenses": 74408000,
    "generalAndAdministrativeExpenses": 0,
    "sellingAndMarketingExpenses": 0,
    "sellingGeneralAndAdministrativeExpenses": 90505000,
    "otherExpenses": 7385000,
    "operatingExpenses": 172298000,
    "costAndExpenses": 389933000,
    "interestIncome": 5981000,
    "interestExpense": 6890000,
    "depreciationAndAmortization": 25540000,
    "ebitda": 128250000,
    "ebitdaratio": 0.2630947326,
    "operatingIncome": 97534000,
    "operatingIncomeRatio": 0.2000832877,
    "totalOtherIncomeExpensesNet": -1714000,
    "incomeBeforeTax": 95820000,
    "incomeBeforeTaxRatio": 0.1965671522,
    "incomeTaxExpense": 8846000,
    "netIncome": 86974000,
    "netIncomeRatio": 0.1784202828,
    "eps": 0.45,
    "epsdiluted": 0.43,
    "weightedAverageShsOut": 195255000,
    "weightedAverageShsOutDil": 203484000,
    "link": "https://www.sec.gov/Archives/edgar/data/97210/000119312518160479/0001193125-18-160479-index.htm",
    "finalLink": "https://www.sec.gov/Archives/edgar/data/97210/000119312518160479/d503232d10q.htm"
  },
  {
    "date": "2017-12-31",
    "symbol": "TER",
    "reportedCurrency": "USD",
    "cik": "0000097210",
    "fillingDate": "2018-03-01",
    "acceptedDate": "2018-03-01 14:14:00",
    "calendarYear": "2017",
    "period": "Q4",
    "revenue": 479415000,
    "costOfRevenue": 206481000,
    "grossProfit": 272934000,
    "grossProfitRatio": 0.5693063421,
    "researchAndDevelopmentExpenses": 70564000,
    "generalAndAdministrativeExpenses": 0,
    "sellingAndMarketingExpenses": 0,
    "sellingGeneralAndAdministrativeExpenses": 88005000,
    "otherExpenses": 16355000,
    "operatingExpenses": 174924000,
    "costAndExpenses": 381405000,
    "interestIncome": 6476000,
    "interestExpense": 5380000,
    "depreciationAndAmortization": 26519000,
    "ebitda": 129982000,
    "ebitdaratio": 0.2711262685,
    "operatingIncome": 98010000,
    "operatingIncomeRatio": 0.2044366572,
    "totalOtherIncomeExpensesNet": 73000,
    "incomeBeforeTax": 98083000,
    "incomeBeforeTaxRatio": 0.2045889261,
    "incomeTaxExpense": 204007000,
    "netIncome": -105923000,
    "netIncomeRatio": -0.22094219,
    "eps": -0.54,
    "epsdiluted": -0.54,
    "weightedAverageShsOut": 195028722,
    "weightedAverageShsOutDil": 196010000,
    "link": "https://www.sec.gov/Archives/edgar/data/97210/000119312518066579/0001193125-18-066579-index.htm",
    "finalLink": "https://www.sec.gov/Archives/edgar/data/97210/000119312518066579/d504255d10k.htm"
  },
  {
    "date": "2017-10-01",
    "symbol": "TER",
    "reportedCurrency": "USD",
    "cik": "0000097210",
    "fillingDate": "2017-11-09",
    "acceptedDate": "2017-11-09 13:34:45",
    "calendarYear": "2017",
    "period": "Q3",
    "revenue": 503378000,
    "costOfRevenue": 208509000,
    "grossProfit": 294869000,
    "grossProfitRatio": 0.5857804672,
    "researchAndDevelopmentExpenses": 76986000,
    "generalAndAdministrativeExpenses": 0,
    "sellingAndMarketingExpenses": 0,
    "sellingGeneralAndAdministrativeExpenses": 86130000,
    "otherExpenses": 2621000,
    "operatingExpenses": 165737000,
    "costAndExpenses": 374246000,
    "interestIncome": 4517000,
    "interestExpense": 5372000,
    "depreciationAndAmortization": 26670000,
    "ebitda": 159479000,
    "ebitdaratio": 0.3168175804,
    "operatingIncome": 129132000,
    "operatingIncomeRatio": 0.2565308774,
    "totalOtherIncomeExpensesNet": -1695000,
    "incomeBeforeTax": 127437000,
    "incomeBeforeTaxRatio": 0.2531636265,
    "incomeTaxExpense": 24017000,
    "netIncome": 103420000,
    "netIncomeRatio": 0.2054519665,
    "eps": 0.52,
    "epsdiluted": 0.52,
    "weightedAverageShsOut": 197485000,
    "weightedAverageShsOutDil": 200775000,
    "link": "https://www.sec.gov/Archives/edgar/data/97210/000119312517338478/0001193125-17-338478-index.htm",
    "finalLink": "https://www.sec.gov/Archives/edgar/data/97210/000119312517338478/d428961d10q.htm"
  },
  {
    "date": "2017-07-02",
    "symbol": "TER",
    "reportedCurrency": "USD",
    "cik": "0000097210",
    "fillingDate": "2017-08-11",
    "acceptedDate": "2017-08-11 13:03:50",
    "calendarYear": "2017",
    "period": "Q2",
    "revenue": 696901000,
    "costOfRevenue": 306263000,
    "grossProfit": 390638000,
    "grossProfitRatio": 0.560535858,
    "researchAndDevelopmentExpenses": 82270000,
    "generalAndAdministrativeExpenses": 0,
    "sellingAndMarketingExpenses": 0,
    "sellingGeneralAndAdministrativeExpenses": 90111000,
    "otherExpenses": 10454000,
    "operatingExpenses": 182835000,
    "costAndExpenses": 489098000,
    "interestIncome": 3292000,
    "interestExpense": 5509000,
    "depreciationAndAmortization": 27673000,
    "ebitda": 240059000,
    "ebitdaratio": 0.3444664307,
    "operatingIncome": 207803000,
    "operatingIncomeRatio": 0.2981815208,
    "totalOtherIncomeExpensesNet": -926000,
    "incomeBeforeTax": 206877000,
    "incomeBeforeTaxRatio": 0.2968527811,
    "incomeTaxExpense": 31901000,
    "netIncome": 174976000,
    "netIncomeRatio": 0.2510772692,
    "eps": 0.88,
    "epsdiluted": 0.87,
    "weightedAverageShsOut": 198774000,
    "weightedAverageShsOutDil": 201529000,
    "link": "https://www.sec.gov/Archives/edgar/data/97210/000119312517255654/0001193125-17-255654-index.htm",
    "finalLink": "https://www.sec.gov/Archives/edgar/data/97210/000119312517255654/d395788d10q.htm"
  },
  {
    "date": "2017-04-02",
    "symbol": "TER",
    "reportedCurrency": "USD",
    "cik": "0000097210",
    "fillingDate": "2017-05-12",
    "acceptedDate": "2017-05-12 11:55:13",
    "calendarYear": "2017",
    "period": "Q1",
    "revenue": 456913000,
    "costOfRevenue": 191897000,
    "grossProfit": 265016000,
    "grossProfitRatio": 0.5800141384,
    "researchAndDevelopmentExpenses": 75978000,
    "generalAndAdministrativeExpenses": 0,
    "sellingAndMarketingExpenses": 0,
    "sellingGeneralAndAdministrativeExpenses": 84792000,
    "otherExpenses": 10463000,
    "operatingExpenses": 171233000,
    "costAndExpenses": 363130000,
    "interestIncome": 3520000,
    "interestExpense": 5402000,
    "depreciationAndAmortization": 27213000,
    "ebitda": 124631000,
    "ebitdaratio": 0.2727674634,
    "operatingIncome": 93783000,
    "operatingIncomeRatio": 0.2052535165,
    "totalOtherIncomeExpensesNet": -1767000,
    "incomeBeforeTax": 92016000,
    "incomeBeforeTaxRatio": 0.2013862595,
    "incomeTaxExpense": 6795000,
    "netIncome": 85221000,
    "netIncomeRatio": 0.1865147194,
    "eps": 0.43,
    "epsdiluted": 0.42,
    "weightedAverageShsOut": 200005000,
    "weightedAverageShsOutDil": 201936000,
    "link": "https://www.sec.gov/Archives/edgar/data/97210/000119312517168243/0001193125-17-168243-index.htm",
    "finalLink": "https://www.sec.gov/Archives/edgar/data/97210/000119312517168243/d369816d10q.htm"
  },
  {
    "date": "2016-12-31",
    "symbol": "TER",
    "reportedCurrency": "USD",
    "cik": "0000097210",
    "fillingDate": "2017-03-01",
    "acceptedDate": "2017-03-01 12:10:57",
    "calendarYear": "2016",
    "period": "Q4",
    "revenue": 379989000,
    "costOfRevenue": 160983000,
    "grossProfit": 219006000,
    "grossProfitRatio": 0.5763482627,
    "researchAndDevelopmentExpenses": 70052000,
    "generalAndAdministrativeExpenses": 0,
    "sellingAndMarketingExpenses": 0,
    "sellingGeneralAndAdministrativeExpenses": 76289000,
    "otherExpenses": 13493000,
    "operatingExpenses": 159834000,
    "costAndExpenses": 320817000,
    "interestIncome": 3095000,
    "interestExpense": 1603000,
    "depreciationAndAmortization": 25297000,
    "ebitda": 85785000,
    "ebitdaratio": 0.2257565351,
    "operatingIncome": 59172000,
    "operatingIncomeRatio": 0.1557202972,
    "totalOtherIncomeExpensesNet": -287000,
    "incomeBeforeTax": 58885000,
    "incomeBeforeTaxRatio": 0.1549650121,
    "incomeTaxExpense": -7461000,
    "netIncome": 66345000,
    "netIncomeRatio": 0.1745971594,
    "eps": 0.33,
    "epsdiluted": 0.33,
    "weightedAverageShsOut": 200810000,
    "weightedAverageShsOutDil": 202947000,
    "link": "https://www.sec.gov/Archives/edgar/data/97210/000119312517064638/0001193125-17-064638-index.htm",
    "finalLink": "https://www.sec.gov/Archives/edgar/data/97210/000119312517064638/d274101d10k.htm"
  },
  {
    "date": "2016-10-02",
    "symbol": "TER",
    "reportedCurrency": "USD",
    "cik": "0000097210",
    "fillingDate": "2016-11-10",
    "acceptedDate": "2016-11-10 11:47:52",
    "calendarYear": "2016",
    "period": "Q3",
    "revenue": 410475000,
    "costOfRevenue": 183116000,
    "grossProfit": 227359000,
    "grossProfitRatio": 0.5538924417,
    "researchAndDevelopmentExpenses": 71400000,
    "generalAndAdministrativeExpenses": 0,
    "sellingAndMarketingExpenses": 0,
    "sellingGeneralAndAdministrativeExpenses": 78794000,
    "otherExpenses": 20664000,
    "operatingExpenses": 170858000,
    "costAndExpenses": 353974000,
    "interestIncome": 2892000,
    "interestExpense": 633000,
    "depreciationAndAmortization": 25364000,
    "ebitda": 85678000,
    "ebitdaratio": 0.2087289116,
    "operatingIncome": 56501000,
    "operatingIncomeRatio": 0.137647847,
    "totalOtherIncomeExpensesNet": 3180000,
    "incomeBeforeTax": 59681000,
    "incomeBeforeTaxRatio": 0.1453949692,
    "incomeTaxExpense": -4113000,
    "netIncome": 63794000,
    "netIncomeRatio": 0.1554150679,
    "eps": 0.32,
    "epsdiluted": 0.31,
    "weightedAverageShsOut": 202211000,
    "weightedAverageShsOutDil": 203929000,
    "link": "https://www.sec.gov/Archives/edgar/data/97210/000119312516765452/0001193125-16-765452-index.htm",
    "finalLink": "https://www.sec.gov/Archives/edgar/data/97210/000119312516765452/d105293d10q.htm"
  },
  {
    "date": "2016-07-03",
    "symbol": "TER",
    "reportedCurrency": "USD",
    "cik": "0000097210",
    "fillingDate": "2016-08-12",
    "acceptedDate": "2016-08-12 12:23:22",
    "calendarYear": "2016",
    "period": "Q2",
    "revenue": 531792000,
    "costOfRevenue": 248922000,
    "grossProfit": 282870000,
    "grossProfitRatio": 0.5319184944,
    "researchAndDevelopmentExpenses": 76109000,
    "generalAndAdministrativeExpenses": 0,
    "sellingAndMarketingExpenses": 0,
    "sellingGeneralAndAdministrativeExpenses": 81425000,
    "otherExpenses": 357137000,
    "operatingExpenses": 514671000,
    "costAndExpenses": 763593000,
    "interestIncome": 1666000,
    "interestExpense": 691000,
    "depreciationAndAmortization": 32686000,
    "ebitda": -197440000,
    "ebitdaratio": -0.3712729789,
    "operatingIncome": -231801000,
    "operatingIncomeRatio": -0.4358865872,
    "totalOtherIncomeExpensesNet": 984000,
    "incomeBeforeTax": -230817000,
    "incomeBeforeTaxRatio": -0.4340362397,
    "incomeTaxExpense": -7271000,
    "netIncome": -223546000,
    "netIncomeRatio": -0.4203636008,
    "eps": -1.1,
    "epsdiluted": -1.1,
    "weightedAverageShsOut": 203018000,
    "weightedAverageShsOutDil": 203018000,
    "link": "https://www.sec.gov/Archives/edgar/data/97210/000119312516680412/0001193125-16-680412-index.htm",
    "finalLink": "https://www.sec.gov/Archives/edgar/data/97210/000119312516680412/d208481d10q.htm"
  },
  {
    "date": "2016-04-03",
    "symbol": "TER",
    "reportedCurrency": "USD",
    "cik": "0000097210",
    "fillingDate": "2016-05-13",
    "acceptedDate": "2016-05-13 06:06:58",
    "calendarYear": "2016",
    "period": "Q1",
    "revenue": 430994000,
    "costOfRevenue": 200662000,
    "grossProfit": 230332000,
    "grossProfitRatio": 0.5344204328,
    "researchAndDevelopmentExpenses": 73464000,
    "generalAndAdministrativeExpenses": 0,
    "sellingAndMarketingExpenses": 0,
    "sellingGeneralAndAdministrativeExpenses": 79174000,
    "otherExpenses": 21581000,
    "operatingExpenses": 174219000,
    "costAndExpenses": 374881000,
    "interestIncome": 1642000,
    "interestExpense": 710000,
    "depreciationAndAmortization": 36662000,
    "ebitda": 94564000,
    "ebitdaratio": 0.2194090869,
    "operatingIncome": 56113000,
    "operatingIncomeRatio": 0.1301943879,
    "totalOtherIncomeExpensesNet": 1079000,
    "incomeBeforeTax": 57192000,
    "incomeBeforeTaxRatio": 0.132697903,
    "incomeTaxExpense": 7206000,
    "netIncome": 49986000,
    "netIncomeRatio": 0.1159784127,
    "eps": 0.24,
    "epsdiluted": 0.24,
    "weightedAverageShsOut": 204271000,
    "weightedAverageShsOutDil": 205732000,
    "link": "https://www.sec.gov/Archives/edgar/data/97210/000119312516589497/0001193125-16-589497-index.htm",
    "finalLink": "https://www.sec.gov/Archives/edgar/data/97210/000119312516589497/d150554d10q.htm"
  },
  {
    "date": "2015-12-31",
    "symbol": "TER",
    "reportedCurrency": "USD",
    "cik": "0000097210",
    "fillingDate": "2016-02-29",
    "acceptedDate": "2016-02-29 12:10:57",
    "calendarYear": "2015",
    "period": "Q4",
    "revenue": 318445000,
    "costOfRevenue": 152418000,
    "grossProfit": 166027000,
    "grossProfitRatio": 0.5213678971,
    "researchAndDevelopmentExpenses": 70941000,
    "generalAndAdministrativeExpenses": 0,
    "sellingAndMarketingExpenses": 0,
    "sellingGeneralAndAdministrativeExpenses": 79718000,
    "otherExpenses": 25116000,
    "operatingExpenses": 175775000,
    "costAndExpenses": 328193000,
    "interestIncome": 2016000,
    "interestExpense": 762000,
    "depreciationAndAmortization": 36083000,
    "ebitda": 27988000,
    "ebitdaratio": 0.0878895885,
    "operatingIncome": -9748000,
    "operatingIncomeRatio": -0.0306112516,
    "totalOtherIncomeExpensesNet": 891000,
    "incomeBeforeTax": -8857000,
    "incomeBeforeTaxRatio": -0.0278132802,
    "incomeTaxExpense": -8216000,
    "netIncome": -641000,
    "netIncomeRatio": -0.0020129065,
    "eps": -0.0031,
    "epsdiluted": -0.0031,
    "weightedAverageShsOut": 205113000,
    "weightedAverageShsOutDil": 205113000,
    "link": "https://www.sec.gov/Archives/edgar/data/97210/000119312516484381/0001193125-16-484381-index.htm",
    "finalLink": "https://www.sec.gov/Archives/edgar/data/97210/000119312516484381/d126262d10k.htm"
  },
  {
    "date": "2015-10-04",
    "symbol": "TER",
    "reportedCurrency": "USD",
    "cik": "0000097210",
    "fillingDate": "2015-11-13",
    "acceptedDate": "2015-11-13 10:59:58",
    "calendarYear": "2015",
    "period": "Q3",
    "revenue": 465994000,
    "costOfRevenue": 207368000,
    "grossProfit": 258626000,
    "grossProfitRatio": 0.5549985622,
    "researchAndDevelopmentExpenses": 74027000,
    "generalAndAdministrativeExpenses": 0,
    "sellingAndMarketingExpenses": 0,
    "sellingGeneralAndAdministrativeExpenses": 77481000,
    "otherExpenses": 20314000,
    "operatingExpenses": 171822000,
    "costAndExpenses": 379190000,
    "interestIncome": 1708000,
    "interestExpense": 508000,
    "depreciationAndAmortization": 37065000,
    "ebitda": 124981000,
    "ebitdaratio": 0.2682030241,
    "operatingIncome": 86804000,
    "operatingIncomeRatio": 0.1862770765,
    "totalOtherIncomeExpensesNet": 604000,
    "incomeBeforeTax": 87408000,
    "incomeBeforeTaxRatio": 0.1875732306,
    "incomeTaxExpense": 15955000,
    "netIncome": 71453000,
    "netIncomeRatio": 0.1533345923,
    "eps": 0.34,
    "epsdiluted": 0.34,
    "weightedAverageShsOut": 210032000,
    "weightedAverageShsOutDil": 211736000,
    "link": "https://www.sec.gov/Archives/edgar/data/97210/000119312515376639/0001193125-15-376639-index.htm",
    "finalLink": "https://www.sec.gov/Archives/edgar/data/97210/000119312515376639/d18275d10q.htm"
  },
  {
    "date": "2015-07-05",
    "symbol": "TER",
    "reportedCurrency": "USD",
    "cik": "0000097210",
    "fillingDate": "2015-08-14",
    "acceptedDate": "2015-08-14 13:29:26",
    "calendarYear": "2015",
    "period": "Q2",
    "revenue": 512739000,
    "costOfRevenue": 214171000,
    "grossProfit": 298568000,
    "grossProfitRatio": 0.5823001566,
    "researchAndDevelopmentExpenses": 75832000,
    "generalAndAdministrativeExpenses": 0,
    "sellingAndMarketingExpenses": 0,
    "sellingGeneralAndAdministrativeExpenses": 77073000,
    "otherExpenses": 14873000,
    "operatingExpenses": 167778000,
    "costAndExpenses": 381949000,
    "interestIncome": 1674000,
    "interestExpense": 444000,
    "depreciationAndAmortization": 33141000,
    "ebitda": 165721000,
    "ebitdaratio": 0.3232073238,
    "operatingIncome": 130790000,
    "operatingIncomeRatio": 0.2550810451,
    "totalOtherIncomeExpensesNet": 1346000,
    "incomeBeforeTax": 132136000,
    "incomeBeforeTaxRatio": 0.2577061624,
    "incomeTaxExpense": 29257000,
    "netIncome": 102879000,
    "netIncomeRatio": 0.2006459427,
    "eps": 0.48,
    "epsdiluted": 0.48,
    "weightedAverageShsOut": 213845000,
    "weightedAverageShsOutDil": 215496000,
    "link": "https://www.sec.gov/Archives/edgar/data/97210/000119312515291444/0001193125-15-291444-index.htm",
    "finalLink": "https://www.sec.gov/Archives/edgar/data/97210/000119312515291444/d941133d10q.htm"
  },
  {
    "date": "2015-04-05",
    "symbol": "TER",
    "reportedCurrency": "USD",
    "cik": "0000097210",
    "fillingDate": "2015-05-08",
    "acceptedDate": "2015-05-08 14:46:29",
    "calendarYear": "2015",
    "period": "Q1",
    "revenue": 342401000,
    "costOfRevenue": 149978000,
    "grossProfit": 192423000,
    "grossProfitRatio": 0.5619814194,
    "researchAndDevelopmentExpenses": 71450000,
    "generalAndAdministrativeExpenses": 0,
    "sellingAndMarketingExpenses": 0,
    "sellingGeneralAndAdministrativeExpenses": 72041000,
    "otherExpenses": 13808000,
    "operatingExpenses": 157299000,
    "costAndExpenses": 307277000,
    "interestIncome": 1816000,
    "interestExpense": 162000,
    "depreciationAndAmortization": 34484000,
    "ebitda": 77084000,
    "ebitdaratio": 0.2251278472,
    "operatingIncome": 35124000,
    "operatingIncomeRatio": 0.1025814761,
    "totalOtherIncomeExpensesNet": 7314000,
    "incomeBeforeTax": 42438000,
    "incomeBeforeTaxRatio": 0.123942395,
    "incomeTaxExpense": 9651000,
    "netIncome": 32787000,
    "netIncomeRatio": 0.0957561456,
    "eps": 0.15,
    "epsdiluted": 0.15,
    "weightedAverageShsOut": 217187000,
    "weightedAverageShsOutDil": 218812000,
    "link": "https://www.sec.gov/Archives/edgar/data/97210/000119312515179303/0001193125-15-179303-index.htm",
    "finalLink": "https://www.sec.gov/Archives/edgar/data/97210/000119312515179303/d905231d10q.htm"
  },
  {
    "date": "2014-12-31",
    "symbol": "TER",
    "reportedCurrency": "USD",
    "cik": "0000097210",
    "fillingDate": "2015-02-27",
    "acceptedDate": "2015-02-27 09:59:41",
    "calendarYear": "2014",
    "period": "Q4",
    "revenue": 323237000,
    "costOfRevenue": 163010000,
    "grossProfit": 160227000,
    "grossProfitRatio": 0.4956951092,
    "researchAndDevelopmentExpenses": 79187000,
    "generalAndAdministrativeExpenses": 0,
    "sellingAndMarketingExpenses": 0,
    "sellingGeneralAndAdministrativeExpenses": 91157000,
    "otherExpenses": 116053000,
    "operatingExpenses": 286397000,
    "costAndExpenses": 449407000,
    "interestIncome": 2035000,
    "interestExpense": 306000,
    "depreciationAndAmortization": 37590000,
    "ebitda": -86917000,
    "ebitdaratio": -0.2688955782,
    "operatingIncome": -126170000,
    "operatingIncomeRatio": -0.3903327899,
    "totalOtherIncomeExpensesNet": 1357000,
    "incomeBeforeTax": -124813000,
    "incomeBeforeTaxRatio": -0.3861346319,
    "incomeTaxExpense": -21002000,
    "netIncome": -103811000,
    "netIncomeRatio": -0.3211606345,
    "eps": -0.48,
    "epsdiluted": -0.48,
    "weightedAverageShsOut": 216532000,
    "weightedAverageShsOutDil": 216532000,
    "link": "https://www.sec.gov/Archives/edgar/data/97210/000119312515067671/0001193125-15-067671-index.htm",
    "finalLink": "https://www.sec.gov/Archives/edgar/data/97210/000119312515067671/d829718d10k.htm"
  },
  {
    "date": "2014-09-28",
    "symbol": "TER",
    "reportedCurrency": "USD",
    "cik": "0000097210",
    "fillingDate": "2014-11-07",
    "acceptedDate": "2014-11-07 12:03:01",
    "calendarYear": "2014",
    "period": "Q3",
    "revenue": 478010000,
    "costOfRevenue": 216889000,
    "grossProfit": 261121000,
    "grossProfitRatio": 0.5462668145,
    "researchAndDevelopmentExpenses": 71953000,
    "generalAndAdministrativeExpenses": 0,
    "sellingAndMarketingExpenses": 0,
    "sellingGeneralAndAdministrativeExpenses": 73064000,
    "otherExpenses": 17866000,
    "operatingExpenses": 162883000,
    "costAndExpenses": 379772000,
    "interestIncome": 1922000,
    "interestExpense": 144000,
    "depreciationAndAmortization": 38179000,
    "ebitda": 138993000,
    "ebitdaratio": 0.2907742516,
    "operatingIncome": 98238000,
    "operatingIncomeRatio": 0.205514529,
    "totalOtherIncomeExpensesNet": 2432000,
    "incomeBeforeTax": 100670000,
    "incomeBeforeTaxRatio": 0.2106022887,
    "incomeTaxExpense": 17721000,
    "netIncome": 82949000,
    "netIncomeRatio": 0.1735298425,
    "eps": 0.4,
    "epsdiluted": 0.38,
    "weightedAverageShsOut": 207381000,
    "weightedAverageShsOutDil": 218333000,
    "link": "https://www.sec.gov/Archives/edgar/data/97210/000119312514402724/0001193125-14-402724-index.htm",
    "finalLink": "https://www.sec.gov/Archives/edgar/data/97210/000119312514402724/d785774d10q.htm"
  },
  {
    "date": "2014-06-29",
    "symbol": "TER",
    "reportedCurrency": "USD",
    "cik": "0000097210",
    "fillingDate": "2014-08-08",
    "acceptedDate": "2014-08-08 10:05:05",
    "calendarYear": "2014",
    "period": "Q2",
    "revenue": 525567000,
    "costOfRevenue": 235154000,
    "grossProfit": 290413000,
    "grossProfitRatio": 0.5525708425,
    "researchAndDevelopmentExpenses": 73414000,
    "generalAndAdministrativeExpenses": 0,
    "sellingAndMarketingExpenses": 0,
    "sellingGeneralAndAdministrativeExpenses": 77489000,
    "otherExpenses": 18843000,
    "operatingExpenses": 169746000,
    "costAndExpenses": 404900000,
    "interestIncome": 1266000,
    "interestExpense": 159000,
    "depreciationAndAmortization": 37591000,
    "ebitda": 159142000,
    "ebitdaratio": 0.3028005944,
    "operatingIncome": 120667000,
    "operatingIncomeRatio": 0.2295939433,
    "totalOtherIncomeExpensesNet": 725000,
    "incomeBeforeTax": 121392000,
    "incomeBeforeTaxRatio": 0.2309734059,
    "incomeTaxExpense": 20187000,
    "netIncome": 101205000,
    "netIncomeRatio": 0.19256346,
    "eps": 0.52,
    "epsdiluted": 0.47,
    "weightedAverageShsOut": 194408000,
    "weightedAverageShsOutDil": 216568000,
    "link": "https://www.sec.gov/Archives/edgar/data/97210/000119312514302025/0001193125-14-302025-index.htm",
    "finalLink": "https://www.sec.gov/Archives/edgar/data/97210/000119312514302025/d751855d10q.htm"
  },
  {
    "date": "2014-03-30",
    "symbol": "TER",
    "reportedCurrency": "USD",
    "cik": "0000097210",
    "fillingDate": "2014-05-07",
    "acceptedDate": "2014-05-07 15:43:27",
    "calendarYear": "2014",
    "period": "Q1",
    "revenue": 321010000,
    "costOfRevenue": 153963000,
    "grossProfit": 167047000,
    "grossProfitRatio": 0.5203794274,
    "researchAndDevelopmentExpenses": 67085000,
    "generalAndAdministrativeExpenses": 0,
    "sellingAndMarketingExpenses": 0,
    "sellingGeneralAndAdministrativeExpenses": 78003000,
    "otherExpenses": 18271000,
    "operatingExpenses": 163359000,
    "costAndExpenses": 317322000,
    "interestIncome": 1036000,
    "interestExpense": 6417000,
    "depreciationAndAmortization": 39184000,
    "ebitda": 43728000,
    "ebitdaratio": 0.1362200554,
    "operatingIncome": 3688000,
    "operatingIncomeRatio": 0.0114887387,
    "totalOtherIncomeExpensesNet": -5561000,
    "incomeBeforeTax": -1873000,
    "incomeBeforeTaxRatio": -0.0058347092,
    "incomeTaxExpense": -2802000,
    "netIncome": 929000,
    "netIncomeRatio": 0.0028939908,
    "eps": 0.0048,
    "epsdiluted": 0.0039,
    "weightedAverageShsOut": 193311000,
    "weightedAverageShsOutDil": 236484000,
    "link": "https://www.sec.gov/Archives/edgar/data/97210/000119312514187349/0001193125-14-187349-index.htm",
    "finalLink": "https://www.sec.gov/Archives/edgar/data/97210/000119312514187349/d685963d10q.htm"
  },
  {
    "date": "2013-12-31",
    "symbol": "TER",
    "reportedCurrency": "USD",
    "cik": "0000097210",
    "fillingDate": "2014-02-28",
    "acceptedDate": "2014-02-28 15:51:24",
    "calendarYear": "2013",
    "period": "Q4",
    "revenue": 285301000,
    "costOfRevenue": 125444000,
    "grossProfit": 159857000,
    "grossProfitRatio": 0.5603099884,
    "researchAndDevelopmentExpenses": 64613000,
    "generalAndAdministrativeExpenses": 0,
    "sellingAndMarketingExpenses": 0,
    "sellingGeneralAndAdministrativeExpenses": 69523000,
    "otherExpenses": 18884000,
    "operatingExpenses": 153020000,
    "costAndExpenses": 278464000,
    "interestIncome": 8340000,
    "interestExpense": 0,
    "depreciationAndAmortization": 39319000,
    "ebitda": 45313000,
    "ebitdaratio": 0.1588252407,
    "operatingIncome": 6837000,
    "operatingIncomeRatio": 0.0239641642,
    "totalOtherIncomeExpensesNet": 28602000,
    "incomeBeforeTax": 35439000,
    "incomeBeforeTaxRatio": 0.1242161787,
    "incomeTaxExpense": 13096000,
    "netIncome": 22343000,
    "netIncomeRatio": 0.0783137809,
    "eps": 0.12,
    "epsdiluted": 0.09,
    "weightedAverageShsOut": 191525000,
    "weightedAverageShsOutDil": 236903000,
    "link": "https://www.sec.gov/Archives/edgar/data/97210/000119312514077218/0001193125-14-077218-index.htm",
    "finalLink": "https://www.sec.gov/Archives/edgar/data/97210/000119312514077218/d651046d10k.htm"
  },
  {
    "date": "2013-09-29",
    "symbol": "TER",
    "reportedCurrency": "USD",
    "cik": "0000097210",
    "fillingDate": "2013-11-08",
    "acceptedDate": "2013-11-08 13:56:01",
    "calendarYear": "2013",
    "period": "Q3",
    "revenue": 433376000,
    "costOfRevenue": 179082000,
    "grossProfit": 254294000,
    "grossProfitRatio": 0.586774533,
    "researchAndDevelopmentExpenses": 68918000,
    "generalAndAdministrativeExpenses": 0,
    "sellingAndMarketingExpenses": 0,
    "sellingGeneralAndAdministrativeExpenses": 72917000,
    "otherExpenses": 18953000,
    "operatingExpenses": 160788000,
    "costAndExpenses": 339870000,
    "interestIncome": 948000,
    "interestExpense": 6902000,
    "depreciationAndAmortization": 37764000,
    "ebitda": 132218000,
    "ebitdaratio": 0.3050884221,
    "operatingIncome": 93506000,
    "operatingIncomeRatio": 0.2157618327,
    "totalOtherIncomeExpensesNet": -5954000,
    "incomeBeforeTax": 87552000,
    "incomeBeforeTaxRatio": 0.2020231854,
    "incomeTaxExpense": 18093000,
    "netIncome": 69459000,
    "netIncomeRatio": 0.1602742192,
    "eps": 0.36,
    "epsdiluted": 0.29,
    "weightedAverageShsOut": 191307000,
    "weightedAverageShsOutDil": 235828000,
    "link": "https://www.sec.gov/Archives/edgar/data/97210/000119312513434842/0001193125-13-434842-index.htm",
    "finalLink": "https://www.sec.gov/Archives/edgar/data/97210/000119312513434842/d585603d10q.htm"
  },
  {
    "date": "2013-06-30",
    "symbol": "TER",
    "reportedCurrency": "USD",
    "cik": "0000097210",
    "fillingDate": "2013-08-09",
    "acceptedDate": "2013-08-09 14:10:29",
    "calendarYear": "2013",
    "period": "Q2",
    "revenue": 428889000,
    "costOfRevenue": 187656000,
    "grossProfit": 241233000,
    "grossProfitRatio": 0.562460217,
    "researchAndDevelopmentExpenses": 67773000,
    "generalAndAdministrativeExpenses": 0,
    "sellingAndMarketingExpenses": 0,
    "sellingGeneralAndAdministrativeExpenses": 69230000,
    "otherExpenses": 18322000,
    "operatingExpenses": 155325000,
    "costAndExpenses": 342981000,
    "interestIncome": 903000,
    "interestExpense": 6454000,
    "depreciationAndAmortization": 36487000,
    "ebitda": 123298000,
    "ebitdaratio": 0.2874823089,
    "operatingIncome": 85908000,
    "operatingIncomeRatio": 0.2003035751,
    "totalOtherIncomeExpensesNet": -5551000,
    "incomeBeforeTax": 80357000,
    "incomeBeforeTaxRatio": 0.1873608323,
    "incomeTaxExpense": 13801000,
    "netIncome": 66556000,
    "netIncomeRatio": 0.1551823432,
    "eps": 0.35,
    "epsdiluted": 0.28,
    "weightedAverageShsOut": 190569000,
    "weightedAverageShsOutDil": 234909000,
    "link": "https://www.sec.gov/Archives/edgar/data/97210/000119312513328849/0001193125-13-328849-index.htm",
    "finalLink": "https://www.sec.gov/Archives/edgar/data/97210/000119312513328849/d540833d10q.htm"
  },
  {
    "date": "2013-03-31",
    "symbol": "TER",
    "reportedCurrency": "USD",
    "cik": "0000097210",
    "fillingDate": "2013-05-10",
    "acceptedDate": "2013-05-10 13:05:24",
    "calendarYear": "2013",
    "period": "Q1",
    "revenue": 280367000,
    "costOfRevenue": 126950000,
    "grossProfit": 153417000,
    "grossProfitRatio": 0.5472006335,
    "researchAndDevelopmentExpenses": 62751000,
    "generalAndAdministrativeExpenses": 0,
    "sellingAndMarketingExpenses": 0,
    "sellingGeneralAndAdministrativeExpenses": 67890000,
    "otherExpenses": 18368000,
    "operatingExpenses": 149009000,
    "costAndExpenses": 275959000,
    "interestIncome": 1072000,
    "interestExpense": 6906000,
    "depreciationAndAmortization": 37117000,
    "ebitda": 42597000,
    "ebitdaratio": 0.1519330021,
    "operatingIncome": 4408000,
    "operatingIncomeRatio": 0.0157222498,
    "totalOtherIncomeExpensesNet": -5834000,
    "incomeBeforeTax": -1426000,
    "incomeBeforeTaxRatio": -0.0050861906,
    "incomeTaxExpense": -8015000,
    "netIncome": 6589000,
    "netIncomeRatio": 0.0235013393,
    "eps": 0.03,
    "epsdiluted": 0.03,
    "weightedAverageShsOut": 189686000,
    "weightedAverageShsOutDil": 234757000,
    "link": "https://www.sec.gov/Archives/edgar/data/97210/000119312513213285/0001193125-13-213285-index.htm",
    "finalLink": "https://www.sec.gov/Archives/edgar/data/97210/000119312513213285/d503067d10q.htm"
  },
  {
    "date": "2012-12-31",
    "symbol": "TER",
    "reportedCurrency": "USD",
    "cik": "0000097210",
    "fillingDate": "2013-03-01",
    "acceptedDate": "2013-03-01 16:35:41",
    "calendarYear": "2012",
    "period": "Q4",
    "revenue": 248404000,
    "costOfRevenue": 122999000,
    "grossProfit": 125405000,
    "grossProfitRatio": 0.5048429172,
    "researchAndDevelopmentExpenses": 61660000,
    "generalAndAdministrativeExpenses": 0,
    "sellingAndMarketingExpenses": 0,
    "sellingGeneralAndAdministrativeExpenses": 70436000,
    "otherExpenses": 17904000,
    "operatingExpenses": 150000000,
    "costAndExpenses": 272999000,
    "interestIncome": 1256000,
    "interestExpense": 6946000,
    "depreciationAndAmortization": 37197000,
    "ebitda": 13858000,
    "ebitdaratio": 0.0557881516,
    "operatingIncome": -24595000,
    "operatingIncomeRatio": -0.0990120932,
    "totalOtherIncomeExpensesNet": -5690000,
    "incomeBeforeTax": -30285000,
    "incomeBeforeTaxRatio": -0.1219183266,
    "incomeTaxExpense": -13742000,
    "netIncome": -16543000,
    "netIncomeRatio": -0.0665971562,
    "eps": -0.0881,
    "epsdiluted": -0.0881,
    "weightedAverageShsOut": 187737000,
    "weightedAverageShsOutDil": 187737000,
    "link": "https://www.sec.gov/Archives/edgar/data/97210/000119312513087821/0001193125-13-087821-index.htm",
    "finalLink": "https://www.sec.gov/Archives/edgar/data/97210/000119312513087821/d440736d10k.htm"
  },
  {
    "date": "2012-09-30",
    "symbol": "TER",
    "reportedCurrency": "USD",
    "cik": "0000097210",
    "fillingDate": "2012-11-09",
    "acceptedDate": "2012-11-09 14:54:50",
    "calendarYear": "2012",
    "period": "Q3",
    "revenue": 463394000,
    "costOfRevenue": 203194000,
    "grossProfit": 260200000,
    "grossProfitRatio": 0.5615092125,
    "researchAndDevelopmentExpenses": 63946000,
    "generalAndAdministrativeExpenses": 0,
    "sellingAndMarketingExpenses": 0,
    "sellingGeneralAndAdministrativeExpenses": 69030000,
    "otherExpenses": 19112000,
    "operatingExpenses": 152088000,
    "costAndExpenses": 355282000,
    "interestIncome": 1067000,
    "interestExpense": 6154000,
    "depreciationAndAmortization": 37856000,
    "ebitda": 147035000,
    "ebitdaratio": 0.3173001808,
    "operatingIncome": 108112000,
    "operatingIncomeRatio": 0.233304704,
    "totalOtherIncomeExpensesNet": -5087000,
    "incomeBeforeTax": 103025000,
    "incomeBeforeTaxRatio": 0.2223270047,
    "incomeTaxExpense": 14384000,
    "netIncome": 88641000,
    "netIncomeRatio": 0.1912864646,
    "eps": 0.47,
    "epsdiluted": 0.39,
    "weightedAverageShsOut": 187364000,
    "weightedAverageShsOutDil": 229210000,
    "link": "https://www.sec.gov/Archives/edgar/data/97210/000119312512462959/0001193125-12-462959-index.htm",
    "finalLink": "https://www.sec.gov/Archives/edgar/data/97210/000119312512462959/d399182d10q.htm"
  },
  {
    "date": "2012-07-01",
    "symbol": "TER",
    "reportedCurrency": "USD",
    "cik": "0000097210",
    "fillingDate": "2012-08-10",
    "acceptedDate": "2012-08-10 14:08:43",
    "calendarYear": "2012",
    "period": "Q2",
    "revenue": 548284000,
    "costOfRevenue": 238778000,
    "grossProfit": 309506000,
    "grossProfitRatio": 0.56449942,
    "researchAndDevelopmentExpenses": 67834000,
    "generalAndAdministrativeExpenses": 0,
    "sellingAndMarketingExpenses": 0,
    "sellingGeneralAndAdministrativeExpenses": 72064000,
    "otherExpenses": 12167000,
    "operatingExpenses": 152065000,
    "costAndExpenses": 390843000,
    "interestIncome": 874000,
    "interestExpense": 6323000,
    "depreciationAndAmortization": 35219000,
    "ebitda": 193534000,
    "ebitdaratio": 0.3529813017,
    "operatingIncome": 157441000,
    "operatingIncomeRatio": 0.2871522787,
    "totalOtherIncomeExpensesNet": -5449000,
    "incomeBeforeTax": 151992000,
    "incomeBeforeTaxRatio": 0.2772139986,
    "incomeTaxExpense": 40605000,
    "netIncome": 111387000,
    "netIncomeRatio": 0.2031556639,
    "eps": 0.6,
    "epsdiluted": 0.49,
    "weightedAverageShsOut": 186573000,
    "weightedAverageShsOutDil": 229646000,
    "link": "https://www.sec.gov/Archives/edgar/data/97210/000119312512349611/0001193125-12-349611-index.htm",
    "finalLink": "https://www.sec.gov/Archives/edgar/data/97210/000119312512349611/d354913d10q.htm"
  },
  {
    "date": "2012-04-01",
    "symbol": "TER",
    "reportedCurrency": "USD",
    "cik": "0000097210",
    "fillingDate": "2012-05-11",
    "acceptedDate": "2012-05-11 14:26:41",
    "calendarYear": "2012",
    "period": "Q1",
    "revenue": 396668000,
    "costOfRevenue": 205742000,
    "grossProfit": 190926000,
    "grossProfitRatio": 0.4813244325,
    "researchAndDevelopmentExpenses": 61279000,
    "generalAndAdministrativeExpenses": 0,
    "sellingAndMarketingExpenses": 0,
    "sellingGeneralAndAdministrativeExpenses": 66633000,
    "otherExpenses": 16604000,
    "operatingExpenses": 144516000,
    "costAndExpenses": 350258000,
    "interestIncome": 893000,
    "interestExpense": 6059000,
    "depreciationAndAmortization": 34103000,
    "ebitda": 81406000,
    "ebitdaratio": 0.2052245203,
    "operatingIncome": 46410000,
    "operatingIncomeRatio": 0.1169996067,
    "totalOtherIncomeExpensesNet": -5166000,
    "incomeBeforeTax": 41244000,
    "incomeBeforeTaxRatio": 0.1039761211,
    "incomeTaxExpense": 7680000,
    "netIncome": 33564000,
    "netIncomeRatio": 0.0846148416,
    "eps": 0.18,
    "epsdiluted": 0.15,
    "weightedAverageShsOut": 185838000,
    "weightedAverageShsOutDil": 231153000,
    "link": "https://www.sec.gov/Archives/edgar/data/97210/000119312512227981/0001193125-12-227981-index.htm",
    "finalLink": "https://www.sec.gov/Archives/edgar/data/97210/000119312512227981/d323422d10q.htm"
  },
  {
    "date": "2011-12-30",
    "symbol": "TER",
    "reportedCurrency": "USD",
    "cik": "0000097210",
    "fillingDate": "2012-02-29",
    "acceptedDate": "2012-02-29 09:54:12",
    "calendarYear": "2011",
    "period": "Q4",
    "revenue": 296992000,
    "costOfRevenue": 160639000,
    "grossProfit": 136353000,
    "grossProfitRatio": 0.4591133768,
    "researchAndDevelopmentExpenses": 53431000,
    "generalAndAdministrativeExpenses": 0,
    "sellingAndMarketingExpenses": 0,
    "sellingGeneralAndAdministrativeExpenses": 62697000,
    "otherExpenses": 24175000,
    "operatingExpenses": 140303000,
    "costAndExpenses": 300942000,
    "interestIncome": 878000,
    "interestExpense": 6134000,
    "depreciationAndAmortization": 37351000,
    "ebitda": 34279000,
    "ebitdaratio": 0.1154206174,
    "operatingIncome": -3950000,
    "operatingIncomeRatio": -0.0133000215,
    "totalOtherIncomeExpensesNet": -5256000,
    "incomeBeforeTax": -9206000,
    "incomeBeforeTaxRatio": -0.0309974679,
    "incomeTaxExpense": -144340000,
    "netIncome": 135134000,
    "netIncomeRatio": 0.4550088891,
    "eps": 0.68,
    "epsdiluted": 0.56,
    "weightedAverageShsOut": 183544000,
    "weightedAverageShsOutDil": 222858000,
    "link": "https://www.sec.gov/Archives/edgar/data/97210/000119312512087457/0001193125-12-087457-index.htm",
    "finalLink": "https://www.sec.gov/Archives/edgar/data/97210/000119312512087457/d263943d10k.htm"
  },
  {
    "date": "2011-10-02",
    "symbol": "TER",
    "reportedCurrency": "USD",
    "cik": "0000097210",
    "fillingDate": "2011-11-14",
    "acceptedDate": "2011-11-14 15:28:45",
    "calendarYear": "2011",
    "period": "Q3",
    "revenue": 344389000,
    "costOfRevenue": 174015000,
    "grossProfit": 170374000,
    "grossProfitRatio": 0.4947138265,
    "researchAndDevelopmentExpenses": 45896000,
    "generalAndAdministrativeExpenses": 0,
    "sellingAndMarketingExpenses": 0,
    "sellingGeneralAndAdministrativeExpenses": 54775000,
    "otherExpenses": 8219000,
    "operatingExpenses": 108890000,
    "costAndExpenses": 282905000,
    "interestIncome": 3049000,
    "interestExpense": 6068000,
    "depreciationAndAmortization": 22803000,
    "ebitda": 87336000,
    "ebitdaratio": 0.25359695,
    "operatingIncome": 61484000,
    "operatingIncomeRatio": 0.1785306732,
    "totalOtherIncomeExpensesNet": -3019000,
    "incomeBeforeTax": 58465000,
    "incomeBeforeTaxRatio": 0.1697644234,
    "incomeTaxExpense": 1759000,
    "netIncome": 56706000,
    "netIncomeRatio": 0.164656827,
    "eps": 0.3,
    "epsdiluted": 0.25,
    "weightedAverageShsOut": 185102000,
    "weightedAverageShsOutDil": 221892000,
    "link": "https://www.sec.gov/Archives/edgar/data/97210/000119312511310659/0001193125-11-310659-index.htm",
    "finalLink": "https://www.sec.gov/Archives/edgar/data/97210/000119312511310659/d235130d10q.htm"
  },
  {
    "date": "2011-07-03",
    "symbol": "TER",
    "reportedCurrency": "USD",
    "cik": "0000097210",
    "fillingDate": "2011-08-12",
    "acceptedDate": "2011-08-12 16:13:44",
    "calendarYear": "2011",
    "period": "Q2",
    "revenue": 410519000,
    "costOfRevenue": 195841000,
    "grossProfit": 214678000,
    "grossProfitRatio": 0.5229429089,
    "researchAndDevelopmentExpenses": 48392000,
    "generalAndAdministrativeExpenses": 0,
    "sellingAndMarketingExpenses": 0,
    "sellingGeneralAndAdministrativeExpenses": 57880000,
    "otherExpenses": 8570000,
    "operatingExpenses": 114842000,
    "costAndExpenses": 310683000,
    "interestIncome": 1403000,
    "interestExpense": 5316000,
    "depreciationAndAmortization": 23049000,
    "ebitda": 124288000,
    "ebitdaratio": 0.3027582158,
    "operatingIncome": 99836000,
    "operatingIncomeRatio": 0.2431945903,
    "totalOtherIncomeExpensesNet": -3913000,
    "incomeBeforeTax": 95923000,
    "incomeBeforeTaxRatio": 0.2336627537,
    "incomeTaxExpense": 7839000,
    "netIncome": 87252000,
    "netIncomeRatio": 0.2125407107,
    "eps": 0.48,
    "epsdiluted": 0.39,
    "weightedAverageShsOut": 185367000,
    "weightedAverageShsOutDil": 230452000,
    "link": "https://www.sec.gov/Archives/edgar/data/97210/000119312511221404/0001193125-11-221404-index.htm",
    "finalLink": "https://www.sec.gov/Archives/edgar/data/97210/000119312511221404/d10q.htm"
  },
  {
    "date": "2011-04-03",
    "symbol": "TER",
    "reportedCurrency": "USD",
    "cik": "0000097210",
    "fillingDate": "2011-05-13",
    "acceptedDate": "2011-05-13 14:15:47",
    "calendarYear": "2011",
    "period": "Q1",
    "revenue": 377161000,
    "costOfRevenue": 184269000,
    "grossProfit": 192892000,
    "grossProfitRatio": 0.5114314577,
    "researchAndDevelopmentExpenses": 47144000,
    "generalAndAdministrativeExpenses": 0,
    "sellingAndMarketingExpenses": 0,
    "sellingGeneralAndAdministrativeExpenses": 57731000,
    "otherExpenses": 7704000,
    "operatingExpenses": 112579000,
    "costAndExpenses": 296848000,
    "interestIncome": 1287000,
    "interestExpense": 6176000,
    "depreciationAndAmortization": 23412000,
    "ebitda": 105012000,
    "ebitdaratio": 0.278427515,
    "operatingIncome": 80313000,
    "operatingIncomeRatio": 0.2129408926,
    "totalOtherIncomeExpensesNet": -4889000,
    "incomeBeforeTax": 75424000,
    "incomeBeforeTaxRatio": 0.1999782586,
    "incomeTaxExpense": 5486000,
    "netIncome": 96844000,
    "netIncomeRatio": 0.2567709811,
    "eps": 0.51,
    "epsdiluted": 0.41,
    "weightedAverageShsOut": 184720000,
    "weightedAverageShsOutDil": 232080000,
    "link": "https://www.sec.gov/Archives/edgar/data/97210/000119312511139279/0001193125-11-139279-index.htm",
    "finalLink": "https://www.sec.gov/Archives/edgar/data/97210/000119312511139279/d10q.htm"
  },
  {
    "date": "2010-12-31",
    "symbol": "TER",
    "reportedCurrency": "USD",
    "cik": "0000097210",
    "fillingDate": "2011-03-01",
    "acceptedDate": "2011-03-01 14:03:37",
    "calendarYear": "2010",
    "period": "Q4",
    "revenue": 322165000,
    "costOfRevenue": 153038000,
    "grossProfit": 169127000,
    "grossProfitRatio": 0.524970124,
    "researchAndDevelopmentExpenses": 47455000,
    "generalAndAdministrativeExpenses": 0,
    "sellingAndMarketingExpenses": 0,
    "sellingGeneralAndAdministrativeExpenses": 54778000,
    "otherExpenses": 8093000,
    "operatingExpenses": 110326000,
    "costAndExpenses": 263364000,
    "interestIncome": 2114000,
    "interestExpense": 7041000,
    "depreciationAndAmortization": 25092000,
    "ebitda": 86007000,
    "ebitdaratio": 0.2669656853,
    "operatingIncome": 58801000,
    "operatingIncomeRatio": 0.1825182748,
    "totalOtherIncomeExpensesNet": -4927000,
    "incomeBeforeTax": 53874000,
    "incomeBeforeTaxRatio": 0.1672248692,
    "incomeTaxExpense": -6267000,
    "netIncome": 60141000,
    "netIncomeRatio": 0.1866776341,
    "eps": 0.33,
    "epsdiluted": 0.26,
    "weightedAverageShsOut": 184720000,
    "weightedAverageShsOutDil": 232080000,
    "link": "https://www.sec.gov/Archives/edgar/data/97210/000119312511051703/0001193125-11-051703-index.htm",
    "finalLink": "https://www.sec.gov/Archives/edgar/data/97210/000119312511051703/d10k.htm"
  },
  {
    "date": "2010-10-03",
    "symbol": "TER",
    "reportedCurrency": "USD",
    "cik": "0000097210",
    "fillingDate": "2010-11-10",
    "acceptedDate": "2010-11-10 17:04:46",
    "calendarYear": "2010",
    "period": "Q3",
    "revenue": 491391000,
    "costOfRevenue": 219592000,
    "grossProfit": 271799000,
    "grossProfitRatio": 0.5531216485,
    "researchAndDevelopmentExpenses": 49048000,
    "generalAndAdministrativeExpenses": 0,
    "sellingAndMarketingExpenses": 0,
    "sellingGeneralAndAdministrativeExpenses": 60560000,
    "otherExpenses": 5314000,
    "operatingExpenses": 114922000,
    "costAndExpenses": 334514000,
    "interestIncome": 1466000,
    "interestExpense": 6033000,
    "depreciationAndAmortization": 24571000,
    "ebitda": 182914000,
    "ebitdaratio": 0.3722371798,
    "operatingIncome": 156877000,
    "operatingIncomeRatio": 0.3192508613,
    "totalOtherIncomeExpensesNet": -4567000,
    "incomeBeforeTax": 152310000,
    "incomeBeforeTaxRatio": 0.3099568368,
    "incomeTaxExpense": 6606000,
    "netIncome": 147340000,
    "netIncomeRatio": 0.2998426915,
    "eps": 0.81,
    "epsdiluted": 0.66,
    "weightedAverageShsOut": 181239000,
    "weightedAverageShsOutDil": 229389000,
    "link": "https://www.sec.gov/Archives/edgar/data/97210/000119312510256151/0001193125-10-256151-index.htm",
    "finalLink": "https://www.sec.gov/Archives/edgar/data/97210/000119312510256151/d10q.htm"
  },
  {
    "date": "2010-07-04",
    "symbol": "TER",
    "reportedCurrency": "USD",
    "cik": "0000097210",
    "fillingDate": "2010-08-12",
    "acceptedDate": "2010-08-12 14:29:38",
    "calendarYear": "2010",
    "period": "Q2",
    "revenue": 445271000,
    "costOfRevenue": 194369000,
    "grossProfit": 250902000,
    "grossProfitRatio": 0.5634815652,
    "researchAndDevelopmentExpenses": 49341000,
    "generalAndAdministrativeExpenses": 0,
    "sellingAndMarketingExpenses": 0,
    "sellingGeneralAndAdministrativeExpenses": 57730000,
    "otherExpenses": 7684000,
    "operatingExpenses": 114755000,
    "costAndExpenses": 309124000,
    "interestIncome": 3681000,
    "interestExpense": 7755000,
    "depreciationAndAmortization": 24378000,
    "ebitda": 164206000,
    "ebitdaratio": 0.3687776657,
    "operatingIncome": 136147000,
    "operatingIncomeRatio": 0.3057621089,
    "totalOtherIncomeExpensesNet": -4074000,
    "incomeBeforeTax": 132073000,
    "incomeBeforeTaxRatio": 0.2966126247,
    "incomeTaxExpense": 9543000,
    "netIncome": 122149000,
    "netIncomeRatio": 0.2743250739,
    "eps": 0.68,
    "epsdiluted": 0.55,
    "weightedAverageShsOut": 179990000,
    "weightedAverageShsOutDil": 231541000,
    "link": "https://www.sec.gov/Archives/edgar/data/97210/000119312510187150/0001193125-10-187150-index.htm",
    "finalLink": "https://www.sec.gov/Archives/edgar/data/97210/000119312510187150/d10q.htm"
  },
  {
    "date": "2010-04-04",
    "symbol": "TER",
    "reportedCurrency": "USD",
    "cik": "0000097210",
    "fillingDate": "2010-05-14",
    "acceptedDate": "2010-05-14 15:27:21",
    "calendarYear": "2010",
    "period": "Q1",
    "revenue": 319338000,
    "costOfRevenue": 149461000,
    "grossProfit": 169877000,
    "grossProfitRatio": 0.5319661299,
    "researchAndDevelopmentExpenses": 47937000,
    "generalAndAdministrativeExpenses": 0,
    "sellingAndMarketingExpenses": 0,
    "sellingGeneralAndAdministrativeExpenses": 54686000,
    "otherExpenses": 8260000,
    "operatingExpenses": 110883000,
    "costAndExpenses": 260344000,
    "interestIncome": 502000,
    "interestExpense": 5567000,
    "depreciationAndAmortization": 25130000,
    "ebitda": 84626000,
    "ebitdaratio": 0.265004478,
    "operatingIncome": 58994000,
    "operatingIncomeRatio": 0.1847384276,
    "totalOtherIncomeExpensesNet": -5065000,
    "incomeBeforeTax": 53929000,
    "incomeBeforeTaxRatio": 0.1688774903,
    "incomeTaxExpense": 4830000,
    "netIncome": 50100000,
    "netIncomeRatio": 0.1568870601,
    "eps": 0.28,
    "epsdiluted": 0.24,
    "weightedAverageShsOut": 176867000,
    "weightedAverageShsOutDil": 226277000,
    "link": "https://www.sec.gov/Archives/edgar/data/97210/000119312510120597/0001193125-10-120597-index.htm",
    "finalLink": "https://www.sec.gov/Archives/edgar/data/97210/000119312510120597/d10q.htm"
  },
  {
    "date": "2009-12-31",
    "symbol": "TER",
    "reportedCurrency": "USD",
    "cik": "0000097210",
    "fillingDate": "2010-03-01",
    "acceptedDate": "2010-03-01 17:11:36",
    "calendarYear": "2009",
    "period": "Q4",
    "revenue": 267057000,
    "costOfRevenue": 142668000,
    "grossProfit": 124389000,
    "grossProfitRatio": 0.465776969,
    "researchAndDevelopmentExpenses": 40920000,
    "generalAndAdministrativeExpenses": 0,
    "sellingAndMarketingExpenses": 0,
    "sellingGeneralAndAdministrativeExpenses": 51486000,
    "otherExpenses": 7698000,
    "operatingExpenses": 100104000,
    "costAndExpenses": 242772000,
    "interestIncome": 497000,
    "interestExpense": 5158000,
    "depreciationAndAmortization": 27115000,
    "ebitda": 51897000,
    "ebitdaratio": 0.1943293005,
    "operatingIncome": 24285000,
    "operatingIncomeRatio": 0.090935643,
    "totalOtherIncomeExpensesNet": -4661000,
    "incomeBeforeTax": 19624000,
    "incomeBeforeTaxRatio": 0.0734824401,
    "incomeTaxExpense": 2700000,
    "netIncome": 16924000,
    "netIncomeRatio": 0.0633722389,
    "eps": 0.096,
    "epsdiluted": 0.075,
    "weightedAverageShsOut": 176867000,
    "weightedAverageShsOutDil": 226277000,
    "link": "https://www.sec.gov/Archives/edgar/data/97210/000119312510044865/0001193125-10-044865-index.htm",
    "finalLink": "https://www.sec.gov/Archives/edgar/data/97210/000119312510044865/d10k.htm"
  },
  {
    "date": "2009-10-04",
    "symbol": "TER",
    "reportedCurrency": "USD",
    "cik": "0000097210",
    "fillingDate": "2009-11-12",
    "acceptedDate": "2009-11-12 06:18:48",
    "calendarYear": "2009",
    "period": "Q3",
    "revenue": 262162000,
    "costOfRevenue": 155407000,
    "grossProfit": 106755000,
    "grossProfitRatio": 0.4072100457,
    "researchAndDevelopmentExpenses": 38266000,
    "generalAndAdministrativeExpenses": 0,
    "sellingAndMarketingExpenses": 0,
    "sellingGeneralAndAdministrativeExpenses": 46314000,
    "otherExpenses": 13403000,
    "operatingExpenses": 97983000,
    "costAndExpenses": 253390000,
    "interestIncome": 1003000,
    "interestExpense": 4600000,
    "depreciationAndAmortization": 27372000,
    "ebitda": 37147000,
    "ebitdaratio": 0.1416948299,
    "operatingIncome": 8772000,
    "operatingIncomeRatio": 0.0334602269,
    "totalOtherIncomeExpensesNet": -3597000,
    "incomeBeforeTax": 5175000,
    "incomeBeforeTaxRatio": 0.0197397029,
    "incomeTaxExpense": -1500000,
    "netIncome": 6675000,
    "netIncomeRatio": 0.025461356,
    "eps": 0.04,
    "epsdiluted": 0.04,
    "weightedAverageShsOut": 174495000,
    "weightedAverageShsOutDil": 180792000,
    "link": "https://www.sec.gov/Archives/edgar/data/97210/000119312509231774/0001193125-09-231774-index.htm",
    "finalLink": "https://www.sec.gov/Archives/edgar/data/97210/000119312509231774/d10q.htm"
  },
  {
    "date": "2009-07-05",
    "symbol": "TER",
    "reportedCurrency": "USD",
    "cik": "0000097210",
    "fillingDate": "2009-08-13",
    "acceptedDate": "2009-08-13 14:03:43",
    "calendarYear": "2009",
    "period": "Q2",
    "revenue": 169580000,
    "costOfRevenue": 122451000,
    "grossProfit": 47129000,
    "grossProfitRatio": 0.2779160278,
    "researchAndDevelopmentExpenses": 38451000,
    "generalAndAdministrativeExpenses": 0,
    "sellingAndMarketingExpenses": 0,
    "sellingGeneralAndAdministrativeExpenses": 47257000,
    "otherExpenses": 23484000,
    "operatingExpenses": 109192000,
    "costAndExpenses": 231643000,
    "interestIncome": 1141000,
    "interestExpense": 8046000,
    "depreciationAndAmortization": 26101000,
    "ebitda": -34821000,
    "ebitdaratio": -0.2053367142,
    "operatingIncome": -62063000,
    "operatingIncomeRatio": -0.3659806581,
    "totalOtherIncomeExpensesNet": -6905000,
    "incomeBeforeTax": -68968000,
    "incomeBeforeTaxRatio": -0.4066989032,
    "incomeTaxExpense": -2200000,
    "netIncome": -66768000,
    "netIncomeRatio": -0.3937256752,
    "eps": -0.39,
    "epsdiluted": -0.39,
    "weightedAverageShsOut": 173022000,
    "weightedAverageShsOutDil": 173022000,
    "link": "https://www.sec.gov/Archives/edgar/data/97210/000119312509174194/0001193125-09-174194-index.htm",
    "finalLink": "https://www.sec.gov/Archives/edgar/data/97210/000119312509174194/d10q.htm"
  },
  {
    "date": "2009-04-05",
    "symbol": "TER",
    "reportedCurrency": "USD",
    "cik": "0000097210",
    "fillingDate": "2009-05-15",
    "acceptedDate": "2009-05-15 15:47:36",
    "calendarYear": "2009",
    "period": "Q1",
    "revenue": 120608000,
    "costOfRevenue": 87248000,
    "grossProfit": 33360000,
    "grossProfitRatio": 0.2765985673,
    "researchAndDevelopmentExpenses": 47198000,
    "generalAndAdministrativeExpenses": 0,
    "sellingAndMarketingExpenses": 0,
    "sellingGeneralAndAdministrativeExpenses": 55373000,
    "otherExpenses": 24204000,
    "operatingExpenses": 126775000,
    "costAndExpenses": 214023000,
    "interestIncome": 777000,
    "interestExpense": 5830000,
    "depreciationAndAmortization": 25493000,
    "ebitda": -67145000,
    "ebitdaratio": -0.5567209472,
    "operatingIncome": -93415000,
    "operatingIncomeRatio": -0.7745340276,
    "totalOtherIncomeExpensesNet": -5053000,
    "incomeBeforeTax": -98468000,
    "incomeBeforeTaxRatio": -0.8164300876,
    "incomeTaxExpense": -7800000,
    "netIncome": -90668000,
    "netIncomeRatio": -0.7517577607,
    "eps": -0.53,
    "epsdiluted": -0.53,
    "weightedAverageShsOut": 172130000,
    "weightedAverageShsOutDil": 172130000,
    "link": "https://www.sec.gov/Archives/edgar/data/97210/000119312509113025/0001193125-09-113025-index.htm",
    "finalLink": "https://www.sec.gov/Archives/edgar/data/97210/000119312509113025/d10q.htm"
  },
  {
    "date": "2008-12-31",
    "symbol": "TER",
    "reportedCurrency": "USD",
    "cik": "0000097210",
    "fillingDate": "2009-03-02",
    "acceptedDate": "2009-03-02 17:18:23",
    "calendarYear": "2008",
    "period": "Q4",
    "revenue": 194767000,
    "costOfRevenue": 116856000,
    "grossProfit": 77911000,
    "grossProfitRatio": 0.4000215642,
    "researchAndDevelopmentExpenses": 52189000,
    "generalAndAdministrativeExpenses": 0,
    "sellingAndMarketingExpenses": 0,
    "sellingGeneralAndAdministrativeExpenses": 58491000,
    "otherExpenses": 350418000,
    "operatingExpenses": 461098000,
    "costAndExpenses": 577954000,
    "interestIncome": 0,
    "interestExpense": 0,
    "depreciationAndAmortization": 22786000,
    "ebitda": -350226000,
    "ebitdaratio": -1.798179363,
    "operatingIncome": -383187000,
    "operatingIncomeRatio": -1.967412344,
    "totalOtherIncomeExpensesNet": -6097000,
    "incomeBeforeTax": -389284000,
    "incomeBeforeTaxRatio": -1.998716415,
    "incomeTaxExpense": -693000,
    "netIncome": -388591000,
    "netIncomeRatio": -1.9951583174,
    "eps": -2.3,
    "epsdiluted": -2.26,
    "weightedAverageShsOut": 169198000,
    "weightedAverageShsOutDil": 172130000,
    "link": "https://www.sec.gov/Archives/edgar/data/97210/000119312509042745/0001193125-09-042745-index.htm",
    "finalLink": "https://www.sec.gov/Archives/edgar/data/97210/000119312509042745/d10k.htm"
  },
  {
    "date": "2008-09-28",
    "symbol": "TER",
    "reportedCurrency": "USD",
    "cik": "0000097210",
    "fillingDate": "2008-11-07",
    "acceptedDate": "2008-11-07 16:01:11",
    "calendarYear": "2008",
    "period": "Q3",
    "revenue": 297255000,
    "costOfRevenue": 169325000,
    "grossProfit": 127930000,
    "grossProfitRatio": 0.4303712301,
    "researchAndDevelopmentExpenses": 52969000,
    "generalAndAdministrativeExpenses": 0,
    "sellingAndMarketingExpenses": 0,
    "sellingGeneralAndAdministrativeExpenses": 58614000,
    "otherExpenses": 33623000,
    "operatingExpenses": 145206000,
    "costAndExpenses": 314531000,
    "interestIncome": 2740000,
    "interestExpense": 5851000,
    "depreciationAndAmortization": 23177000,
    "ebitda": 8641000,
    "ebitdaratio": 0.0290693176,
    "operatingIncome": -17276000,
    "operatingIncomeRatio": -0.0581184505,
    "totalOtherIncomeExpensesNet": -3111000,
    "incomeBeforeTax": -20387000,
    "incomeBeforeTaxRatio": -0.0685842122,
    "incomeTaxExpense": 3070000,
    "netIncome": -22689000,
    "netIncomeRatio": -0.0763284049,
    "eps": -0.13,
    "epsdiluted": -0.13,
    "weightedAverageShsOut": 168769000,
    "weightedAverageShsOutDil": 168769000,
    "link": "https://www.sec.gov/Archives/edgar/data/97210/000119312508229977/0001193125-08-229977-index.htm",
    "finalLink": "https://www.sec.gov/Archives/edgar/data/97210/000119312508229977/d10q.htm"
  },
  {
    "date": "2008-06-29",
    "symbol": "TER",
    "reportedCurrency": "USD",
    "cik": "0000097210",
    "fillingDate": "2008-08-07",
    "acceptedDate": "2008-08-07 16:47:47",
    "calendarYear": "2008",
    "period": "Q2",
    "revenue": 317705000,
    "costOfRevenue": 163857000,
    "grossProfit": 153848000,
    "grossProfitRatio": 0.4842479659,
    "researchAndDevelopmentExpenses": 56154000,
    "generalAndAdministrativeExpenses": 0,
    "sellingAndMarketingExpenses": 0,
    "sellingGeneralAndAdministrativeExpenses": 65463000,
    "otherExpenses": 17500000,
    "operatingExpenses": 139117000,
    "costAndExpenses": 302974000,
    "interestIncome": 2932000,
    "interestExpense": 484000,
    "depreciationAndAmortization": 25367000,
    "ebitda": 43030000,
    "ebitdaratio": 0.1354401095,
    "operatingIncome": 14731000,
    "operatingIncomeRatio": 0.0463669127,
    "totalOtherIncomeExpensesNet": 2448000,
    "incomeBeforeTax": 17179000,
    "incomeBeforeTaxRatio": 0.0540721739,
    "incomeTaxExpense": 6100000,
    "netIncome": 11079000,
    "netIncomeRatio": 0.0348719724,
    "eps": 0.06,
    "epsdiluted": 0.06,
    "weightedAverageShsOut": 170644000,
    "weightedAverageShsOutDil": 174096000,
    "link": "https://www.sec.gov/Archives/edgar/data/97210/000119312508170187/0001193125-08-170187-index.htm",
    "finalLink": "https://www.sec.gov/Archives/edgar/data/97210/000119312508170187/d10q.htm"
  },
  {
    "date": "2008-03-30",
    "symbol": "TER",
    "reportedCurrency": "USD",
    "cik": "0000097210",
    "fillingDate": "2008-05-08",
    "acceptedDate": "2008-05-08 15:00:45",
    "calendarYear": "2008",
    "period": "Q1",
    "revenue": 297315000,
    "costOfRevenue": 158812000,
    "grossProfit": 138503000,
    "grossProfitRatio": 0.4658459883,
    "researchAndDevelopmentExpenses": 56249000,
    "generalAndAdministrativeExpenses": 0,
    "sellingAndMarketingExpenses": 0,
    "sellingGeneralAndAdministrativeExpenses": 65221000,
    "otherExpenses": 15648000,
    "operatingExpenses": 137118000,
    "costAndExpenses": 295930000,
    "interestIncome": 4612000,
    "interestExpense": 470000,
    "depreciationAndAmortization": 23430000,
    "ebitda": 30367000,
    "ebitdaratio": 0.1021374636,
    "operatingIncome": 1385000,
    "operatingIncomeRatio": 0.004658359,
    "totalOtherIncomeExpensesNet": 5082000,
    "incomeBeforeTax": 6467000,
    "incomeBeforeTaxRatio": 0.0217513412,
    "incomeTaxExpense": 4100000,
    "netIncome": 2367000,
    "netIncomeRatio": 0.0079612532,
    "eps": 0.01,
    "epsdiluted": 0.01,
    "weightedAverageShsOut": 173762000,
    "weightedAverageShsOutDil": 175722000,
    "link": "https://www.sec.gov/Archives/edgar/data/97210/000119312508107621/0001193125-08-107621-index.htm",
    "finalLink": "https://www.sec.gov/Archives/edgar/data/97210/000119312508107621/d10q.htm"
  },
  {
    "date": "2007-12-31",
    "symbol": "TER",
    "reportedCurrency": "USD",
    "cik": "0000097210",
    "fillingDate": "2008-02-28",
    "acceptedDate": "2008-02-28 16:12:59",
    "calendarYear": "2007",
    "period": "Q4",
    "revenue": 260416000,
    "costOfRevenue": 141846000,
    "grossProfit": 118570000,
    "grossProfitRatio": 0.4553099656,
    "researchAndDevelopmentExpenses": 50420000,
    "generalAndAdministrativeExpenses": 0,
    "sellingAndMarketingExpenses": 0,
    "sellingGeneralAndAdministrativeExpenses": 62199000,
    "otherExpenses": -355000,
    "operatingExpenses": 112264000,
    "costAndExpenses": 254110000,
    "interestIncome": 0,
    "interestExpense": 0,
    "depreciationAndAmortization": 16242000,
    "ebitda": 22193000,
    "ebitdaratio": 0.0852213382,
    "operatingIncome": 6306000,
    "operatingIncomeRatio": 0.024215102,
    "totalOtherIncomeExpensesNet": 8651000,
    "incomeBeforeTax": 14957000,
    "incomeBeforeTaxRatio": 0.057435027,
    "incomeTaxExpense": -2196000,
    "netIncome": 16704000,
    "netIncomeRatio": 0.0641435242,
    "eps": 0.096,
    "epsdiluted": 0.095,
    "weightedAverageShsOut": 173762000,
    "weightedAverageShsOutDil": 175722000,
    "link": "https://www.sec.gov/Archives/edgar/data/97210/000119312508041765/0001193125-08-041765-index.htm",
    "finalLink": "https://www.sec.gov/Archives/edgar/data/97210/000119312508041765/d10k.htm"
  },
  {
    "date": "2007-09-30",
    "symbol": "TER",
    "reportedCurrency": "USD",
    "cik": "0000097210",
    "fillingDate": "2007-11-09",
    "acceptedDate": "2007-11-09 13:41:11",
    "calendarYear": "2007",
    "period": "Q3",
    "revenue": 299461000,
    "costOfRevenue": 155215000,
    "grossProfit": 144246000,
    "grossProfitRatio": 0.4816854282,
    "researchAndDevelopmentExpenses": 52245000,
    "generalAndAdministrativeExpenses": 0,
    "sellingAndMarketingExpenses": 0,
    "sellingGeneralAndAdministrativeExpenses": 62178000,
    "otherExpenses": -2165000,
    "operatingExpenses": 112258000,
    "costAndExpenses": 267473000,
    "interestIncome": 0,
    "interestExpense": 0,
    "depreciationAndAmortization": 16384000,
    "ebitda": 45253000,
    "ebitdaratio": 0.1511148363,
    "operatingIncome": 31988000,
    "operatingIncomeRatio": 0.1068185841,
    "totalOtherIncomeExpensesNet": 7927000,
    "incomeBeforeTax": 39915000,
    "incomeBeforeTaxRatio": 0.1332894768,
    "incomeTaxExpense": 4717000,
    "netIncome": 40989000,
    "netIncomeRatio": 0.1368759204,
    "eps": 0.22,
    "epsdiluted": 0.22,
    "weightedAverageShsOut": 183566000,
    "weightedAverageShsOutDil": 185298000,
    "link": "https://www.sec.gov/Archives/edgar/data/97210/000119312507241999/0001193125-07-241999-index.htm",
    "finalLink": "https://www.sec.gov/Archives/edgar/data/97210/000119312507241999/d10q.htm"
  },
  {
    "date": "2007-07-01",
    "symbol": "TER",
    "reportedCurrency": "USD",
    "cik": "0000097210",
    "fillingDate": "2007-08-10",
    "acceptedDate": "2007-08-10 13:42:49",
    "calendarYear": "2007",
    "period": "Q2",
    "revenue": 288710000,
    "costOfRevenue": 151490000,
    "grossProfit": 137220000,
    "grossProfitRatio": 0.4752866198,
    "researchAndDevelopmentExpenses": 52417000,
    "generalAndAdministrativeExpenses": 0,
    "sellingAndMarketingExpenses": 0,
    "sellingGeneralAndAdministrativeExpenses": 62760000,
    "otherExpenses": 568000,
    "operatingExpenses": 115745000,
    "costAndExpenses": 267235000,
    "interestIncome": 0,
    "interestExpense": 0,
    "depreciationAndAmortization": 16496000,
    "ebitda": 38539000,
    "ebitdaratio": 0.13348689,
    "operatingIncome": 21475000,
    "operatingIncomeRatio": 0.0743825985,
    "totalOtherIncomeExpensesNet": 9225000,
    "incomeBeforeTax": 30700000,
    "incomeBeforeTaxRatio": 0.1063350767,
    "incomeTaxExpense": 3454000,
    "netIncome": 27654000,
    "netIncomeRatio": 0.0957846974,
    "eps": 0.15,
    "epsdiluted": 0.14,
    "weightedAverageShsOut": 189391000,
    "weightedAverageShsOutDil": 191405000,
    "link": "https://www.sec.gov/Archives/edgar/data/97210/000119312507178782/0001193125-07-178782-index.htm",
    "finalLink": "https://www.sec.gov/Archives/edgar/data/97210/000119312507178782/d10q.htm"
  },
  {
    "date": "2007-04-01",
    "symbol": "TER",
    "reportedCurrency": "USD",
    "cik": "0000097210",
    "fillingDate": "2007-05-11",
    "acceptedDate": "2007-05-11 14:37:27",
    "calendarYear": "2007",
    "period": "Q1",
    "revenue": 258058000,
    "costOfRevenue": 142522000,
    "grossProfit": 115536000,
    "grossProfitRatio": 0.4477133048,
    "researchAndDevelopmentExpenses": 50199000,
    "generalAndAdministrativeExpenses": 0,
    "sellingAndMarketingExpenses": 0,
    "sellingGeneralAndAdministrativeExpenses": 63951000,
    "otherExpenses": 19117000,
    "operatingExpenses": 133267000,
    "costAndExpenses": 275789000,
    "interestIncome": 0,
    "interestExpense": 0,
    "depreciationAndAmortization": 18373000,
    "ebitda": 19759000,
    "ebitdaratio": 0.0765680583,
    "operatingIncome": -17731000,
    "operatingIncomeRatio": -0.0687093599,
    "totalOtherIncomeExpensesNet": 11495000,
    "incomeBeforeTax": -6236000,
    "incomeBeforeTaxRatio": -0.0241651102,
    "incomeTaxExpense": 1400000,
    "netIncome": -7636000,
    "netIncomeRatio": -0.0295902472,
    "eps": -0.0403,
    "epsdiluted": -0.0403,
    "weightedAverageShsOut": 189625000,
    "weightedAverageShsOutDil": 189625000,
    "link": "https://www.sec.gov/Archives/edgar/data/97210/000119312507111596/0001193125-07-111596-index.htm",
    "finalLink": "https://www.sec.gov/Archives/edgar/data/97210/000119312507111596/d10q.htm"
  },
  {
    "date": "2006-12-31",
    "symbol": "TER",
    "reportedCurrency": "USD",
    "cik": "0000097210",
    "fillingDate": "2007-03-01",
    "acceptedDate": "2007-03-01 16:43:21",
    "calendarYear": "2006",
    "period": "Q4",
    "revenue": 263147000,
    "costOfRevenue": 141703000,
    "grossProfit": 121444000,
    "grossProfitRatio": 0.4615063064,
    "researchAndDevelopmentExpenses": 49638000,
    "generalAndAdministrativeExpenses": 0,
    "sellingAndMarketingExpenses": 0,
    "sellingGeneralAndAdministrativeExpenses": 69460000,
    "otherExpenses": 1810000,
    "operatingExpenses": 120908000,
    "costAndExpenses": 262611000,
    "interestIncome": 0,
    "interestExpense": 0,
    "depreciationAndAmortization": 17489000,
    "ebitda": 19835000,
    "ebitdaratio": 0.0753761206,
    "operatingIncome": 536000,
    "operatingIncomeRatio": 0.0020368843,
    "totalOtherIncomeExpensesNet": 10328000,
    "incomeBeforeTax": 10864000,
    "incomeBeforeTaxRatio": 0.0412849092,
    "incomeTaxExpense": -10000,
    "netIncome": 10874000,
    "netIncomeRatio": 0.0413229108,
    "eps": 0.057,
    "epsdiluted": 0.057,
    "weightedAverageShsOut": 189092000,
    "weightedAverageShsOutDil": 189625000,
    "link": "https://www.sec.gov/Archives/edgar/data/97210/000119312507044466/0001193125-07-044466-index.htm",
    "finalLink": "https://www.sec.gov/Archives/edgar/data/97210/000119312507044466/d10k.htm"
  },
  {
    "date": "2006-10-01",
    "symbol": "TER",
    "reportedCurrency": "USD",
    "cik": "0000097210",
    "fillingDate": "2006-11-13",
    "acceptedDate": "2006-11-13 16:15:50",
    "calendarYear": "2006",
    "period": "Q3",
    "revenue": 354717000,
    "costOfRevenue": 180332000,
    "grossProfit": 174385000,
    "grossProfitRatio": 0.4916172611,
    "researchAndDevelopmentExpenses": 51791000,
    "generalAndAdministrativeExpenses": 0,
    "sellingAndMarketingExpenses": 0,
    "sellingGeneralAndAdministrativeExpenses": 70452000,
    "otherExpenses": -15112000,
    "operatingExpenses": 107131000,
    "costAndExpenses": 287463000,
    "interestIncome": 0,
    "interestExpense": 0,
    "depreciationAndAmortization": 18324000,
    "ebitda": 70466000,
    "ebitdaratio": 0.1986541384,
    "operatingIncome": 67254000,
    "operatingIncomeRatio": 0.1895990325,
    "totalOtherIncomeExpensesNet": 8935000,
    "incomeBeforeTax": 76189000,
    "incomeBeforeTaxRatio": 0.2147881269,
    "incomeTaxExpense": 9866000,
    "netIncome": 60565000,
    "netIncomeRatio": 0.1707417462,
    "eps": 0.31,
    "epsdiluted": 0.31,
    "weightedAverageShsOut": 193563000,
    "weightedAverageShsOutDil": 204551000,
    "link": "https://www.sec.gov/Archives/edgar/data/97210/000119312506232886/0001193125-06-232886-index.htm",
    "finalLink": "https://www.sec.gov/Archives/edgar/data/97210/000119312506232886/d10q.htm"
  },
  {
    "date": "2006-07-02",
    "symbol": "TER",
    "reportedCurrency": "USD",
    "cik": "0000097210",
    "fillingDate": "2006-08-10",
    "acceptedDate": "2006-08-10 14:44:14",
    "calendarYear": "2006",
    "period": "Q2",
    "revenue": 386819000,
    "costOfRevenue": 196244000,
    "grossProfit": 190575000,
    "grossProfitRatio": 0.4926722834,
    "researchAndDevelopmentExpenses": 51840000,
    "generalAndAdministrativeExpenses": 0,
    "sellingAndMarketingExpenses": 0,
    "sellingGeneralAndAdministrativeExpenses": 73913000,
    "otherExpenses": -20596000,
    "operatingExpenses": 105157000,
    "costAndExpenses": 301401000,
    "interestIncome": 0,
    "interestExpense": 0,
    "depreciationAndAmortization": 17834000,
    "ebitda": 82656000,
    "ebitdaratio": 0.2136813342,
    "operatingIncome": 85418000,
    "operatingIncomeRatio": 0.2208216246,
    "totalOtherIncomeExpensesNet": 8189000,
    "incomeBeforeTax": 93607000,
    "incomeBeforeTaxRatio": 0.2419917326,
    "incomeTaxExpense": 9420000,
    "netIncome": 82405000,
    "netIncomeRatio": 0.2130324519,
    "eps": 0.42,
    "epsdiluted": 0.4,
    "weightedAverageShsOut": 198243000,
    "weightedAverageShsOutDil": 210356000,
    "link": "https://www.sec.gov/Archives/edgar/data/97210/000119312506169181/0001193125-06-169181-index.htm",
    "finalLink": "https://www.sec.gov/Archives/edgar/data/97210/000119312506169181/d10q.htm"
  },
  {
    "date": "2006-04-02",
    "symbol": "TER",
    "reportedCurrency": "USD",
    "cik": "0000097210",
    "fillingDate": "2006-05-10",
    "acceptedDate": "2006-05-10 13:53:56",
    "calendarYear": "2006",
    "period": "Q1",
    "revenue": 362914000,
    "costOfRevenue": 192276000,
    "grossProfit": 170638000,
    "grossProfitRatio": 0.4701885295,
    "researchAndDevelopmentExpenses": 52194000,
    "generalAndAdministrativeExpenses": 0,
    "sellingAndMarketingExpenses": 0,
    "sellingGeneralAndAdministrativeExpenses": 72185000,
    "otherExpenses": -1097000,
    "operatingExpenses": 123282000,
    "costAndExpenses": 315558000,
    "interestIncome": 0,
    "interestExpense": 0,
    "depreciationAndAmortization": 19544000,
    "ebitda": 65803000,
    "ebitdaratio": 0.1813184391,
    "operatingIncome": 47356000,
    "operatingIncomeRatio": 0.1304882148,
    "totalOtherIncomeExpensesNet": 6112000,
    "incomeBeforeTax": 53468000,
    "incomeBeforeTaxRatio": 0.1473296704,
    "incomeTaxExpense": 8555000,
    "netIncome": 44913000,
    "netIncomeRatio": 0.1237565925,
    "eps": 0.23,
    "epsdiluted": 0.23,
    "weightedAverageShsOut": 198017000,
    "weightedAverageShsOutDil": 199555000,
    "link": "https://www.sec.gov/Archives/edgar/data/97210/000119312506107269/0001193125-06-107269-index.htm",
    "finalLink": "https://www.sec.gov/Archives/edgar/data/97210/000119312506107269/d10q.htm"
  },
  {
    "date": "2005-12-31",
    "symbol": "TER",
    "reportedCurrency": "USD",
    "cik": "0000097210",
    "fillingDate": "2006-03-14",
    "acceptedDate": "2006-03-14 13:18:00",
    "calendarYear": "2005",
    "period": "Q4",
    "revenue": 62787000,
    "costOfRevenue": -58035000,
    "grossProfit": 120822000,
    "grossProfitRatio": 1.924315543,
    "researchAndDevelopmentExpenses": 41601000,
    "generalAndAdministrativeExpenses": 0,
    "sellingAndMarketingExpenses": 0,
    "sellingGeneralAndAdministrativeExpenses": 54641000,
    "otherExpenses": -17516000,
    "operatingExpenses": 78726000,
    "costAndExpenses": 20691000,
    "interestIncome": 0,
    "interestExpense": 0,
    "depreciationAndAmortization": 192000,
    "ebitda": 24160000,
    "ebitdaratio": 0.3847930304,
    "operatingIncome": 42096000,
    "operatingIncomeRatio": 0.6704572603,
    "totalOtherIncomeExpensesNet": 1989000,
    "incomeBeforeTax": 44085000,
    "incomeBeforeTaxRatio": 0.7021357924,
    "incomeTaxExpense": -28872000,
    "netIncome": 224062000,
    "netIncomeRatio": 3.568604966,
    "eps": 1.13,
    "epsdiluted": 1.12,
    "weightedAverageShsOut": 198017000,
    "weightedAverageShsOutDil": 199555000,
    "link": "https://www.sec.gov/Archives/edgar/data/97210/000119312506053399/0001193125-06-053399-index.htm",
    "finalLink": "https://www.sec.gov/Archives/edgar/data/97210/000119312506053399/d10k.htm"
  },
  {
    "date": "2005-10-02",
    "symbol": "TER",
    "reportedCurrency": "USD",
    "cik": "0000097210",
    "fillingDate": "2005-11-14",
    "acceptedDate": "2005-11-14 15:16:39",
    "calendarYear": "2005",
    "period": "Q3",
    "revenue": 293573000,
    "costOfRevenue": 204417000,
    "grossProfit": 89156000,
    "grossProfitRatio": 0.3036927783,
    "researchAndDevelopmentExpenses": 53699000,
    "generalAndAdministrativeExpenses": 0,
    "sellingAndMarketingExpenses": 0,
    "sellingGeneralAndAdministrativeExpenses": 62639000,
    "otherExpenses": 13796000,
    "operatingExpenses": 130134000,
    "costAndExpenses": 334551000,
    "interestIncome": 0,
    "interestExpense": 0,
    "depreciationAndAmortization": 42376000,
    "ebitda": 15194000,
    "ebitdaratio": 0.0517554407,
    "operatingIncome": -40978000,
    "operatingIncomeRatio": -0.1395836811,
    "totalOtherIncomeExpensesNet": -87000,
    "incomeBeforeTax": -41065000,
    "incomeBeforeTaxRatio": -0.1398800298,
    "incomeTaxExpense": 2788000,
    "netIncome": -35378000,
    "netIncomeRatio": -0.1205083574,
    "eps": -0.18,
    "epsdiluted": -0.18,
    "weightedAverageShsOut": 196835000,
    "weightedAverageShsOutDil": 196835000,
    "link": "https://www.sec.gov/Archives/edgar/data/97210/000119312505225651/0001193125-05-225651-index.htm",
    "finalLink": "https://www.sec.gov/Archives/edgar/data/97210/000119312505225651/d10q.htm"
  },
  {
    "date": "2005-07-03",
    "symbol": "TER",
    "reportedCurrency": "USD",
    "cik": "0000097210",
    "fillingDate": "2005-08-12",
    "acceptedDate": "2005-08-12 15:50:04",
    "calendarYear": "2005",
    "period": "Q2",
    "revenue": 226151000,
    "costOfRevenue": 141380000,
    "grossProfit": 84771000,
    "grossProfitRatio": 0.3748424725,
    "researchAndDevelopmentExpenses": 58167000,
    "generalAndAdministrativeExpenses": 0,
    "sellingAndMarketingExpenses": 0,
    "sellingGeneralAndAdministrativeExpenses": 64879000,
    "otherExpenses": 7883000,
    "operatingExpenses": 130929000,
    "costAndExpenses": 272309000,
    "interestIncome": 0,
    "interestExpense": 0,
    "depreciationAndAmortization": 25973000,
    "ebitda": -12302000,
    "ebitdaratio": -0.0543972832,
    "operatingIncome": -46158000,
    "operatingIncomeRatio": -0.2041025686,
    "totalOtherIncomeExpensesNet": -312000,
    "incomeBeforeTax": -46470000,
    "incomeBeforeTaxRatio": -0.2054821778,
    "incomeTaxExpense": 4308000,
    "netIncome": -45464000,
    "netIncomeRatio": -0.2010338225,
    "eps": -0.23,
    "epsdiluted": -0.23,
    "weightedAverageShsOut": 195757000,
    "weightedAverageShsOutDil": 195757000,
    "link": "https://www.sec.gov/Archives/edgar/data/97210/000119312505166895/0001193125-05-166895-index.htm",
    "finalLink": "https://www.sec.gov/Archives/edgar/data/97210/000119312505166895/d10q.htm"
  },
  {
    "date": "2005-04-03",
    "symbol": "TER",
    "reportedCurrency": "USD",
    "cik": "0000097210",
    "fillingDate": "2005-05-13",
    "acceptedDate": "2005-05-13 14:05:46",
    "calendarYear": "2005",
    "period": "Q1",
    "revenue": 210357000,
    "costOfRevenue": 132687000,
    "grossProfit": 77670000,
    "grossProfitRatio": 0.3692294528,
    "researchAndDevelopmentExpenses": 61379000,
    "generalAndAdministrativeExpenses": 0,
    "sellingAndMarketingExpenses": 0,
    "sellingGeneralAndAdministrativeExpenses": 64317000,
    "otherExpenses": 6358000,
    "operatingExpenses": 132054000,
    "costAndExpenses": 264741000,
    "interestIncome": 0,
    "interestExpense": 0,
    "depreciationAndAmortization": 22627000,
    "ebitda": -25399000,
    "ebitdaratio": -0.120742357,
    "operatingIncome": -54384000,
    "operatingIncomeRatio": -0.2585319243,
    "totalOtherIncomeExpensesNet": -29000,
    "incomeBeforeTax": -54413000,
    "incomeBeforeTaxRatio": -0.2586697852,
    "incomeTaxExpense": 1038000,
    "netIncome": -52572000,
    "netIncomeRatio": -0.2499179965,
    "eps": -0.27,
    "epsdiluted": -0.27,
    "weightedAverageShsOut": 195619000,
    "weightedAverageShsOutDil": 195619000,
    "link": "https://www.sec.gov/Archives/edgar/data/97210/000119312505107011/0001193125-05-107011-index.htm",
    "finalLink": "https://www.sec.gov/Archives/edgar/data/97210/000119312505107011/d10q.htm"
  },
  {
    "date": "2004-12-31",
    "symbol": "TER",
    "reportedCurrency": "USD",
    "cik": "0000097210",
    "fillingDate": "2005-03-16",
    "acceptedDate": "2005-03-16 13:43:18",
    "calendarYear": "2004",
    "period": "Q4",
    "revenue": 377014000,
    "costOfRevenue": 244200000,
    "grossProfit": 132814000,
    "grossProfitRatio": 0.3522786952,
    "researchAndDevelopmentExpenses": 63149000,
    "generalAndAdministrativeExpenses": 0,
    "sellingAndMarketingExpenses": 0,
    "sellingGeneralAndAdministrativeExpenses": 62073000,
    "otherExpenses": 5123000,
    "operatingExpenses": 130345000,
    "costAndExpenses": 374545000,
    "interestIncome": 0,
    "interestExpense": 0,
    "depreciationAndAmortization": 27834000,
    "ebitda": 35426000,
    "ebitdaratio": 0.0939646804,
    "operatingIncome": 2469000,
    "operatingIncomeRatio": 0.0065488284,
    "totalOtherIncomeExpensesNet": 1272000,
    "incomeBeforeTax": 3741000,
    "incomeBeforeTaxRatio": 0.0099227084,
    "incomeTaxExpense": 393000,
    "netIncome": 3348000,
    "netIncomeRatio": 0.0088803068,
    "eps": 0.017,
    "epsdiluted": 0.017,
    "weightedAverageShsOut": 195591882,
    "weightedAverageShsOutDil": 195619000,
    "link": "https://www.sec.gov/Archives/edgar/data/97210/000119312505052425/0001193125-05-052425-index.htm",
    "finalLink": "https://www.sec.gov/Archives/edgar/data/97210/000119312505052425/d10k.htm"
  },
  {
    "date": "2004-10-03",
    "symbol": "TER",
    "reportedCurrency": "USD",
    "cik": "0000097210",
    "fillingDate": "2004-11-12",
    "acceptedDate": "2004-11-12 14:49:47",
    "calendarYear": "2004",
    "period": "Q3",
    "revenue": 457800000,
    "costOfRevenue": 269344000,
    "grossProfit": 188456000,
    "grossProfitRatio": 0.4116557449,
    "researchAndDevelopmentExpenses": 67243000,
    "generalAndAdministrativeExpenses": 0,
    "sellingAndMarketingExpenses": 0,
    "sellingGeneralAndAdministrativeExpenses": 70270000,
    "otherExpenses": -46000,
    "operatingExpenses": 137467000,
    "costAndExpenses": 406811000,
    "interestIncome": 0,
    "interestExpense": 0,
    "depreciationAndAmortization": 31865000,
    "ebitda": 82808000,
    "ebitdaratio": 0.1808824814,
    "operatingIncome": 50989000,
    "operatingIncomeRatio": 0.1113783311,
    "totalOtherIncomeExpensesNet": -912000,
    "incomeBeforeTax": 50077000,
    "incomeBeforeTaxRatio": 0.1093861948,
    "incomeTaxExpense": 8928000,
    "netIncome": 41149000,
    "netIncomeRatio": 0.0898842289,
    "eps": 0.21,
    "epsdiluted": 0.21,
    "weightedAverageShsOut": 194128000,
    "weightedAverageShsOutDil": 195751000,
    "link": "https://www.sec.gov/Archives/edgar/data/97210/000119312504195150/0001193125-04-195150-index.htm",
    "finalLink": "https://www.sec.gov/Archives/edgar/data/97210/000119312504195150/d10q.htm"
  },
  {
    "date": "2004-07-04",
    "symbol": "TER",
    "reportedCurrency": "USD",
    "cik": "0000097210",
    "fillingDate": "2004-08-13",
    "acceptedDate": "2004-08-13 15:34:15",
    "calendarYear": "2004",
    "period": "Q2",
    "revenue": 526463000,
    "costOfRevenue": 299835000,
    "grossProfit": 226628000,
    "grossProfitRatio": 0.4304727968,
    "researchAndDevelopmentExpenses": 66914000,
    "generalAndAdministrativeExpenses": 0,
    "sellingAndMarketingExpenses": 0,
    "sellingGeneralAndAdministrativeExpenses": 69991000,
    "otherExpenses": -713000,
    "operatingExpenses": 136192000,
    "costAndExpenses": 436027000,
    "interestIncome": 0,
    "interestExpense": 0,
    "depreciationAndAmortization": 33492000,
    "ebitda": 124080000,
    "ebitdaratio": 0.2356860786,
    "operatingIncome": 90436000,
    "operatingIncomeRatio": 0.171780353,
    "totalOtherIncomeExpensesNet": -999000,
    "incomeBeforeTax": 89437000,
    "incomeBeforeTaxRatio": 0.1698827838,
    "incomeTaxExpense": 8944000,
    "netIncome": 80493000,
    "netIncomeRatio": 0.1528939356,
    "eps": 0.41,
    "epsdiluted": 0.39,
    "weightedAverageShsOut": 194015000,
    "weightedAverageShsOutDil": 213486000,
    "link": "https://www.sec.gov/Archives/edgar/data/97210/000119312504140417/0001193125-04-140417-index.htm",
    "finalLink": "https://www.sec.gov/Archives/edgar/data/97210/000119312504140417/d10q.htm"
  },
  {
    "date": "2004-04-04",
    "symbol": "TER",
    "reportedCurrency": "USD",
    "cik": "0000097210",
    "fillingDate": "2004-05-14",
    "acceptedDate": "2004-05-14 16:23:34",
    "calendarYear": "2004",
    "period": "Q1",
    "revenue": 430603000,
    "costOfRevenue": 254628000,
    "grossProfit": 175975000,
    "grossProfitRatio": 0.4086710961,
    "researchAndDevelopmentExpenses": 64694000,
    "generalAndAdministrativeExpenses": 0,
    "sellingAndMarketingExpenses": 0,
    "sellingGeneralAndAdministrativeExpenses": 66242000,
    "otherExpenses": 130000,
    "operatingExpenses": 131066000,
    "costAndExpenses": 385694000,
    "interestIncome": 0,
    "interestExpense": 0,
    "depreciationAndAmortization": 31117000,
    "ebitda": 76156000,
    "ebitdaratio": 0.1768589629,
    "operatingIncome": 44909000,
    "operatingIncomeRatio": 0.1042932817,
    "totalOtherIncomeExpensesNet": -190000,
    "incomeBeforeTax": 44719000,
    "incomeBeforeTaxRatio": 0.10385204,
    "incomeTaxExpense": 4472000,
    "netIncome": 40247000,
    "netIncomeRatio": 0.0934666038,
    "eps": 0.2,
    "epsdiluted": 0.2,
    "weightedAverageShsOut": 193852000,
    "weightedAverageShsOutDil": 199893000,
    "link": "https://www.sec.gov/Archives/edgar/data/97210/000119312504088819/0001193125-04-088819-index.htm",
    "finalLink": "https://www.sec.gov/Archives/edgar/data/97210/000119312504088819/d10q.htm"
  },
  {
    "date": "2003-12-31",
    "symbol": "TER",
    "reportedCurrency": "USD",
    "cik": "0000097210",
    "fillingDate": "2004-03-15",
    "acceptedDate": "2004-03-15 15:53:26",
    "calendarYear": "2003",
    "period": "Q4",
    "revenue": 357590000,
    "costOfRevenue": 229955000,
    "grossProfit": 127635000,
    "grossProfitRatio": 0.3569311222,
    "researchAndDevelopmentExpenses": 60963000,
    "generalAndAdministrativeExpenses": 0,
    "sellingAndMarketingExpenses": 0,
    "sellingGeneralAndAdministrativeExpenses": 60488000,
    "otherExpenses": 15090000,
    "operatingExpenses": 136541000,
    "costAndExpenses": 366496000,
    "interestIncome": 0,
    "interestExpense": 0,
    "depreciationAndAmortization": 36745000,
    "ebitda": 42929000,
    "ebitdaratio": 0.1200508963,
    "operatingIncome": -8906000,
    "operatingIncomeRatio": -0.0249056182,
    "totalOtherIncomeExpensesNet": 114000,
    "incomeBeforeTax": -8792000,
    "incomeBeforeTaxRatio": -0.0245868173,
    "incomeTaxExpense": 2700000,
    "netIncome": -11492000,
    "netIncomeRatio": -0.032137364,
    "eps": -0.0593,
    "epsdiluted": -0.0575,
    "weightedAverageShsOut": 193852000,
    "weightedAverageShsOutDil": 199893000,
    "link": "https://www.sec.gov/Archives/edgar/data/97210/000119312504042189/0001193125-04-042189-index.htm",
    "finalLink": "https://www.sec.gov/Archives/edgar/data/97210/000119312504042189/d10k.htm"
  },
  {
    "date": "2003-09-28",
    "symbol": "TER",
    "reportedCurrency": "USD",
    "cik": "0000097210",
    "fillingDate": "2003-11-12",
    "acceptedDate": "2003-11-12 16:32:41",
    "calendarYear": "2003",
    "period": "Q3",
    "revenue": 329172000,
    "costOfRevenue": 230622000,
    "grossProfit": 98550000,
    "grossProfitRatio": 0.2993875542,
    "researchAndDevelopmentExpenses": 61248000,
    "generalAndAdministrativeExpenses": 0,
    "sellingAndMarketingExpenses": 0,
    "sellingGeneralAndAdministrativeExpenses": 60062000,
    "otherExpenses": 23330000,
    "operatingExpenses": 144640000,
    "costAndExpenses": 375262000,
    "interestIncome": 0,
    "interestExpense": 0,
    "depreciationAndAmortization": 36779000,
    "ebitda": 14019000,
    "ebitdaratio": 0.042588677,
    "operatingIncome": -46090000,
    "operatingIncomeRatio": -0.1400179845,
    "totalOtherIncomeExpensesNet": -5224000,
    "incomeBeforeTax": -51314000,
    "incomeBeforeTaxRatio": -0.1558881071,
    "incomeTaxExpense": 2200000,
    "netIncome": -53514000,
    "netIncomeRatio": -0.1625715431,
    "eps": -0.28,
    "epsdiluted": -0.28,
    "weightedAverageShsOut": 189479000,
    "weightedAverageShsOutDil": 189479000,
    "link": "https://www.sec.gov/Archives/edgar/data/97210/000119312503078529/0001193125-03-078529-index.htm",
    "finalLink": "https://www.sec.gov/Archives/edgar/data/97210/000119312503078529/d10q.htm"
  },
  {
    "date": "2003-06-29",
    "symbol": "TER",
    "reportedCurrency": "USD",
    "cik": "0000097210",
    "fillingDate": "2003-08-13",
    "acceptedDate": "2003-08-13 15:51:25",
    "calendarYear": "2003",
    "period": "Q2",
    "revenue": 331529000,
    "costOfRevenue": 242921000,
    "grossProfit": 88608000,
    "grossProfitRatio": 0.2672707365,
    "researchAndDevelopmentExpenses": 63804000,
    "generalAndAdministrativeExpenses": 0,
    "sellingAndMarketingExpenses": 0,
    "sellingGeneralAndAdministrativeExpenses": 61512000,
    "otherExpenses": 13378000,
    "operatingExpenses": 138694000,
    "costAndExpenses": 381615000,
    "interestIncome": 0,
    "interestExpense": 0,
    "depreciationAndAmortization": 39438000,
    "ebitda": 2730000,
    "ebitdaratio": 0.0082345737,
    "operatingIncome": -50086000,
    "operatingIncomeRatio": -0.1510757732,
    "totalOtherIncomeExpensesNet": -703000,
    "incomeBeforeTax": -50789000,
    "incomeBeforeTaxRatio": -0.1531962513,
    "incomeTaxExpense": 1700000,
    "netIncome": -52489000,
    "netIncomeRatio": -0.1583240079,
    "eps": -0.28,
    "epsdiluted": -0.28,
    "weightedAverageShsOut": 185465000,
    "weightedAverageShsOutDil": 185465000,
    "link": "https://www.sec.gov/Archives/edgar/data/97210/000119312503035907/0001193125-03-035907-index.htm",
    "finalLink": "https://www.sec.gov/Archives/edgar/data/97210/000119312503035907/d10q.htm"
  },
  {
    "date": "2003-03-30",
    "symbol": "TER",
    "reportedCurrency": "USD",
    "cik": "0000097210",
    "fillingDate": "2003-05-14",
    "acceptedDate": "2003-05-14 15:13:43",
    "calendarYear": "2003",
    "period": "Q1",
    "revenue": 334576000,
    "costOfRevenue": 250470000,
    "grossProfit": 84106000,
    "grossProfitRatio": 0.2513808522,
    "researchAndDevelopmentExpenses": 68585000,
    "generalAndAdministrativeExpenses": 0,
    "sellingAndMarketingExpenses": 0,
    "sellingGeneralAndAdministrativeExpenses": 67402000,
    "otherExpenses": 19486000,
    "operatingExpenses": 155473000,
    "costAndExpenses": 405943000,
    "interestIncome": 0,
    "interestExpense": 0,
    "depreciationAndAmortization": 39526000,
    "ebitda": -12355000,
    "ebitdaratio": -0.0369273349,
    "operatingIncome": -71367000,
    "operatingIncomeRatio": -0.213305796,
    "totalOtherIncomeExpensesNet": -3931000,
    "incomeBeforeTax": -75298000,
    "incomeBeforeTaxRatio": -0.225054995,
    "incomeTaxExpense": 1200000,
    "netIncome": -76498000,
    "netIncomeRatio": -0.228641624,
    "eps": -0.41,
    "epsdiluted": -0.41,
    "weightedAverageShsOut": 184889000,
    "weightedAverageShsOutDil": 184889000,
    "link": "https://www.sec.gov/Archives/edgar/data/97210/000092701603002671/0000927016-03-002671-index.htm",
    "finalLink": "https://www.sec.gov/Archives/edgar/data/97210/000092701603002671/d10q.htm"
  },
  {
    "date": "2002-12-31",
    "symbol": "TER",
    "reportedCurrency": "USD",
    "cik": "0000097210",
    "fillingDate": "2003-03-28",
    "acceptedDate": "2003-03-28 17:08:58",
    "calendarYear": "2002",
    "period": "Q4",
    "revenue": 333598000,
    "costOfRevenue": 277414000,
    "grossProfit": 56184000,
    "grossProfitRatio": 0.1684182759,
    "researchAndDevelopmentExpenses": 74296000,
    "generalAndAdministrativeExpenses": 0,
    "sellingAndMarketingExpenses": 0,
    "sellingGeneralAndAdministrativeExpenses": 65619000,
    "otherExpenses": 59208000,
    "operatingExpenses": 199123000,
    "costAndExpenses": 476537000,
    "interestIncome": 0,
    "interestExpense": 0,
    "depreciationAndAmortization": 43667000,
    "ebitda": -40064000,
    "ebitdaratio": -0.1200966433,
    "operatingIncome": -142939000,
    "operatingIncomeRatio": -0.4284767894,
    "totalOtherIncomeExpensesNet": -1683000,
    "incomeBeforeTax": -144622000,
    "incomeBeforeTaxRatio": -0.4335217837,
    "incomeTaxExpense": 279145000,
    "netIncome": -423767000,
    "netIncomeRatio": -1.2702923878,
    "eps": -2.32,
    "epsdiluted": -2.29,
    "weightedAverageShsOut": 182938158,
    "weightedAverageShsOutDil": 184889000,
    "link": "https://www.sec.gov/Archives/edgar/data/97210/000092701603001489/0000927016-03-001489-index.htm",
    "finalLink": "https://www.sec.gov/Archives/edgar/data/97210/000092701603001489/d10k.txt"
  },
  {
    "date": "2002-09-29",
    "symbol": "TER",
    "reportedCurrency": "USD",
    "cik": "0000097210",
    "fillingDate": "2002-11-13",
    "acceptedDate": "2002-11-13 16:16:22",
    "calendarYear": "2002",
    "period": "Q3",
    "revenue": 330732000,
    "costOfRevenue": 256231000,
    "grossProfit": 74501000,
    "grossProfitRatio": 0.2252609363,
    "researchAndDevelopmentExpenses": 78002000,
    "generalAndAdministrativeExpenses": 0,
    "sellingAndMarketingExpenses": 0,
    "sellingGeneralAndAdministrativeExpenses": 74318000,
    "otherExpenses": 138883000,
    "operatingExpenses": 291203000,
    "costAndExpenses": 547434000,
    "interestIncome": 0,
    "interestExpense": 0,
    "depreciationAndAmortization": 37506000,
    "ebitda": -40313000,
    "ebitdaratio": -0.1218902314,
    "operatingIncome": -216702000,
    "operatingIncomeRatio": -0.6552193317,
    "totalOtherIncomeExpensesNet": 174000,
    "incomeBeforeTax": -216528000,
    "incomeBeforeTaxRatio": -0.6546932259,
    "incomeTaxExpense": -49695000,
    "netIncome": -166833000,
    "netIncomeRatio": -0.5044356155,
    "eps": -0.91,
    "epsdiluted": -0.91,
    "weightedAverageShsOut": 183063000,
    "weightedAverageShsOutDil": 183063000,
    "link": "https://www.sec.gov/Archives/edgar/data/97210/000092701602005486/0000927016-02-005486-index.htm",
    "finalLink": "https://www.sec.gov/Archives/edgar/data/97210/000092701602005486/d10q.txt"
  },
  {
    "date": "2002-06-30",
    "symbol": "TER",
    "reportedCurrency": "USD",
    "cik": "0000097210",
    "fillingDate": "2002-08-13",
    "acceptedDate": "2002-08-13 15:42:56",
    "calendarYear": "2002",
    "period": "Q2",
    "revenue": 309898000,
    "costOfRevenue": 239194000,
    "grossProfit": 70704000,
    "grossProfitRatio": 0.2281524889,
    "researchAndDevelopmentExpenses": 72371000,
    "generalAndAdministrativeExpenses": 0,
    "sellingAndMarketingExpenses": 0,
    "sellingGeneralAndAdministrativeExpenses": 75609000,
    "otherExpenses": 0,
    "operatingExpenses": 147980000,
    "costAndExpenses": 387174000,
    "interestIncome": 0,
    "interestExpense": 0,
    "depreciationAndAmortization": 40912000,
    "ebitda": -36364000,
    "ebitdaratio": -0.1173418351,
    "operatingIncome": -77276000,
    "operatingIncomeRatio": -0.2493594667,
    "totalOtherIncomeExpensesNet": -1988000,
    "incomeBeforeTax": -79264000,
    "incomeBeforeTaxRatio": -0.2557744806,
    "incomeTaxExpense": -28535000,
    "netIncome": -50729000,
    "netIncomeRatio": -0.1636957967,
    "eps": -0.28,
    "epsdiluted": -0.28,
    "weightedAverageShsOut": 182934000,
    "weightedAverageShsOutDil": 182934000,
    "link": "https://www.sec.gov/Archives/edgar/data/97210/000092701602004044/0000927016-02-004044-index.htm",
    "finalLink": "https://www.sec.gov/Archives/edgar/data/97210/000092701602004044/d10q.txt"
  },
  {
    "date": "2002-03-31",
    "symbol": "TER",
    "reportedCurrency": "USD",
    "cik": "0000097210",
    "fillingDate": "2002-05-14",
    "acceptedDate": "2002-05-14 13:41:40",
    "calendarYear": "2002",
    "period": "Q1",
    "revenue": 248008000,
    "costOfRevenue": 217552000,
    "grossProfit": 30456000,
    "grossProfitRatio": 0.1228024902,
    "researchAndDevelopmentExpenses": 69253000,
    "generalAndAdministrativeExpenses": 0,
    "sellingAndMarketingExpenses": 0,
    "sellingGeneralAndAdministrativeExpenses": 75049000,
    "otherExpenses": 5042000,
    "operatingExpenses": 149344000,
    "costAndExpenses": 366896000,
    "interestIncome": 0,
    "interestExpense": 0,
    "depreciationAndAmortization": 37604000,
    "ebitda": -76242000,
    "ebitdaratio": -0.3074175027,
    "operatingIncome": -118888000,
    "operatingIncomeRatio": -0.4793716332,
    "totalOtherIncomeExpensesNet": -1643000,
    "incomeBeforeTax": -120531000,
    "incomeBeforeTaxRatio": -0.4859964195,
    "incomeTaxExpense": -43391000,
    "netIncome": -77140000,
    "netIncomeRatio": -0.3110383536,
    "eps": -0.42,
    "epsdiluted": -0.42,
    "weightedAverageShsOut": 182332000,
    "weightedAverageShsOutDil": 182332000,
    "link": "https://www.sec.gov/Archives/edgar/data/97210/000092701602002827/0000927016-02-002827-index.htm",
    "finalLink": "https://www.sec.gov/Archives/edgar/data/97210/000092701602002827/d10q.txt"
  },
  {
    "date": "2001-12-31",
    "symbol": "TER",
    "reportedCurrency": "USD",
    "cik": "0000097210",
    "fillingDate": "2002-03-29",
    "acceptedDate": "2002-03-29 00:00:00",
    "calendarYear": "2001",
    "period": "Q4",
    "revenue": 220214000,
    "costOfRevenue": 212923000,
    "grossProfit": 7291000,
    "grossProfitRatio": 0.0331087034,
    "researchAndDevelopmentExpenses": 99273000,
    "generalAndAdministrativeExpenses": 0,
    "sellingAndMarketingExpenses": 0,
    "sellingGeneralAndAdministrativeExpenses": 39834000,
    "otherExpenses": 52877000,
    "operatingExpenses": 191984000,
    "costAndExpenses": 404907000,
    "interestIncome": 0,
    "interestExpense": 0,
    "depreciationAndAmortization": 37615000,
    "ebitda": -94201000,
    "ebitdaratio": -0.4277702598,
    "operatingIncome": -184693000,
    "operatingIncomeRatio": -0.8386978121,
    "totalOtherIncomeExpensesNet": 3098000,
    "incomeBeforeTax": -181595000,
    "incomeBeforeTaxRatio": -0.8246296784,
    "incomeTaxExpense": -69006000,
    "netIncome": -112589000,
    "netIncomeRatio": -0.5112708547,
    "eps": -0.63,
    "epsdiluted": -0.62,
    "weightedAverageShsOut": 179293000,
    "weightedAverageShsOutDil": 182332000,
    "link": "https://www.sec.gov/Archives/edgar/data/97210/000091205702025736/0000912057-02-025736-index.htm",
    "finalLink": "https://www.sec.gov/Archives/edgar/data/97210/000091205702025736/a2083275z10-ka.txt"
  },
  {
    "date": "2001-09-30",
    "symbol": "TER",
    "reportedCurrency": "USD",
    "cik": "0000097210",
    "fillingDate": "2001-11-09",
    "acceptedDate": "2001-11-09 00:00:00",
    "calendarYear": "2001",
    "period": "Q3",
    "revenue": 249355000,
    "costOfRevenue": 246512000,
    "grossProfit": 2843000,
    "grossProfitRatio": 0.0114014157,
    "researchAndDevelopmentExpenses": 64667000,
    "generalAndAdministrativeExpenses": 0,
    "sellingAndMarketingExpenses": 0,
    "sellingGeneralAndAdministrativeExpenses": 59928000,
    "otherExpenses": 48122000,
    "operatingExpenses": 172717000,
    "costAndExpenses": 419229000,
    "interestIncome": 0,
    "interestExpense": 0,
    "depreciationAndAmortization": 35334000,
    "ebitda": -86418000,
    "ebitdaratio": -0.3465661406,
    "operatingIncome": -169874000,
    "operatingIncomeRatio": -0.6812536344,
    "totalOtherIncomeExpensesNet": 2353000,
    "incomeBeforeTax": -167521000,
    "incomeBeforeTaxRatio": -0.6718172886,
    "incomeTaxExpense": -64117000,
    "netIncome": -103404000,
    "netIncomeRatio": -0.4146858896,
    "eps": -0.59,
    "epsdiluted": -0.59,
    "weightedAverageShsOut": 175689000,
    "weightedAverageShsOutDil": 175689000,
    "link": "https://www.sec.gov/Archives/edgar/data/97210/000095013501503412/0000950135-01-503412-index.htm",
    "finalLink": "https://www.sec.gov/Archives/edgar/data/97210/000095013501503412/b40929tde10-q.txt"
  },
  {
    "date": "2001-07-01",
    "symbol": "TER",
    "reportedCurrency": "USD",
    "cik": "0000097210",
    "fillingDate": "2001-08-06",
    "acceptedDate": "2001-08-06 00:00:00",
    "calendarYear": "2001",
    "period": "Q2",
    "revenue": 365823000,
    "costOfRevenue": 311261000,
    "grossProfit": 54562000,
    "grossProfitRatio": 0.149148632,
    "researchAndDevelopmentExpenses": 61324000,
    "generalAndAdministrativeExpenses": 0,
    "sellingAndMarketingExpenses": 0,
    "sellingGeneralAndAdministrativeExpenses": 65130000,
    "otherExpenses": 0,
    "operatingExpenses": 126454000,
    "costAndExpenses": 437715000,
    "interestIncome": 0,
    "interestExpense": 0,
    "depreciationAndAmortization": 35328000,
    "ebitda": -36564000,
    "ebitdaratio": -0.0999499758,
    "operatingIncome": -71892000,
    "operatingIncomeRatio": -0.1965212685,
    "totalOtherIncomeExpensesNet": 17771000,
    "incomeBeforeTax": -54121000,
    "incomeBeforeTaxRatio": -0.147943131,
    "incomeTaxExpense": -13940000,
    "netIncome": -40181000,
    "netIncomeRatio": -0.109837271,
    "eps": -0.23,
    "epsdiluted": -0.23,
    "weightedAverageShsOut": 174538000,
    "weightedAverageShsOutDil": 174538000,
    "link": "https://www.sec.gov/Archives/edgar/data/97210/000095013501502271/0000950135-01-502271-index.htm",
    "finalLink": "https://www.sec.gov/Archives/edgar/data/97210/000095013501502271/b40108tie10-q.txt"
  },
  {
    "date": "2001-04-01",
    "symbol": "TER",
    "reportedCurrency": "USD",
    "cik": "0000097210",
    "fillingDate": "2001-05-15",
    "acceptedDate": "2001-05-15 00:00:00",
    "calendarYear": "2001",
    "period": "Q1",
    "revenue": 605189000,
    "costOfRevenue": 385607000,
    "grossProfit": 219582000,
    "grossProfitRatio": 0.362832107,
    "researchAndDevelopmentExpenses": 71197000,
    "generalAndAdministrativeExpenses": 0,
    "sellingAndMarketingExpenses": 0,
    "sellingGeneralAndAdministrativeExpenses": 74771000,
    "otherExpenses": 0,
    "operatingExpenses": 145968000,
    "costAndExpenses": 531575000,
    "interestIncome": 0,
    "interestExpense": 0,
    "depreciationAndAmortization": 30391000,
    "ebitda": 104005000,
    "ebitdaratio": 0.1718554038,
    "operatingIncome": 73614000,
    "operatingIncomeRatio": 0.1216380337,
    "totalOtherIncomeExpensesNet": 3473000,
    "incomeBeforeTax": 77087000,
    "incomeBeforeTaxRatio": 0.1273767369,
    "incomeTaxExpense": 23125000,
    "netIncome": 53959000,
    "netIncomeRatio": 0.0891605763,
    "eps": 0.31,
    "epsdiluted": 0.3,
    "weightedAverageShsOut": 173791000,
    "weightedAverageShsOutDil": 179750000,
    "link": "https://www.sec.gov/Archives/edgar/data/97210/000095013501501294/0000950135-01-501294-index.htm",
    "finalLink": "https://www.sec.gov/Archives/edgar/data/97210/000095013501501294/b39297tie10-q.txt"
  },
  {
    "date": "2000-12-31",
    "symbol": "TER",
    "reportedCurrency": "USD",
    "cik": "0000097210",
    "fillingDate": "2001-03-27",
    "acceptedDate": "2001-03-27 00:00:00",
    "calendarYear": "2000",
    "period": "Q4",
    "revenue": 788833000,
    "costOfRevenue": 457537000,
    "grossProfit": 331296000,
    "grossProfitRatio": 0.4199824297,
    "researchAndDevelopmentExpenses": 79295000,
    "generalAndAdministrativeExpenses": 0,
    "sellingAndMarketingExpenses": 0,
    "sellingGeneralAndAdministrativeExpenses": 96475000,
    "otherExpenses": 0,
    "operatingExpenses": 175770000,
    "costAndExpenses": 633307000,
    "interestIncome": 0,
    "interestExpense": 0,
    "depreciationAndAmortization": 26332000,
    "ebitda": 181858000,
    "ebitdaratio": 0.230540558,
    "operatingIncome": 155526000,
    "operatingIncomeRatio": 0.1971596016,
    "totalOtherIncomeExpensesNet": 12452000,
    "incomeBeforeTax": 167978000,
    "incomeBeforeTaxRatio": 0.2129449453,
    "incomeTaxExpense": 50393000,
    "netIncome": 53447000,
    "netIncomeRatio": 0.0677545184,
    "eps": 0.31,
    "epsdiluted": 0.3,
    "weightedAverageShsOut": 173791000,
    "weightedAverageShsOutDil": 179750000,
    "link": "https://www.sec.gov/Archives/edgar/data/97210/000095013501000940/0000950135-01-000940-index.htm",
    "finalLink": "https://www.sec.gov/Archives/edgar/data/97210/000095013501000940/b38191tee10-k.txt"
  },
  {
    "date": "2000-10-01",
    "symbol": "TER",
    "reportedCurrency": "USD",
    "cik": "0000097210",
    "fillingDate": "2000-11-15",
    "acceptedDate": "2000-11-15 00:00:00",
    "calendarYear": "2000",
    "period": "Q3",
    "revenue": 859478000,
    "costOfRevenue": 457976000,
    "grossProfit": 401502000,
    "grossProfitRatio": 0.4671463377,
    "researchAndDevelopmentExpenses": 78963000,
    "generalAndAdministrativeExpenses": 0,
    "sellingAndMarketingExpenses": 0,
    "sellingGeneralAndAdministrativeExpenses": 95149000,
    "otherExpenses": 0,
    "operatingExpenses": 174112000,
    "costAndExpenses": 632088000,
    "interestIncome": 0,
    "interestExpense": 0,
    "depreciationAndAmortization": 23723000,
    "ebitda": 251113000,
    "ebitdaratio": 0.2921692004,
    "operatingIncome": 227390000,
    "operatingIncomeRatio": 0.2645675631,
    "totalOtherIncomeExpensesNet": 6071000,
    "incomeBeforeTax": 233461000,
    "incomeBeforeTaxRatio": 0.2716311529,
    "incomeTaxExpense": 70038000,
    "netIncome": 163423000,
    "netIncomeRatio": 0.1901421561,
    "eps": 0.94,
    "epsdiluted": 0.9,
    "weightedAverageShsOut": 174369000,
    "weightedAverageShsOutDil": 181937000,
    "link": "https://www.sec.gov/Archives/edgar/data/97210/000095013500005110/0000950135-00-005110-index.htm",
    "finalLink": "https://www.sec.gov/Archives/edgar/data/97210/000095013500005110/b37279tie10-q.txt"
  },
  {
    "date": "2000-07-02",
    "symbol": "TER",
    "reportedCurrency": "USD",
    "cik": "0000097210",
    "fillingDate": "2000-08-16",
    "acceptedDate": "2000-08-16 00:00:00",
    "calendarYear": "2000",
    "period": "Q2",
    "revenue": 747458000,
    "costOfRevenue": 376416000,
    "grossProfit": 371042000,
    "grossProfitRatio": 0.4964051492,
    "researchAndDevelopmentExpenses": 73637000,
    "generalAndAdministrativeExpenses": 0,
    "sellingAndMarketingExpenses": 0,
    "sellingGeneralAndAdministrativeExpenses": 91982000,
    "otherExpenses": 27113000,
    "operatingExpenses": 192732000,
    "costAndExpenses": 569148000,
    "interestIncome": 0,
    "interestExpense": 0,
    "depreciationAndAmortization": 27515000,
    "ebitda": 232938000,
    "ebitdaratio": 0.3116402527,
    "operatingIncome": 178310000,
    "operatingIncomeRatio": 0.2385552098,
    "totalOtherIncomeExpensesNet": 5823000,
    "incomeBeforeTax": 184133000,
    "incomeBeforeTaxRatio": 0.2463456141,
    "incomeTaxExpense": 55240000,
    "netIncome": 128893000,
    "netIncomeRatio": 0.1724417961,
    "eps": 0.74,
    "epsdiluted": 0.71,
    "weightedAverageShsOut": 173158000,
    "weightedAverageShsOutDil": 181697000,
    "link": "https://www.sec.gov/Archives/edgar/data/97210/000095013500004077/0000950135-00-004077-index.htm",
    "finalLink": "https://www.sec.gov/Archives/edgar/data/97210/000095013500004077/e10-q.txt"
  },
  {
    "date": "2000-04-02",
    "symbol": "TER",
    "reportedCurrency": "USD",
    "cik": "0000097210",
    "fillingDate": "2000-05-17",
    "acceptedDate": "2000-05-17 00:00:00",
    "calendarYear": "2000",
    "period": "Q1",
    "revenue": 648131000,
    "costOfRevenue": 348840000,
    "grossProfit": 299291000,
    "grossProfitRatio": 0.4617754744,
    "researchAndDevelopmentExpenses": 69025000,
    "generalAndAdministrativeExpenses": 0,
    "sellingAndMarketingExpenses": 0,
    "sellingGeneralAndAdministrativeExpenses": 78956000,
    "otherExpenses": 0,
    "operatingExpenses": 147981000,
    "costAndExpenses": 496821000,
    "interestIncome": 0,
    "interestExpense": 0,
    "depreciationAndAmortization": 24292000,
    "ebitda": 175602000,
    "ebitdaratio": 0.2709359682,
    "operatingIncome": 151310000,
    "operatingIncomeRatio": 0.2334558909,
    "totalOtherIncomeExpensesNet": 4537000,
    "incomeBeforeTax": 155847000,
    "incomeBeforeTaxRatio": 0.2404560189,
    "incomeTaxExpense": 46754000,
    "netIncome": 109093000,
    "netIncomeRatio": 0.1683193675,
    "eps": 0.63,
    "epsdiluted": 0.6,
    "weightedAverageShsOut": 172127000,
    "weightedAverageShsOutDil": 180873000,
    "link": "https://www.sec.gov/Archives/edgar/data/97210/000009721000000003/0000097210-00-000003-index.html",
    "finalLink": "https://www.sec.gov/Archives/edgar/data/97210/000009721000000003/"
  },
  {
    "date": "1999-12-31",
    "symbol": "TER",
    "reportedCurrency": "USD",
    "cik": "0000097210",
    "fillingDate": "2000-03-27",
    "acceptedDate": "2000-03-27 00:00:00",
    "calendarYear": "1999",
    "period": "Q4",
    "revenue": 548515000,
    "costOfRevenue": 309655000,
    "grossProfit": 238860000,
    "grossProfitRatio": 0.4354666691,
    "researchAndDevelopmentExpenses": 63686000,
    "generalAndAdministrativeExpenses": 0,
    "sellingAndMarketingExpenses": 0,
    "sellingGeneralAndAdministrativeExpenses": 72055000,
    "otherExpenses": 0,
    "operatingExpenses": 135741000,
    "costAndExpenses": 445396000,
    "interestIncome": 0,
    "interestExpense": 0,
    "depreciationAndAmortization": 21776000,
    "ebitda": 124895000,
    "ebitdaratio": 0.227696599,
    "operatingIncome": 103119000,
    "operatingIncomeRatio": 0.187996682,
    "totalOtherIncomeExpensesNet": 4358000,
    "incomeBeforeTax": 107477000,
    "incomeBeforeTaxRatio": 0.1959417701,
    "incomeTaxExpense": 32243000,
    "netIncome": 75234000,
    "netIncomeRatio": 0.1371594213,
    "eps": 0.44,
    "epsdiluted": 0.42,
    "weightedAverageShsOut": 172127000,
    "weightedAverageShsOutDil": 180873000,
    "link": "https://www.sec.gov/Archives/edgar/data/97210/000095013500001655/0000950135-00-001655-index.html",
    "finalLink": "https://www.sec.gov/Archives/edgar/data/97210/000095013500001655/"
  },
  {
    "date": "1999-10-03",
    "symbol": "TER",
    "reportedCurrency": "USD",
    "cik": "0000097210",
    "fillingDate": "1999-11-19",
    "acceptedDate": "1999-11-19 00:00:00",
    "calendarYear": "1999",
    "period": "Q3",
    "revenue": 497000000,
    "costOfRevenue": 260800000,
    "grossProfit": 236200000,
    "grossProfitRatio": 0.4752515091,
    "researchAndDevelopmentExpenses": 60300000,
    "generalAndAdministrativeExpenses": 0,
    "sellingAndMarketingExpenses": 0,
    "sellingGeneralAndAdministrativeExpenses": 70500000,
    "otherExpenses": 20500000,
    "operatingExpenses": 151300000,
    "costAndExpenses": 412100000,
    "interestIncome": 0,
    "interestExpense": 0,
    "depreciationAndAmortization": 20510000,
    "ebitda": 105410000,
    "ebitdaratio": 0.2120925553,
    "operatingIncome": 84900000,
    "operatingIncomeRatio": 0.1708249497,
    "totalOtherIncomeExpensesNet": 4700000,
    "incomeBeforeTax": 89600000,
    "incomeBeforeTaxRatio": 0.1802816901,
    "incomeTaxExpense": 26900000,
    "netIncome": 62700000,
    "netIncomeRatio": 0.1261569416,
    "eps": 0.37,
    "epsdiluted": 0.35,
    "weightedAverageShsOut": 171098000,
    "weightedAverageShsOutDil": 179026000,
    "link": "https://www.sec.gov/Archives/edgar/data/97210/000009721099000009/0000097210-99-000009-index.html",
    "finalLink": "https://www.sec.gov/Archives/edgar/data/97210/000009721099000009/"
  },
  {
    "date": "1999-07-04",
    "symbol": "TER",
    "reportedCurrency": "USD",
    "cik": "0000097210",
    "fillingDate": "1999-08-18",
    "acceptedDate": "1999-08-18 00:00:00",
    "calendarYear": "1999",
    "period": "Q2",
    "revenue": 400904000,
    "costOfRevenue": 236940000,
    "grossProfit": 163964000,
    "grossProfitRatio": 0.4089856923,
    "researchAndDevelopmentExpenses": 56829000,
    "generalAndAdministrativeExpenses": 0,
    "sellingAndMarketingExpenses": 0,
    "sellingGeneralAndAdministrativeExpenses": 59386000,
    "otherExpenses": 0,
    "operatingExpenses": 116215000,
    "costAndExpenses": 353155000,
    "interestIncome": 0,
    "interestExpense": 0,
    "depreciationAndAmortization": 21990000,
    "ebitda": 69739000,
    "ebitdaratio": 0.1739543631,
    "operatingIncome": 47749000,
    "operatingIncomeRatio": 0.1191033265,
    "totalOtherIncomeExpensesNet": 3400000,
    "incomeBeforeTax": 51149000,
    "incomeBeforeTaxRatio": 0.1275841598,
    "incomeTaxExpense": 15345000,
    "netIncome": 35804000,
    "netIncomeRatio": 0.0893081636,
    "eps": 0.11,
    "epsdiluted": 0.1,
    "weightedAverageShsOut": 340490000,
    "weightedAverageShsOutDil": 356122000,
    "link": "https://www.sec.gov/Archives/edgar/data/97210/000009721099000004/0000097210-99-000004-index.html",
    "finalLink": "https://www.sec.gov/Archives/edgar/data/97210/000009721099000004/"
  },
  {
    "date": "1999-04-04",
    "symbol": "TER",
    "reportedCurrency": "USD",
    "cik": "0000097210",
    "fillingDate": "1999-05-19",
    "acceptedDate": "1999-05-19 00:00:00",
    "calendarYear": "1999",
    "period": "Q1",
    "revenue": 344454000,
    "costOfRevenue": 197800000,
    "grossProfit": 146654000,
    "grossProfitRatio": 0.4257578661,
    "researchAndDevelopmentExpenses": 47700000,
    "generalAndAdministrativeExpenses": 0,
    "sellingAndMarketingExpenses": 0,
    "sellingGeneralAndAdministrativeExpenses": 54500000,
    "otherExpenses": 22100000,
    "operatingExpenses": 124300000,
    "costAndExpenses": 322100000,
    "interestIncome": 0,
    "interestExpense": 0,
    "depreciationAndAmortization": 22100000,
    "ebitda": 44454000,
    "ebitdaratio": 0.1290564197,
    "operatingIncome": 22354000,
    "operatingIncomeRatio": 0.0648969093,
    "totalOtherIncomeExpensesNet": 3346000,
    "incomeBeforeTax": 25700000,
    "incomeBeforeTaxRatio": 0.0746108334,
    "incomeTaxExpense": 7700000,
    "netIncome": 18000000,
    "netIncomeRatio": 0.0522566148,
    "eps": 0.055,
    "epsdiluted": 0.05,
    "weightedAverageShsOut": 340064000,
    "weightedAverageShsOutDil": 355988000,
    "link": "https://www.sec.gov/Archives/edgar/data/97210/000009721099000002/0000097210-99-000002-index.html",
    "finalLink": "https://www.sec.gov/Archives/edgar/data/97210/"
  },
  {
    "date": "1998-12-31",
    "symbol": "TER",
    "reportedCurrency": "USD",
    "cik": "0000097210",
    "fillingDate": "1999-03-30",
    "acceptedDate": "1999-03-30 00:00:00",
    "calendarYear": "1998",
    "period": "Q4",
    "revenue": 316119000,
    "costOfRevenue": 209639000,
    "grossProfit": 106480000,
    "grossProfitRatio": 0.3368351792,
    "researchAndDevelopmentExpenses": 47503000,
    "generalAndAdministrativeExpenses": 0,
    "sellingAndMarketingExpenses": 0,
    "sellingGeneralAndAdministrativeExpenses": 49335000,
    "otherExpenses": 0,
    "operatingExpenses": 96838000,
    "costAndExpenses": 306477000,
    "interestIncome": 0,
    "interestExpense": 0,
    "depreciationAndAmortization": 20558000,
    "ebitda": 30200000,
    "ebitdaratio": 0.095533644,
    "operatingIncome": 9642000,
    "operatingIncomeRatio": 0.030501172,
    "totalOtherIncomeExpensesNet": 3481000,
    "incomeBeforeTax": 13123000,
    "incomeBeforeTaxRatio": 0.041512848,
    "incomeTaxExpense": 1282000,
    "netIncome": 11841000,
    "netIncomeRatio": 0.0374574132,
    "eps": 0.035,
    "epsdiluted": 0.033,
    "weightedAverageShsOut": 340064000,
    "weightedAverageShsOutDil": 355988000,
    "link": "https://www.sec.gov/Archives/edgar/data/97210/000095013599001617/0000950135-99-001617-index.html",
    "finalLink": "https://www.sec.gov/Archives/edgar/data/97210/"
  },
  {
    "date": "1998-09-27",
    "symbol": "TER",
    "reportedCurrency": "USD",
    "cik": "0000097210",
    "fillingDate": "1998-11-12",
    "acceptedDate": "1998-11-12 00:00:00",
    "calendarYear": "1998",
    "period": "Q3",
    "revenue": 335227000,
    "costOfRevenue": 239131000,
    "grossProfit": 96096000,
    "grossProfitRatio": 0.2866594875,
    "researchAndDevelopmentExpenses": 49569000,
    "generalAndAdministrativeExpenses": 0,
    "sellingAndMarketingExpenses": 0,
    "sellingGeneralAndAdministrativeExpenses": 47288000,
    "otherExpenses": 0,
    "operatingExpenses": 96857000,
    "costAndExpenses": 335988000,
    "interestIncome": 0,
    "interestExpense": 0,
    "depreciationAndAmortization": 19346000,
    "ebitda": 18585000,
    "ebitdaratio": 0.0554400451,
    "operatingIncome": -761000,
    "operatingIncomeRatio": -0.0022701035,
    "totalOtherIncomeExpensesNet": 2636000,
    "incomeBeforeTax": 1875000,
    "incomeBeforeTaxRatio": 0.0055932249,
    "incomeTaxExpense": 600000,
    "netIncome": 1275000,
    "netIncomeRatio": 0.0038033929,
    "eps": 0.005,
    "epsdiluted": 0.005,
    "weightedAverageShsOut": 336076000,
    "weightedAverageShsOutDil": 342504000,
    "link": "https://www.sec.gov/Archives/edgar/data/97210/000009721098000006/0000097210-98-000006-index.html",
    "finalLink": "https://www.sec.gov/Archives/edgar/data/97210/"
  },
  {
    "date": "1998-06-28",
    "symbol": "TER",
    "reportedCurrency": "USD",
    "cik": "0000097210",
    "fillingDate": "1998-08-12",
    "acceptedDate": "1998-08-12 00:00:00",
    "calendarYear": "1998",
    "period": "Q2",
    "revenue": 406236000,
    "costOfRevenue": 246457000,
    "grossProfit": 159779000,
    "grossProfitRatio": 0.3933157081,
    "researchAndDevelopmentExpenses": 49164000,
    "generalAndAdministrativeExpenses": 0,
    "sellingAndMarketingExpenses": 0,
    "sellingGeneralAndAdministrativeExpenses": 57549000,
    "otherExpenses": 0,
    "operatingExpenses": 106713000,
    "costAndExpenses": 353170000,
    "interestIncome": 0,
    "interestExpense": 0,
    "depreciationAndAmortization": 19370000,
    "ebitda": 72436000,
    "ebitdaratio": 0.1783101448,
    "operatingIncome": 53066000,
    "operatingIncomeRatio": 0.1306285017,
    "totalOtherIncomeExpensesNet": 2605000,
    "incomeBeforeTax": 55671000,
    "incomeBeforeTaxRatio": 0.1370410303,
    "incomeTaxExpense": 16311000,
    "netIncome": 39360000,
    "netIncomeRatio": 0.0968894928,
    "eps": 0.12,
    "epsdiluted": 0.12,
    "weightedAverageShsOut": 334596000,
    "weightedAverageShsOutDil": 342528000,
    "link": "https://www.sec.gov/Archives/edgar/data/97210/000009721098000004/0000097210-98-000004-index.html",
    "finalLink": "https://www.sec.gov/Archives/edgar/data/97210/"
  },
  {
    "date": "1998-03-29",
    "symbol": "TER",
    "reportedCurrency": "USD",
    "cik": "0000097210",
    "fillingDate": "1998-05-13",
    "acceptedDate": "1998-05-13 00:00:00",
    "calendarYear": "1998",
    "period": "Q1",
    "revenue": 431569000,
    "costOfRevenue": 251947000,
    "grossProfit": 179622000,
    "grossProfitRatio": 0.4162069101,
    "researchAndDevelopmentExpenses": 48922000,
    "generalAndAdministrativeExpenses": 0,
    "sellingAndMarketingExpenses": 0,
    "sellingGeneralAndAdministrativeExpenses": 58713000,
    "otherExpenses": 0,
    "operatingExpenses": 107635000,
    "costAndExpenses": 359582000,
    "interestIncome": 0,
    "interestExpense": 0,
    "depreciationAndAmortization": 17030000,
    "ebitda": 89017000,
    "ebitdaratio": 0.2062636566,
    "operatingIncome": 71987000,
    "operatingIncomeRatio": 0.1668029909,
    "totalOtherIncomeExpensesNet": 3226000,
    "incomeBeforeTax": 75213000,
    "incomeBeforeTaxRatio": 0.1742780413,
    "incomeTaxExpense": 25572000,
    "netIncome": 49641000,
    "netIncomeRatio": 0.1150244804,
    "eps": 0.15,
    "epsdiluted": 0.14,
    "weightedAverageShsOut": 334604000,
    "weightedAverageShsOutDil": 343712000,
    "link": "https://www.sec.gov/Archives/edgar/data/97210/000009721098000002/0000097210-98-000002-index.html",
    "finalLink": "https://www.sec.gov/Archives/edgar/data/97210/"
  },
  {
    "date": "1997-12-31",
    "symbol": "TER",
    "reportedCurrency": "USD",
    "cik": "0000097210",
    "fillingDate": "1998-03-30",
    "acceptedDate": "1998-03-30 00:00:00",
    "calendarYear": "1997",
    "period": "Q4",
    "revenue": 391684000,
    "costOfRevenue": 226136000,
    "grossProfit": 165548000,
    "grossProfitRatio": 0.4226570399,
    "researchAndDevelopmentExpenses": 44894000,
    "generalAndAdministrativeExpenses": 0,
    "sellingAndMarketingExpenses": 0,
    "sellingGeneralAndAdministrativeExpenses": 54186000,
    "otherExpenses": 0,
    "operatingExpenses": 99080000,
    "costAndExpenses": 325216000,
    "interestIncome": 0,
    "interestExpense": 0,
    "depreciationAndAmortization": 15128000,
    "ebitda": 81596000,
    "ebitdaratio": 0.2083209935,
    "operatingIncome": 66468000,
    "operatingIncomeRatio": 0.1696980219,
    "totalOtherIncomeExpensesNet": 3606000,
    "incomeBeforeTax": 70074000,
    "incomeBeforeTaxRatio": 0.178904423,
    "incomeTaxExpense": 23825000,
    "netIncome": 46249000,
    "netIncomeRatio": 0.1180773276,
    "eps": 0.14,
    "epsdiluted": 0.13,
    "weightedAverageShsOut": 334604000,
    "weightedAverageShsOutDil": 343712000,
    "link": "https://www.sec.gov/Archives/edgar/data/97210/000095013598001990/0000950135-98-001990-index.html",
    "finalLink": "https://www.sec.gov/Archives/edgar/data/97210/"
  },
  {
    "date": "1997-09-28",
    "symbol": "TER",
    "reportedCurrency": "USD",
    "cik": "0000097210",
    "fillingDate": "1997-11-12",
    "acceptedDate": "1997-11-12 00:00:00",
    "calendarYear": "1997",
    "period": "Q3",
    "revenue": 336700000,
    "costOfRevenue": 176000000,
    "grossProfit": 160700000,
    "grossProfitRatio": 0.4772794773,
    "researchAndDevelopmentExpenses": 41700000,
    "generalAndAdministrativeExpenses": 0,
    "sellingAndMarketingExpenses": 0,
    "sellingGeneralAndAdministrativeExpenses": 51700000,
    "otherExpenses": 14700000,
    "operatingExpenses": 108100000,
    "costAndExpenses": 284100000,
    "interestIncome": 0,
    "interestExpense": 0,
    "depreciationAndAmortization": 14667000,
    "ebitda": 67300000,
    "ebitdaratio": 0.1998811999,
    "operatingIncome": 52600000,
    "operatingIncomeRatio": 0.1562221562,
    "totalOtherIncomeExpensesNet": 4800000,
    "incomeBeforeTax": 57400000,
    "incomeBeforeTaxRatio": 0.1704781705,
    "incomeTaxExpense": 18200000,
    "netIncome": 39200000,
    "netIncomeRatio": 0.1164241164,
    "eps": 0.12,
    "epsdiluted": 0.12,
    "weightedAverageShsOut": 344188000,
    "weightedAverageShsOutDil": 344188000,
    "link": "https://www.sec.gov/Archives/edgar/data/97210/000009721097000006/0000097210-97-000006-index.html",
    "finalLink": "https://www.sec.gov/Archives/edgar/data/97210/"
  },
  {
    "date": "1997-06-29",
    "symbol": "TER",
    "reportedCurrency": "USD",
    "cik": "0000097210",
    "fillingDate": "1997-08-13",
    "acceptedDate": "1997-08-13 00:00:00",
    "calendarYear": "1997",
    "period": "Q2",
    "revenue": 289541000,
    "costOfRevenue": 164648000,
    "grossProfit": 124893000,
    "grossProfitRatio": 0.4313482374,
    "researchAndDevelopmentExpenses": 42635000,
    "generalAndAdministrativeExpenses": 0,
    "sellingAndMarketingExpenses": 0,
    "sellingGeneralAndAdministrativeExpenses": 47449000,
    "otherExpenses": 0,
    "operatingExpenses": 90084000,
    "costAndExpenses": 254732000,
    "interestIncome": 0,
    "interestExpense": 0,
    "depreciationAndAmortization": 14659000,
    "ebitda": 49468000,
    "ebitdaratio": 0.1708497242,
    "operatingIncome": 34809000,
    "operatingIncomeRatio": 0.1202213158,
    "totalOtherIncomeExpensesNet": 4669000,
    "incomeBeforeTax": 39478000,
    "incomeBeforeTaxRatio": 0.1363468386,
    "incomeTaxExpense": 14476000,
    "netIncome": 25002000,
    "netIncomeRatio": 0.086350465,
    "eps": 0.075,
    "epsdiluted": 0.075,
    "weightedAverageShsOut": 345132000,
    "weightedAverageShsOutDil": 345132000,
    "link": "https://www.sec.gov/Archives/edgar/data/97210/000009721097000005/0000097210-97-000005-index.html",
    "finalLink": "https://www.sec.gov/Archives/edgar/data/97210/"
  },
  {
    "date": "1997-03-30",
    "symbol": "TER",
    "reportedCurrency": "USD",
    "cik": "0000097210",
    "fillingDate": "1997-05-14",
    "acceptedDate": "1997-05-14 00:00:00",
    "calendarYear": "1997",
    "period": "Q1",
    "revenue": 248302000,
    "costOfRevenue": 152935000,
    "grossProfit": 95367000,
    "grossProfitRatio": 0.3840766486,
    "researchAndDevelopmentExpenses": 33308000,
    "generalAndAdministrativeExpenses": 0,
    "sellingAndMarketingExpenses": 0,
    "sellingGeneralAndAdministrativeExpenses": 40783000,
    "otherExpenses": 0,
    "operatingExpenses": 74091000,
    "costAndExpenses": 227026000,
    "interestIncome": 0,
    "interestExpense": 0,
    "depreciationAndAmortization": 14674000,
    "ebitda": 35950000,
    "ebitdaratio": 0.1447833686,
    "operatingIncome": 21276000,
    "operatingIncomeRatio": 0.0856859792,
    "totalOtherIncomeExpensesNet": 5124000,
    "incomeBeforeTax": 26400000,
    "incomeBeforeTaxRatio": 0.10632214,
    "incomeTaxExpense": 9240000,
    "netIncome": 17160000,
    "netIncomeRatio": 0.069109391,
    "eps": 0.05,
    "epsdiluted": 0.05,
    "weightedAverageShsOut": 343240000,
    "weightedAverageShsOutDil": 343240000,
    "link": "https://www.sec.gov/Archives/edgar/data/97210/000009721097000003/0000097210-97-000003-index.html",
    "finalLink": "https://www.sec.gov/Archives/edgar/data/97210/"
  },
  {
    "date": "1996-12-31",
    "symbol": "TER",
    "reportedCurrency": "USD",
    "cik": "0000097210",
    "fillingDate": "1997-03-27",
    "acceptedDate": "1997-03-27 00:00:00",
    "calendarYear": "1996",
    "period": "Q4",
    "revenue": 241287000,
    "costOfRevenue": 159522000,
    "grossProfit": 81765000,
    "grossProfitRatio": 0.338870308,
    "researchAndDevelopmentExpenses": 33743000,
    "generalAndAdministrativeExpenses": 0,
    "sellingAndMarketingExpenses": 0,
    "sellingGeneralAndAdministrativeExpenses": 49245000,
    "otherExpenses": 0,
    "operatingExpenses": 82988000,
    "costAndExpenses": 242510000,
    "interestIncome": 0,
    "interestExpense": 0,
    "depreciationAndAmortization": 13351000,
    "ebitda": 12128000,
    "ebitdaratio": 0.0502637937,
    "operatingIncome": -1223000,
    "operatingIncomeRatio": -0.0050686527,
    "totalOtherIncomeExpensesNet": 5623000,
    "incomeBeforeTax": 4400000,
    "incomeBeforeTaxRatio": 0.0182355452,
    "incomeTaxExpense": 1452000,
    "netIncome": 2948000,
    "netIncomeRatio": 0.0122178153,
    "eps": 0.0086,
    "epsdiluted": 0.0086,
    "weightedAverageShsOut": 343240000,
    "weightedAverageShsOutDil": 343240000,
    "link": "https://www.sec.gov/Archives/edgar/data/97210/000095013597001381/0000950135-97-001381-index.html",
    "finalLink": "https://www.sec.gov/Archives/edgar/data/97210/"
  },
  {
    "date": "1996-09-29",
    "symbol": "TER",
    "reportedCurrency": "USD",
    "cik": "0000097210",
    "fillingDate": "1996-11-15",
    "acceptedDate": "1996-11-15 00:00:00",
    "calendarYear": "1996",
    "period": "Q3",
    "revenue": 261671000,
    "costOfRevenue": 163747000,
    "grossProfit": 97924000,
    "grossProfitRatio": 0.3742256498,
    "researchAndDevelopmentExpenses": 35022000,
    "generalAndAdministrativeExpenses": 0,
    "sellingAndMarketingExpenses": 0,
    "sellingGeneralAndAdministrativeExpenses": 41535000,
    "otherExpenses": 0,
    "operatingExpenses": 76557000,
    "costAndExpenses": 240304000,
    "interestIncome": 0,
    "interestExpense": 0,
    "depreciationAndAmortization": 12745000,
    "ebitda": 34112000,
    "ebitdaratio": 0.1303621723,
    "operatingIncome": 21367000,
    "operatingIncomeRatio": 0.0816559726,
    "totalOtherIncomeExpensesNet": 4576000,
    "incomeBeforeTax": 25943000,
    "incomeBeforeTaxRatio": 0.0991435811,
    "incomeTaxExpense": 6374000,
    "netIncome": 19569000,
    "netIncomeRatio": 0.0747847488,
    "eps": 0.06,
    "epsdiluted": 0.06,
    "weightedAverageShsOut": 339792000,
    "weightedAverageShsOutDil": 339792000,
    "link": "https://www.sec.gov/Archives/edgar/data/97210/000009721096000008/0000097210-96-000008-index.html",
    "finalLink": "https://www.sec.gov/Archives/edgar/data/97210/"
  },
  {
    "date": "1996-06-30",
    "symbol": "TER",
    "reportedCurrency": "USD",
    "cik": "0000097210",
    "fillingDate": "1996-08-15",
    "acceptedDate": "1996-08-15 00:00:00",
    "calendarYear": "1996",
    "period": "Q2",
    "revenue": 319690000,
    "costOfRevenue": 214715000,
    "grossProfit": 104975000,
    "grossProfitRatio": 0.3283649786,
    "researchAndDevelopmentExpenses": 38426000,
    "generalAndAdministrativeExpenses": 0,
    "sellingAndMarketingExpenses": 0,
    "sellingGeneralAndAdministrativeExpenses": 42556000,
    "otherExpenses": 3000,
    "operatingExpenses": 80985000,
    "costAndExpenses": 295700000,
    "interestIncome": 0,
    "interestExpense": 0,
    "depreciationAndAmortization": 12490000,
    "ebitda": 36480000,
    "ebitdaratio": 0.1141105446,
    "operatingIncome": 23990000,
    "operatingIncomeRatio": 0.0750414464,
    "totalOtherIncomeExpensesNet": 3552000,
    "incomeBeforeTax": 27542000,
    "incomeBeforeTaxRatio": 0.08615221,
    "incomeTaxExpense": 9640000,
    "netIncome": 17902000,
    "netIncomeRatio": 0.0559979981,
    "eps": 0.055,
    "epsdiluted": 0.055,
    "weightedAverageShsOut": 340004000,
    "weightedAverageShsOutDil": 340004000,
    "link": "https://www.sec.gov/Archives/edgar/data/97210/000009721096000006/0000097210-96-000006-index.html",
    "finalLink": "https://www.sec.gov/Archives/edgar/data/97210/"
  },
  {
    "date": "1996-03-31",
    "symbol": "TER",
    "reportedCurrency": "USD",
    "cik": "0000097210",
    "fillingDate": "1996-05-15",
    "acceptedDate": "1996-05-15 00:00:00",
    "calendarYear": "1996",
    "period": "Q1",
    "revenue": 348967000,
    "costOfRevenue": 186637000,
    "grossProfit": 162330000,
    "grossProfitRatio": 0.4651729247,
    "researchAndDevelopmentExpenses": 36740000,
    "generalAndAdministrativeExpenses": 0,
    "sellingAndMarketingExpenses": 0,
    "sellingGeneralAndAdministrativeExpenses": 46929000,
    "otherExpenses": 0,
    "operatingExpenses": 83669000,
    "costAndExpenses": 270306000,
    "interestIncome": 0,
    "interestExpense": 0,
    "depreciationAndAmortization": 12317000,
    "ebitda": 90978000,
    "ebitdaratio": 0.2607065998,
    "operatingIncome": 78661000,
    "operatingIncomeRatio": 0.2254109987,
    "totalOtherIncomeExpensesNet": 3117000,
    "incomeBeforeTax": 81778000,
    "incomeBeforeTaxRatio": 0.2343430754,
    "incomeTaxExpense": 28623000,
    "netIncome": 53155000,
    "netIncomeRatio": 0.1523209931,
    "eps": 0.16,
    "epsdiluted": 0.16,
    "weightedAverageShsOut": 339880000,
    "weightedAverageShsOutDil": 339880000,
    "link": "https://www.sec.gov/Archives/edgar/data/97210/000009721096000002/0000097210-96-000002-index.html",
    "finalLink": "https://www.sec.gov/Archives/edgar/data/97210/"
  },
  {
    "date": "1995-12-31",
    "symbol": "TER",
    "reportedCurrency": "USD",
    "cik": "0000097210",
    "fillingDate": "1996-03-26",
    "acceptedDate": "1996-03-26 00:00:00",
    "calendarYear": "1995",
    "period": "Q4",
    "revenue": 436070000,
    "costOfRevenue": 243900000,
    "grossProfit": 192170000,
    "grossProfitRatio": 0.4406861284,
    "researchAndDevelopmentExpenses": 51033000,
    "generalAndAdministrativeExpenses": 0,
    "sellingAndMarketingExpenses": 0,
    "sellingGeneralAndAdministrativeExpenses": 65262000,
    "otherExpenses": 0,
    "operatingExpenses": 116295000,
    "costAndExpenses": 360195000,
    "interestIncome": 0,
    "interestExpense": 0,
    "depreciationAndAmortization": 14627000,
    "ebitda": 96102000,
    "ebitdaratio": 0.2203820488,
    "operatingIncome": 75875000,
    "operatingIncomeRatio": 0.173997294,
    "totalOtherIncomeExpensesNet": -3242000,
    "incomeBeforeTax": 72633000,
    "incomeBeforeTaxRatio": 0.1665627078,
    "incomeTaxExpense": 26813000,
    "netIncome": 45820000,
    "netIncomeRatio": 0.1050748733,
    "eps": 0.13,
    "epsdiluted": 0.13,
    "weightedAverageShsOut": 339880000,
    "weightedAverageShsOutDil": 339880000,
    "link": "https://www.sec.gov/Archives/edgar/data/97210/000095013596001497/0000950135-96-001497-index.html",
    "finalLink": "https://www.sec.gov/Archives/edgar/data/97210/"
  },
  {
    "date": "1995-10-01",
    "symbol": "TER",
    "reportedCurrency": "USD",
    "cik": "0000097210",
    "fillingDate": "1995-10-26",
    "acceptedDate": "1995-10-26 00:00:00",
    "calendarYear": "1995",
    "period": "Q3",
    "revenue": 285570000,
    "costOfRevenue": 149651000,
    "grossProfit": 135919000,
    "grossProfitRatio": 0.4759568582,
    "researchAndDevelopmentExpenses": 27511000,
    "generalAndAdministrativeExpenses": 0,
    "sellingAndMarketingExpenses": 0,
    "sellingGeneralAndAdministrativeExpenses": 39926000,
    "otherExpenses": 0,
    "operatingExpenses": 67437000,
    "costAndExpenses": 217088000,
    "interestIncome": 0,
    "interestExpense": 0,
    "depreciationAndAmortization": 10263000,
    "ebitda": 78745000,
    "ebitdaratio": 0.2757467521,
    "operatingIncome": 68482000,
    "operatingIncomeRatio": 0.2398081031,
    "totalOtherIncomeExpensesNet": 3364000,
    "incomeBeforeTax": 71846000,
    "incomeBeforeTaxRatio": 0.251588052,
    "incomeTaxExpense": 25867000,
    "netIncome": 45979000,
    "netIncomeRatio": 0.1610078089,
    "eps": 0.15,
    "epsdiluted": 0.15,
    "weightedAverageShsOut": 314076000,
    "weightedAverageShsOutDil": 314076000,
    "link": "https://www.sec.gov/Archives/edgar/data/97210/000009721095000010/0000097210-95-000010-index.html",
    "finalLink": "https://www.sec.gov/Archives/edgar/data/97210/"
  }
]