[
  {
    "date": "2025-06-30",
    "symbol": "TFC",
    "reportedCurrency": "USD",
    "cik": "0000092230",
    "fillingDate": "2025-06-30",
    "acceptedDate": "2025-06-29 20:00:00",
    "calendarYear": "2025",
    "period": "Q2",
    "revenue": 7554000000,
    "costOfRevenue": 3055000000,
    "grossProfit": 4499000000,
    "grossProfitRatio": 0.5955785015,
    "researchAndDevelopmentExpenses": 0,
    "generalAndAdministrativeExpenses": 1653000000,
    "sellingAndMarketingExpenses": 82000000,
    "sellingGeneralAndAdministrativeExpenses": 1735000000,
    "otherExpenses": 1251000000,
    "operatingExpenses": 2986000000,
    "costAndExpenses": 6041000000,
    "interestIncome": 6154000000,
    "interestExpense": 2567000000,
    "depreciationAndAmortization": 0,
    "ebitda": 1513000000,
    "ebitdaratio": 0.2002912364,
    "operatingIncome": 1513000000,
    "operatingIncomeRatio": 0.2002912364,
    "totalOtherIncomeExpensesNet": 0,
    "incomeBeforeTax": 1513000000,
    "incomeBeforeTaxRatio": 0.2002912364,
    "incomeTaxExpense": 273000000,
    "netIncome": 1240000000,
    "netIncomeRatio": 0.1641514429,
    "eps": 0.91,
    "epsdiluted": 0.9,
    "weightedAverageShsOut": 1292292000,
    "weightedAverageShsOutDil": 1305005000,
    "link": "https://www.sec.gov/Archives/edgar/data/92230/000009223025000118/tfc-20250718.htm",
    "finalLink": "https://www.sec.gov/Archives/edgar/data/92230/000009223025000118/tfc-20250718.htm"
  },
  {
    "date": "2025-03-31",
    "symbol": "TFC",
    "reportedCurrency": "USD",
    "cik": "0000092230",
    "fillingDate": "2025-04-30",
    "acceptedDate": "2025-04-30 16:39:14",
    "calendarYear": "2025",
    "period": "Q1",
    "revenue": 7380000000,
    "costOfRevenue": 2939000000,
    "grossProfit": 4441000000,
    "grossProfitRatio": 0.6017615176,
    "researchAndDevelopmentExpenses": 0,
    "generalAndAdministrativeExpenses": 1587000000,
    "sellingAndMarketingExpenses": 75000000,
    "sellingGeneralAndAdministrativeExpenses": 1662000000,
    "otherExpenses": 1244000000,
    "operatingExpenses": 2906000000,
    "costAndExpenses": 5845000000,
    "interestIncome": 5988000000,
    "interestExpense": 2481000000,
    "depreciationAndAmortization": 220000000,
    "ebitda": 1755000000,
    "ebitdaratio": 0.237804878,
    "operatingIncome": 1535000000,
    "operatingIncomeRatio": 0.2079945799,
    "totalOtherIncomeExpensesNet": 0,
    "incomeBeforeTax": 1535000000,
    "incomeBeforeTaxRatio": 0.2079945799,
    "incomeTaxExpense": 274000000,
    "netIncome": 1261000000,
    "netIncomeRatio": 0.1708672087,
    "eps": 0.88,
    "epsdiluted": 0.87,
    "weightedAverageShsOut": 1307457000,
    "weightedAverageShsOutDil": 1324339000,
    "link": "https://www.sec.gov/Archives/edgar/data/92230/000009223025000050/0000092230-25-000050-index.htm",
    "finalLink": "https://www.sec.gov/Archives/edgar/data/92230/000009223025000050/tfc-20250331.htm"
  },
  {
    "date": "2024-12-31",
    "symbol": "TFC",
    "reportedCurrency": "USD",
    "cik": "0000092230",
    "fillingDate": "2025-02-25",
    "acceptedDate": "2025-02-25 16:49:09",
    "calendarYear": "2024",
    "period": "Q4",
    "revenue": 7649000000,
    "costOfRevenue": 3060000000,
    "grossProfit": 4589000000,
    "grossProfitRatio": 0.5999477056,
    "researchAndDevelopmentExpenses": 0,
    "generalAndAdministrativeExpenses": 1587000000,
    "sellingAndMarketingExpenses": 74000000,
    "sellingGeneralAndAdministrativeExpenses": 1661000000,
    "otherExpenses": 1374000000,
    "operatingExpenses": 3035000000,
    "costAndExpenses": 6095000000,
    "interestIncome": 6179000000,
    "interestExpense": 2589000000,
    "depreciationAndAmortization": 237000000,
    "ebitda": 1791000000,
    "ebitdaratio": 0.2341482547,
    "operatingIncome": 1554000000,
    "operatingIncomeRatio": 0.2031638123,
    "totalOtherIncomeExpensesNet": 0,
    "incomeBeforeTax": 1554000000,
    "incomeBeforeTaxRatio": 0.2031638123,
    "incomeTaxExpense": 265000000,
    "netIncome": 1276000000,
    "netIncomeRatio": 0.1668191921,
    "eps": 0.92,
    "epsdiluted": 0.91,
    "weightedAverageShsOut": 1317017000,
    "weightedAverageShsOutDil": 1333701000,
    "link": "https://www.sec.gov/Archives/edgar/data/92230/000009223025000020/0000092230-25-000020-index.htm",
    "finalLink": "https://www.sec.gov/Archives/edgar/data/92230/000009223025000020/tfc-20241231.htm"
  },
  {
    "date": "2024-09-30",
    "symbol": "TFC",
    "reportedCurrency": "USD",
    "cik": "0000092230",
    "fillingDate": "2024-11-01",
    "acceptedDate": "2024-11-01 17:24:28",
    "calendarYear": "2024",
    "period": "Q3",
    "revenue": 7835000000,
    "costOfRevenue": 3198000000,
    "grossProfit": 4637000000,
    "grossProfitRatio": 0.5918315252,
    "researchAndDevelopmentExpenses": 0,
    "generalAndAdministrativeExpenses": 1628000000,
    "sellingAndMarketingExpenses": 75000000,
    "sellingGeneralAndAdministrativeExpenses": 1703000000,
    "otherExpenses": 1224000000,
    "operatingExpenses": 2927000000,
    "costAndExpenses": 6125000000,
    "interestIncome": 6352000000,
    "interestExpense": 2750000000,
    "depreciationAndAmortization": 229000000,
    "ebitda": 1939000000,
    "ebitdaratio": 0.2474792597,
    "operatingIncome": 1710000000,
    "operatingIncomeRatio": 0.2182514359,
    "totalOtherIncomeExpensesNet": 0,
    "incomeBeforeTax": 1710000000,
    "incomeBeforeTaxRatio": 0.2182514359,
    "incomeTaxExpense": 271000000,
    "netIncome": 1442000000,
    "netIncomeRatio": 0.1840459477,
    "eps": 1,
    "epsdiluted": 0.99,
    "weightedAverageShsOut": 1334212000,
    "weightedAverageShsOutDil": 1349129000,
    "link": "https://www.sec.gov/Archives/edgar/data/92230/000009223024000079/0000092230-24-000079-index.htm",
    "finalLink": "https://www.sec.gov/Archives/edgar/data/92230/000009223024000079/tfc-20240930.htm"
  },
  {
    "date": "2024-06-30",
    "symbol": "TFC",
    "reportedCurrency": "USD",
    "cik": "0000092230",
    "fillingDate": "2024-08-08",
    "acceptedDate": "2024-08-08 16:55:44",
    "calendarYear": "2024",
    "period": "Q2",
    "revenue": 1139000000,
    "costOfRevenue": 3275000000,
    "grossProfit": -2136000000,
    "grossProfitRatio": -1.8753292362,
    "researchAndDevelopmentExpenses": 0,
    "generalAndAdministrativeExpenses": 1661000000,
    "sellingAndMarketingExpenses": 63000000,
    "sellingGeneralAndAdministrativeExpenses": 1724000000,
    "otherExpenses": 1370000000,
    "operatingExpenses": 3094000000,
    "costAndExpenses": 6369000000,
    "interestIncome": 6351000000,
    "interestExpense": 2824000000,
    "depreciationAndAmortization": 240000000,
    "ebitda": -4990000000,
    "ebitdaratio": -4.3810359965,
    "operatingIncome": -5230000000,
    "operatingIncomeRatio": -4.5917471466,
    "totalOtherIncomeExpensesNet": 0,
    "incomeBeforeTax": -5230000000,
    "incomeBeforeTaxRatio": -4.5917471466,
    "incomeTaxExpense": -1324000000,
    "netIncome": 903000000,
    "netIncomeRatio": 0.7928007024,
    "eps": 0.62,
    "epsdiluted": 0.62,
    "weightedAverageShsOut": 1338149000,
    "weightedAverageShsOutDil": 1338149000,
    "link": "https://www.sec.gov/Archives/edgar/data/92230/000009223024000045/0000092230-24-000045-index.htm",
    "finalLink": "https://www.sec.gov/Archives/edgar/data/92230/000009223024000045/tfc-20240630.htm"
  },
  {
    "date": "2024-03-31",
    "symbol": "TFC",
    "reportedCurrency": "USD",
    "cik": "0000092230",
    "fillingDate": "2024-05-09",
    "acceptedDate": "2024-05-09 17:30:46",
    "calendarYear": "2024",
    "period": "Q1",
    "revenue": 7630000000,
    "costOfRevenue": 3312000000,
    "grossProfit": 4318000000,
    "grossProfitRatio": 0.5659239843,
    "researchAndDevelopmentExpenses": 0,
    "generalAndAdministrativeExpenses": 1630000000,
    "sellingAndMarketingExpenses": 56000000,
    "sellingGeneralAndAdministrativeExpenses": 1686000000,
    "otherExpenses": 1267000000,
    "operatingExpenses": 2953000000,
    "costAndExpenses": 6265000000,
    "interestIncome": 6184000000,
    "interestExpense": 2812000000,
    "depreciationAndAmortization": 273000000,
    "ebitda": 1638000000,
    "ebitdaratio": 0.2146788991,
    "operatingIncome": 1365000000,
    "operatingIncomeRatio": 0.1788990826,
    "totalOtherIncomeExpensesNet": 0,
    "incomeBeforeTax": 1365000000,
    "incomeBeforeTaxRatio": 0.1788990826,
    "incomeTaxExpense": 232000000,
    "netIncome": 1197000000,
    "netIncomeRatio": 0.1568807339,
    "eps": 0.82,
    "epsdiluted": 0.81,
    "weightedAverageShsOut": 1335091000,
    "weightedAverageShsOutDil": 1346904000,
    "link": "https://www.sec.gov/Archives/edgar/data/92230/000009223024000025/0000092230-24-000025-index.htm",
    "finalLink": "https://www.sec.gov/Archives/edgar/data/92230/000009223024000025/tfc-20240331.htm"
  },
  {
    "date": "2023-12-31",
    "symbol": "TFC",
    "reportedCurrency": "USD",
    "cik": "0000092230",
    "fillingDate": "2024-02-27",
    "acceptedDate": "2024-02-27 17:27:40",
    "calendarYear": "2023",
    "period": "Q4",
    "revenue": 8421000000,
    "costOfRevenue": 3295000000,
    "grossProfit": 5126000000,
    "grossProfitRatio": 0.6087163045,
    "researchAndDevelopmentExpenses": 0,
    "generalAndAdministrativeExpenses": 2017000000,
    "sellingAndMarketingExpenses": 62000000,
    "sellingGeneralAndAdministrativeExpenses": 2079000000,
    "otherExpenses": 8201000000,
    "operatingExpenses": 10280000000,
    "costAndExpenses": 13575000000,
    "interestIncome": 6266000000,
    "interestExpense": 2723000000,
    "depreciationAndAmortization": 296000000,
    "ebitda": -4858000000,
    "ebitdaratio": -0.5768911056,
    "operatingIncome": -5154000000,
    "operatingIncomeRatio": -0.6120413253,
    "totalOtherIncomeExpensesNet": 0,
    "incomeBeforeTax": -5154000000,
    "incomeBeforeTaxRatio": -0.6120413253,
    "incomeTaxExpense": -64000000,
    "netIncome": -5090000000,
    "netIncomeRatio": -0.6044412778,
    "eps": -3.87,
    "epsdiluted": -3.87,
    "weightedAverageShsOut": 1333703000,
    "weightedAverageShsOutDil": 1333703000,
    "link": "https://www.sec.gov/Archives/edgar/data/92230/000009223024000010/0000092230-24-000010-index.htm",
    "finalLink": "https://www.sec.gov/Archives/edgar/data/92230/000009223024000010/tfc-20231231.htm"
  },
  {
    "date": "2023-09-30",
    "symbol": "TFC",
    "reportedCurrency": "USD",
    "cik": "0000092230",
    "fillingDate": "2023-10-31",
    "acceptedDate": "2023-10-30 19:54:30",
    "calendarYear": "2023",
    "period": "Q3",
    "revenue": 7561000000,
    "costOfRevenue": 3189000000,
    "grossProfit": 4372000000,
    "grossProfitRatio": 0.5782303928,
    "researchAndDevelopmentExpenses": 0,
    "generalAndAdministrativeExpenses": 1669000000,
    "sellingAndMarketingExpenses": 70000000,
    "sellingGeneralAndAdministrativeExpenses": 1739000000,
    "otherExpenses": 1321000000,
    "operatingExpenses": 3060000000,
    "costAndExpenses": 6249000000,
    "interestIncome": 6227000000,
    "interestExpense": 2692000000,
    "depreciationAndAmortization": 302000000,
    "ebitda": 1614000000,
    "ebitdaratio": 0.2134638275,
    "operatingIncome": 1312000000,
    "operatingIncomeRatio": 0.1735220209,
    "totalOtherIncomeExpensesNet": 0,
    "incomeBeforeTax": 1312000000,
    "incomeBeforeTaxRatio": 0.1735220209,
    "incomeTaxExpense": 203000000,
    "netIncome": 1177000000,
    "netIncomeRatio": 0.1556672398,
    "eps": 0.8,
    "epsdiluted": 0.8,
    "weightedAverageShsOut": 1333522000,
    "weightedAverageShsOutDil": 1340574000,
    "link": "https://www.sec.gov/Archives/edgar/data/92230/000009223023000084/0000092230-23-000084-index.htm",
    "finalLink": "https://www.sec.gov/Archives/edgar/data/92230/000009223023000084/tfc-20230930.htm"
  },
  {
    "date": "2023-06-30",
    "symbol": "TFC",
    "reportedCurrency": "USD",
    "cik": "0000092230",
    "fillingDate": "2023-07-31",
    "acceptedDate": "2023-07-31 16:41:31",
    "calendarYear": "2023",
    "period": "Q2",
    "revenue": 7555000000,
    "costOfRevenue": 3110000000,
    "grossProfit": 4445000000,
    "grossProfitRatio": 0.5883520847,
    "researchAndDevelopmentExpenses": 0,
    "generalAndAdministrativeExpenses": 1705000000,
    "sellingAndMarketingExpenses": 69000000,
    "sellingGeneralAndAdministrativeExpenses": 1774000000,
    "otherExpenses": 1272000000,
    "operatingExpenses": 3046000000,
    "costAndExpenses": 6156000000,
    "interestIncome": 6175000000,
    "interestExpense": 2572000000,
    "depreciationAndAmortization": 301000000,
    "ebitda": 1700000000,
    "ebitdaratio": 0.2250165453,
    "operatingIncome": 1399000000,
    "operatingIncomeRatio": 0.1851753805,
    "totalOtherIncomeExpensesNet": 0,
    "incomeBeforeTax": 1399000000,
    "incomeBeforeTaxRatio": 0.1851753805,
    "incomeTaxExpense": 230000000,
    "netIncome": 1309000000,
    "netIncomeRatio": 0.1732627399,
    "eps": 0.93,
    "epsdiluted": 0.92,
    "weightedAverageShsOut": 1331953000,
    "weightedAverageShsOutDil": 1337307000,
    "link": "https://www.sec.gov/Archives/edgar/data/92230/000009223023000067/0000092230-23-000067-index.htm",
    "finalLink": "https://www.sec.gov/Archives/edgar/data/92230/000009223023000067/tfc-20230630.htm"
  },
  {
    "date": "2023-03-31",
    "symbol": "TFC",
    "reportedCurrency": "USD",
    "cik": "0000092230",
    "fillingDate": "2023-05-01",
    "acceptedDate": "2023-05-01 16:31:37",
    "calendarYear": "2023",
    "period": "Q1",
    "revenue": 7205000000,
    "costOfRevenue": 2419000000,
    "grossProfit": 4786000000,
    "grossProfitRatio": 0.6642609299,
    "researchAndDevelopmentExpenses": 0,
    "generalAndAdministrativeExpenses": 1668000000,
    "sellingAndMarketingExpenses": 68000000,
    "sellingGeneralAndAdministrativeExpenses": 1736000000,
    "otherExpenses": 1279000000,
    "operatingExpenses": 3015000000,
    "costAndExpenses": 5434000000,
    "interestIncome": 5784000000,
    "interestExpense": 1917000000,
    "depreciationAndAmortization": 316000000,
    "ebitda": 2087000000,
    "ebitdaratio": 0.2896599584,
    "operatingIncome": 1771000000,
    "operatingIncomeRatio": 0.2458015267,
    "totalOtherIncomeExpensesNet": 0,
    "incomeBeforeTax": 1771000000,
    "incomeBeforeTaxRatio": 0.2458015267,
    "incomeTaxExpense": 361000000,
    "netIncome": 1513000000,
    "netIncomeRatio": 0.2099930604,
    "eps": 1.06,
    "epsdiluted": 1.05,
    "weightedAverageShsOut": 1328602000,
    "weightedAverageShsOutDil": 1339480000,
    "link": "https://www.sec.gov/Archives/edgar/data/92230/000009223023000047/0000092230-23-000047-index.htm",
    "finalLink": "https://www.sec.gov/Archives/edgar/data/92230/000009223023000047/tfc-20230331.htm"
  },
  {
    "date": "2022-12-31",
    "symbol": "TFC",
    "reportedCurrency": "USD",
    "cik": "0000092230",
    "fillingDate": "2023-02-28",
    "acceptedDate": "2023-02-28 16:47:54",
    "calendarYear": "2022",
    "period": "Q4",
    "revenue": 7539000000,
    "costOfRevenue": 1724000000,
    "grossProfit": 5815000000,
    "grossProfitRatio": 0.7713224566,
    "researchAndDevelopmentExpenses": 0,
    "generalAndAdministrativeExpenses": 2198000000,
    "sellingAndMarketingExpenses": 70000000,
    "sellingGeneralAndAdministrativeExpenses": 2268000000,
    "otherExpenses": 1528000000,
    "operatingExpenses": 3796000000,
    "costAndExpenses": 5520000000,
    "interestIncome": 5238000000,
    "interestExpense": 1257000000,
    "depreciationAndAmortization": 365000000,
    "ebitda": 2384000000,
    "ebitdaratio": 0.3162223107,
    "operatingIncome": 2019000000,
    "operatingIncomeRatio": 0.2678074015,
    "totalOtherIncomeExpensesNet": 0,
    "incomeBeforeTax": 2019000000,
    "incomeBeforeTaxRatio": 0.2678074015,
    "incomeTaxExpense": 337000000,
    "netIncome": 1681000000,
    "netIncomeRatio": 0.2229738692,
    "eps": 1.21,
    "epsdiluted": 1.2,
    "weightedAverageShsOut": 1326787000,
    "weightedAverageShsOutDil": 1337338000,
    "link": "https://www.sec.gov/Archives/edgar/data/92230/000009223023000034/0000092230-23-000034-index.htm",
    "finalLink": "https://www.sec.gov/Archives/edgar/data/92230/000009223023000034/tfc-20221231.htm"
  },
  {
    "date": "2022-09-30",
    "symbol": "TFC",
    "reportedCurrency": "USD",
    "cik": "0000092230",
    "fillingDate": "2022-10-31",
    "acceptedDate": "2022-10-31 16:41:56",
    "calendarYear": "2022",
    "period": "Q3",
    "revenue": 6471000000,
    "costOfRevenue": 858000000,
    "grossProfit": 5613000000,
    "grossProfitRatio": 0.8674084376,
    "researchAndDevelopmentExpenses": 0,
    "generalAndAdministrativeExpenses": 2116000000,
    "sellingAndMarketingExpenses": 105000000,
    "sellingGeneralAndAdministrativeExpenses": 2221000000,
    "otherExpenses": 1392000000,
    "operatingExpenses": 3613000000,
    "costAndExpenses": 4471000000,
    "interestIncome": 4369000000,
    "interestExpense": 624000000,
    "depreciationAndAmortization": 324000000,
    "ebitda": 2324000000,
    "ebitdaratio": 0.359140782,
    "operatingIncome": 2000000000,
    "operatingIncomeRatio": 0.3090712409,
    "totalOtherIncomeExpensesNet": 0,
    "incomeBeforeTax": 2000000000,
    "incomeBeforeTaxRatio": 0.3090712409,
    "incomeTaxExpense": 363000000,
    "netIncome": 1633000000,
    "netIncomeRatio": 0.2523566682,
    "eps": 1.16,
    "epsdiluted": 1.15,
    "weightedAverageShsOut": 1326539000,
    "weightedAverageShsOutDil": 1336659000,
    "link": "https://www.sec.gov/Archives/edgar/data/92230/000009223022000110/0000092230-22-000110-index.htm",
    "finalLink": "https://www.sec.gov/Archives/edgar/data/92230/000009223022000110/tfc-20220930.htm"
  },
  {
    "date": "2022-06-30",
    "symbol": "TFC",
    "reportedCurrency": "USD",
    "cik": "0000092230",
    "fillingDate": "2022-08-01",
    "acceptedDate": "2022-08-01 16:59:15",
    "calendarYear": "2022",
    "period": "Q2",
    "revenue": 5921000000,
    "costOfRevenue": 437000000,
    "grossProfit": 5484000000,
    "grossProfitRatio": 0.9261948995,
    "researchAndDevelopmentExpenses": 0,
    "generalAndAdministrativeExpenses": 2102000000,
    "sellingAndMarketingExpenses": 93000000,
    "sellingGeneralAndAdministrativeExpenses": 2195000000,
    "otherExpenses": 1385000000,
    "operatingExpenses": 3580000000,
    "costAndExpenses": 4017000000,
    "interestIncome": 3673000000,
    "interestExpense": 266000000,
    "depreciationAndAmortization": 345000000,
    "ebitda": 2249000000,
    "ebitdaratio": 0.3798344874,
    "operatingIncome": 1904000000,
    "operatingIncomeRatio": 0.3215673028,
    "totalOtherIncomeExpensesNet": 0,
    "incomeBeforeTax": 1904000000,
    "incomeBeforeTaxRatio": 0.3215673028,
    "incomeTaxExpense": 372000000,
    "netIncome": 1531000000,
    "netIncomeRatio": 0.2585711873,
    "eps": 1.09,
    "epsdiluted": 1.09,
    "weightedAverageShsOut": 1330160000,
    "weightedAverageShsOutDil": 1338864000,
    "link": "https://www.sec.gov/Archives/edgar/data/92230/000009223022000083/0000092230-22-000083-index.htm",
    "finalLink": "https://www.sec.gov/Archives/edgar/data/92230/000009223022000083/tfc-20220630.htm"
  },
  {
    "date": "2022-03-31",
    "symbol": "TFC",
    "reportedCurrency": "USD",
    "cik": "0000092230",
    "fillingDate": "2022-05-05",
    "acceptedDate": "2022-05-04 17:33:37",
    "calendarYear": "2022",
    "period": "Q1",
    "revenue": 5499000000,
    "costOfRevenue": 79000000,
    "grossProfit": 5420000000,
    "grossProfitRatio": 0.9856337516,
    "researchAndDevelopmentExpenses": 0,
    "generalAndAdministrativeExpenses": 2051000000,
    "sellingAndMarketingExpenses": 84000000,
    "sellingGeneralAndAdministrativeExpenses": 2135000000,
    "otherExpenses": 1539000000,
    "operatingExpenses": 3674000000,
    "costAndExpenses": 3753000000,
    "interestIncome": 3357000000,
    "interestExpense": 174000000,
    "depreciationAndAmortization": 332000000,
    "ebitda": 2078000000,
    "ebitdaratio": 0.3778868885,
    "operatingIncome": 1746000000,
    "operatingIncomeRatio": 0.317512275,
    "totalOtherIncomeExpensesNet": 0,
    "incomeBeforeTax": 1746000000,
    "incomeBeforeTaxRatio": 0.317512275,
    "incomeTaxExpense": 330000000,
    "netIncome": 1415000000,
    "netIncomeRatio": 0.2573195126,
    "eps": 1,
    "epsdiluted": 0.99,
    "weightedAverageShsOut": 1329037000,
    "weightedAverageShsOutDil": 1341563000,
    "link": "https://www.sec.gov/Archives/edgar/data/92230/000009223022000057/0000092230-22-000057-index.htm",
    "finalLink": "https://www.sec.gov/Archives/edgar/data/92230/000009223022000057/tfc-20220331.htm"
  },
  {
    "date": "2021-12-31",
    "symbol": "TFC",
    "reportedCurrency": "USD",
    "cik": "0000092230",
    "fillingDate": "2022-02-23",
    "acceptedDate": "2022-02-22 17:33:55",
    "calendarYear": "2021",
    "period": "Q4",
    "revenue": 5697000000,
    "costOfRevenue": 65000000,
    "grossProfit": 5632000000,
    "grossProfitRatio": 0.9885904862,
    "researchAndDevelopmentExpenses": 0,
    "generalAndAdministrativeExpenses": 2096000000,
    "sellingAndMarketingExpenses": 68000000,
    "sellingGeneralAndAdministrativeExpenses": 2164000000,
    "otherExpenses": 1499000000,
    "operatingExpenses": 3663000000,
    "costAndExpenses": 3728000000,
    "interestIncome": 3411000000,
    "interestExpense": 168000000,
    "depreciationAndAmortization": 343000000,
    "ebitda": 2312000000,
    "ebitdaratio": 0.4058276286,
    "operatingIncome": 1969000000,
    "operatingIncomeRatio": 0.345620502,
    "totalOtherIncomeExpensesNet": 0,
    "incomeBeforeTax": 1969000000,
    "incomeBeforeTaxRatio": 0.345620502,
    "incomeTaxExpense": 367000000,
    "netIncome": 1602000000,
    "netIncomeRatio": 0.2812006319,
    "eps": 1.15,
    "epsdiluted": 1.13,
    "weightedAverageShsOut": 1329979000,
    "weightedAverageShsOutDil": 1343029000,
    "link": "https://www.sec.gov/Archives/edgar/data/92230/000009223022000008/0000092230-22-000008-index.htm",
    "finalLink": "https://www.sec.gov/Archives/edgar/data/92230/000009223022000008/tfc-20211231.htm"
  },
  {
    "date": "2021-09-30",
    "symbol": "TFC",
    "reportedCurrency": "USD",
    "cik": "0000092230",
    "fillingDate": "2021-11-02",
    "acceptedDate": "2021-11-01 18:26:04",
    "calendarYear": "2021",
    "period": "Q3",
    "revenue": 5791000000,
    "costOfRevenue": -131000000,
    "grossProfit": 5922000000,
    "grossProfitRatio": 1.0226213089,
    "researchAndDevelopmentExpenses": 0,
    "generalAndAdministrativeExpenses": 2187000000,
    "sellingAndMarketingExpenses": 94000000,
    "sellingGeneralAndAdministrativeExpenses": 2281000000,
    "otherExpenses": 1514000000,
    "operatingExpenses": 3795000000,
    "costAndExpenses": 3664000000,
    "interestIncome": 3426000000,
    "interestExpense": 193000000,
    "depreciationAndAmortization": 354000000,
    "ebitda": 2481000000,
    "ebitdaratio": 0.4284234156,
    "operatingIncome": 2127000000,
    "operatingIncomeRatio": 0.367294077,
    "totalOtherIncomeExpensesNet": 0,
    "incomeBeforeTax": 2127000000,
    "incomeBeforeTaxRatio": 0.367294077,
    "incomeTaxExpense": 423000000,
    "netIncome": 1704000000,
    "netIncomeRatio": 0.2942496978,
    "eps": 1.21,
    "epsdiluted": 1.2,
    "weightedAverageShsOut": 1334825000,
    "weightedAverageShsOutDil": 1346854000,
    "link": "https://www.sec.gov/Archives/edgar/data/92230/000009223021000078/0000092230-21-000078-index.htm",
    "finalLink": "https://www.sec.gov/Archives/edgar/data/92230/000009223021000078/tfc-20210930.htm"
  },
  {
    "date": "2021-06-30",
    "symbol": "TFC",
    "reportedCurrency": "USD",
    "cik": "0000092230",
    "fillingDate": "2021-08-06",
    "acceptedDate": "2021-08-06 16:30:55",
    "calendarYear": "2021",
    "period": "Q2",
    "revenue": 5848000000,
    "costOfRevenue": -236000000,
    "grossProfit": 6084000000,
    "grossProfitRatio": 1.0403556772,
    "researchAndDevelopmentExpenses": 0,
    "generalAndAdministrativeExpenses": 2207000000,
    "sellingAndMarketingExpenses": 66000000,
    "sellingGeneralAndAdministrativeExpenses": 2273000000,
    "otherExpenses": 1738000000,
    "operatingExpenses": 4011000000,
    "costAndExpenses": 3775000000,
    "interestIncome": 3443000000,
    "interestExpense": 198000000,
    "depreciationAndAmortization": 342000000,
    "ebitda": 2415000000,
    "ebitdaratio": 0.4129616963,
    "operatingIncome": 2073000000,
    "operatingIncomeRatio": 0.3544801642,
    "totalOtherIncomeExpensesNet": 0,
    "incomeBeforeTax": 2073000000,
    "incomeBeforeTaxRatio": 0.3544801642,
    "incomeTaxExpense": 415000000,
    "netIncome": 1657000000,
    "netIncomeRatio": 0.2833447332,
    "eps": 1.16,
    "epsdiluted": 1.16,
    "weightedAverageShsOut": 1343966000,
    "weightedAverageShsOutDil": 1349492000,
    "link": "https://www.sec.gov/Archives/edgar/data/92230/000009223021000063/0000092230-21-000063-index.htm",
    "finalLink": "https://www.sec.gov/Archives/edgar/data/92230/000009223021000063/tfc-20210630.htm"
  },
  {
    "date": "2021-03-31",
    "symbol": "TFC",
    "reportedCurrency": "USD",
    "cik": "0000092230",
    "fillingDate": "2021-05-03",
    "acceptedDate": "2021-05-03 16:44:13",
    "calendarYear": "2021",
    "period": "Q1",
    "revenue": 5655000000,
    "costOfRevenue": 257000000,
    "grossProfit": 5398000000,
    "grossProfitRatio": 0.9545534925,
    "researchAndDevelopmentExpenses": 0,
    "generalAndAdministrativeExpenses": 2142000000,
    "sellingAndMarketingExpenses": 66000000,
    "sellingGeneralAndAdministrativeExpenses": 2208000000,
    "otherExpenses": 1366000000,
    "operatingExpenses": 3574000000,
    "costAndExpenses": 3831000000,
    "interestIncome": 3494000000,
    "interestExpense": 209000000,
    "depreciationAndAmortization": 345000000,
    "ebitda": 2169000000,
    "ebitdaratio": 0.3835543767,
    "operatingIncome": 1824000000,
    "operatingIncomeRatio": 0.3225464191,
    "totalOtherIncomeExpensesNet": 0,
    "incomeBeforeTax": 1824000000,
    "incomeBeforeTaxRatio": 0.3225464191,
    "incomeTaxExpense": 351000000,
    "netIncome": 1477000000,
    "netIncomeRatio": 0.2611847922,
    "eps": 0.99,
    "epsdiluted": 0.98,
    "weightedAverageShsOut": 1345666000,
    "weightedAverageShsOutDil": 1358932000,
    "link": "https://www.sec.gov/Archives/edgar/data/92230/000009223021000044/0000092230-21-000044-index.htm",
    "finalLink": "https://www.sec.gov/Archives/edgar/data/92230/000009223021000044/tfc-20210331.htm"
  },
  {
    "date": "2020-12-31",
    "symbol": "TFC",
    "reportedCurrency": "USD",
    "cik": "0000092230",
    "fillingDate": "2021-02-24",
    "acceptedDate": "2021-02-24 08:41:32",
    "calendarYear": "2020",
    "period": "Q4",
    "revenue": 5896000000,
    "costOfRevenue": 422000000,
    "grossProfit": 5474000000,
    "grossProfitRatio": 0.9284260516,
    "researchAndDevelopmentExpenses": 0,
    "generalAndAdministrativeExpenses": 2108000000,
    "sellingAndMarketingExpenses": 58000000,
    "sellingGeneralAndAdministrativeExpenses": 2166000000,
    "otherExpenses": 1667000000,
    "operatingExpenses": 3833000000,
    "costAndExpenses": 4255000000,
    "interestIncome": 3611000000,
    "interestExpense": 245000000,
    "depreciationAndAmortization": 401000000,
    "ebitda": 2042000000,
    "ebitdaratio": 0.3463364993,
    "operatingIncome": 1641000000,
    "operatingIncomeRatio": 0.2783242877,
    "totalOtherIncomeExpensesNet": 0,
    "incomeBeforeTax": 1641000000,
    "incomeBeforeTaxRatio": 0.2783242877,
    "incomeTaxExpense": 311000000,
    "netIncome": 1329000000,
    "netIncomeRatio": 0.2254070556,
    "eps": 0.91,
    "epsdiluted": 0.9,
    "weightedAverageShsOut": 1348493000,
    "weightedAverageShsOutDil": 1361763000,
    "link": "https://www.sec.gov/Archives/edgar/data/92230/000009223021000032/0000092230-21-000032-index.htm",
    "finalLink": "https://www.sec.gov/Archives/edgar/data/92230/000009223021000032/tfc-20201231.htm"
  },
  {
    "date": "2020-09-30",
    "symbol": "TFC",
    "reportedCurrency": "USD",
    "cik": "0000092230",
    "fillingDate": "2020-11-02",
    "acceptedDate": "2020-11-02 16:45:11",
    "calendarYear": "2020",
    "period": "Q3",
    "revenue": 5833000000,
    "costOfRevenue": 682000000,
    "grossProfit": 5151000000,
    "grossProfitRatio": 0.8830790331,
    "researchAndDevelopmentExpenses": 0,
    "generalAndAdministrativeExpenses": 2058000000,
    "sellingAndMarketingExpenses": 75000000,
    "sellingGeneralAndAdministrativeExpenses": 2133000000,
    "otherExpenses": 1622000000,
    "operatingExpenses": 3755000000,
    "costAndExpenses": 4437000000,
    "interestIncome": 3623000000,
    "interestExpense": 261000000,
    "depreciationAndAmortization": 388000000,
    "ebitda": 1784000000,
    "ebitdaratio": 0.3058460483,
    "operatingIncome": 1396000000,
    "operatingIncomeRatio": 0.2393279616,
    "totalOtherIncomeExpensesNet": 0,
    "incomeBeforeTax": 1396000000,
    "incomeBeforeTaxRatio": 0.2393279616,
    "incomeTaxExpense": 255000000,
    "netIncome": 1138000000,
    "netIncomeRatio": 0.1950968627,
    "eps": 0.79,
    "epsdiluted": 0.79,
    "weightedAverageShsOut": 1347916000,
    "weightedAverageShsOutDil": 1358122000,
    "link": "https://www.sec.gov/Archives/edgar/data/92230/000009223020000114/0000092230-20-000114-index.htm",
    "finalLink": "https://www.sec.gov/Archives/edgar/data/92230/000009223020000114/tfc-20200930.htm"
  },
  {
    "date": "2020-06-30",
    "symbol": "TFC",
    "reportedCurrency": "USD",
    "cik": "0000092230",
    "fillingDate": "2020-08-04",
    "acceptedDate": "2020-08-03 21:37:06",
    "calendarYear": "2020",
    "period": "Q2",
    "revenue": 6311000000,
    "costOfRevenue": 1284000000,
    "grossProfit": 5027000000,
    "grossProfitRatio": 0.7965457138,
    "researchAndDevelopmentExpenses": 0,
    "generalAndAdministrativeExpenses": 2008000000,
    "sellingAndMarketingExpenses": 56000000,
    "sellingGeneralAndAdministrativeExpenses": 2064000000,
    "otherExpenses": 1814000000,
    "operatingExpenses": 3878000000,
    "costAndExpenses": 5162000000,
    "interestIncome": 3888000000,
    "interestExpense": 440000000,
    "depreciationAndAmortization": 420000000,
    "ebitda": 1569000000,
    "ebitdaratio": 0.2486135319,
    "operatingIncome": 1149000000,
    "operatingIncomeRatio": 0.1820630645,
    "totalOtherIncomeExpensesNet": 0,
    "incomeBeforeTax": 1149000000,
    "incomeBeforeTaxRatio": 0.1820630645,
    "incomeTaxExpense": 191000000,
    "netIncome": 955000000,
    "netIncomeRatio": 0.1513230867,
    "eps": 0.67,
    "epsdiluted": 0.67,
    "weightedAverageShsOut": 1347512000,
    "weightedAverageShsOutDil": 1355834000,
    "link": "https://www.sec.gov/Archives/edgar/data/92230/000009223020000099/0000092230-20-000099-index.htm",
    "finalLink": "https://www.sec.gov/Archives/edgar/data/92230/000009223020000099/tfc-20200630.htm"
  },
  {
    "date": "2020-03-31",
    "symbol": "TFC",
    "reportedCurrency": "USD",
    "cik": "0000092230",
    "fillingDate": "2020-05-08",
    "acceptedDate": "2020-05-08 17:08:36",
    "calendarYear": "2020",
    "period": "Q1",
    "revenue": 6387000000,
    "costOfRevenue": 1669000000,
    "grossProfit": 4718000000,
    "grossProfitRatio": 0.7386879599,
    "researchAndDevelopmentExpenses": 0,
    "generalAndAdministrativeExpenses": 1972000000,
    "sellingAndMarketingExpenses": 84000000,
    "sellingGeneralAndAdministrativeExpenses": 2056000000,
    "otherExpenses": 1375000000,
    "operatingExpenses": 3431000000,
    "costAndExpenses": 5100000000,
    "interestIncome": 4426000000,
    "interestExpense": 776000000,
    "depreciationAndAmortization": 399000000,
    "ebitda": 1686000000,
    "ebitdaratio": 0.2639736966,
    "operatingIncome": 1287000000,
    "operatingIncomeRatio": 0.2015030531,
    "totalOtherIncomeExpensesNet": 0,
    "incomeBeforeTax": 1287000000,
    "incomeBeforeTaxRatio": 0.2015030531,
    "incomeTaxExpense": 224000000,
    "netIncome": 1060000000,
    "netIncomeRatio": 0.1659621105,
    "eps": 0.73,
    "epsdiluted": 0.73,
    "weightedAverageShsOut": 1350685000,
    "weightedAverageShsOutDil": 1357545000,
    "link": "https://www.sec.gov/Archives/edgar/data/92230/000009223020000060/0000092230-20-000060-index.htm",
    "finalLink": "https://www.sec.gov/Archives/edgar/data/92230/000009223020000060/tfc-20200331.htm"
  },
  {
    "date": "2019-12-31",
    "symbol": "TFC",
    "reportedCurrency": "USD",
    "cik": "0000092230",
    "fillingDate": "2020-03-03",
    "acceptedDate": "2020-03-02 19:20:56",
    "calendarYear": "2019",
    "period": "Q4",
    "revenue": 4210000000,
    "costOfRevenue": 756000000,
    "grossProfit": 3454000000,
    "grossProfitRatio": 0.8204275534,
    "researchAndDevelopmentExpenses": 0,
    "generalAndAdministrativeExpenses": 1465000000,
    "sellingAndMarketingExpenses": 137000000,
    "sellingGeneralAndAdministrativeExpenses": 1602000000,
    "otherExpenses": 973000000,
    "operatingExpenses": 2575000000,
    "costAndExpenses": 3331000000,
    "interestIncome": 2812000000,
    "interestExpense": 585000000,
    "depreciationAndAmortization": 213000000,
    "ebitda": 1092000000,
    "ebitdaratio": 0.2593824228,
    "operatingIncome": 879000000,
    "operatingIncomeRatio": 0.2087885986,
    "totalOtherIncomeExpensesNet": 0,
    "incomeBeforeTax": 879000000,
    "incomeBeforeTaxRatio": 0.2087885986,
    "incomeTaxExpense": 153000000,
    "netIncome": 721000000,
    "netIncomeRatio": 0.1712589074,
    "eps": 0.76,
    "epsdiluted": 0.75,
    "weightedAverageShsOut": 922840000,
    "weightedAverageShsOutDil": 934718000,
    "link": "https://www.sec.gov/Archives/edgar/data/92230/000009223020000045/0000092230-20-000045-index.htm",
    "finalLink": "https://www.sec.gov/Archives/edgar/data/92230/000009223020000045/tfc-20191231.htm"
  },
  {
    "date": "2019-09-30",
    "symbol": "TFC",
    "reportedCurrency": "USD",
    "cik": "0000092230",
    "fillingDate": "2019-10-25",
    "acceptedDate": "2019-10-25 16:39:58",
    "calendarYear": "2019",
    "period": "Q3",
    "revenue": 3521000000,
    "costOfRevenue": 635000000,
    "grossProfit": 2886000000,
    "grossProfitRatio": 0.8196535075,
    "researchAndDevelopmentExpenses": 0,
    "generalAndAdministrativeExpenses": 1161000000,
    "sellingAndMarketingExpenses": 36000000,
    "sellingGeneralAndAdministrativeExpenses": 1197000000,
    "otherExpenses": 643000000,
    "operatingExpenses": 1840000000,
    "costAndExpenses": 2475000000,
    "interestIncome": 2218000000,
    "interestExpense": 518000000,
    "depreciationAndAmortization": 141000000,
    "ebitda": 1187000000,
    "ebitdaratio": 0.3371201363,
    "operatingIncome": 1046000000,
    "operatingIncomeRatio": 0.2970746947,
    "totalOtherIncomeExpensesNet": 0,
    "incomeBeforeTax": 1046000000,
    "incomeBeforeTaxRatio": 0.2970746947,
    "incomeTaxExpense": 218000000,
    "netIncome": 825000000,
    "netIncomeRatio": 0.2343084351,
    "eps": 0.96,
    "epsdiluted": 0.95,
    "weightedAverageShsOut": 766167000,
    "weightedAverageShsOutDil": 775791000,
    "link": "https://www.sec.gov/Archives/edgar/data/92230/000009223019000058/0000092230-19-000058-index.htm",
    "finalLink": "https://www.sec.gov/Archives/edgar/data/92230/000009223019000058/form10-q3q19.htm"
  },
  {
    "date": "2019-06-30",
    "symbol": "TFC",
    "reportedCurrency": "USD",
    "cik": "0000092230",
    "fillingDate": "2019-07-31",
    "acceptedDate": "2019-07-30 18:16:41",
    "calendarYear": "2019",
    "period": "Q2",
    "revenue": 3558000000,
    "costOfRevenue": 688000000,
    "grossProfit": 2870000000,
    "grossProfitRatio": 0.8066329399,
    "researchAndDevelopmentExpenses": 0,
    "generalAndAdministrativeExpenses": 1120000000,
    "sellingAndMarketingExpenses": 29000000,
    "sellingGeneralAndAdministrativeExpenses": 1149000000,
    "otherExpenses": 602000000,
    "operatingExpenses": 1751000000,
    "costAndExpenses": 2439000000,
    "interestIncome": 2206000000,
    "interestExpense": 516000000,
    "depreciationAndAmortization": 139000000,
    "ebitda": 1258000000,
    "ebitdaratio": 0.353569421,
    "operatingIncome": 1119000000,
    "operatingIncomeRatio": 0.3145025295,
    "totalOtherIncomeExpensesNet": 0,
    "incomeBeforeTax": 1119000000,
    "incomeBeforeTaxRatio": 0.3145025295,
    "incomeTaxExpense": 234000000,
    "netIncome": 886000000,
    "netIncomeRatio": 0.2490163013,
    "eps": 1.1,
    "epsdiluted": 1.09,
    "weightedAverageShsOut": 765958000,
    "weightedAverageShsOutDil": 774603000,
    "link": "https://www.sec.gov/Archives/edgar/data/92230/000009223019000046/0000092230-19-000046-index.htm",
    "finalLink": "https://www.sec.gov/Archives/edgar/data/92230/000009223019000046/form10-q2q19.htm"
  },
  {
    "date": "2019-03-31",
    "symbol": "TFC",
    "reportedCurrency": "USD",
    "cik": "0000092230",
    "fillingDate": "2019-04-30",
    "acceptedDate": "2019-04-29 18:39:46",
    "calendarYear": "2019",
    "period": "Q1",
    "revenue": 3375000000,
    "costOfRevenue": 632000000,
    "grossProfit": 2743000000,
    "grossProfitRatio": 0.8127407407,
    "researchAndDevelopmentExpenses": 0,
    "generalAndAdministrativeExpenses": 1087000000,
    "sellingAndMarketingExpenses": 27000000,
    "sellingGeneralAndAdministrativeExpenses": 1114000000,
    "otherExpenses": 654000000,
    "operatingExpenses": 1768000000,
    "costAndExpenses": 2400000000,
    "interestIncome": 2173000000,
    "interestExpense": 477000000,
    "depreciationAndAmortization": 137000000,
    "ebitda": 1112000000,
    "ebitdaratio": 0.3294814815,
    "operatingIncome": 975000000,
    "operatingIncomeRatio": 0.2888888889,
    "totalOtherIncomeExpensesNet": 0,
    "incomeBeforeTax": 975000000,
    "incomeBeforeTaxRatio": 0.2888888889,
    "incomeTaxExpense": 177000000,
    "netIncome": 792000000,
    "netIncomeRatio": 0.2346666667,
    "eps": 0.98,
    "epsdiluted": 0.97,
    "weightedAverageShsOut": 764135000,
    "weightedAverageShsOutDil": 774071000,
    "link": "https://www.sec.gov/Archives/edgar/data/92230/000009223019000027/0000092230-19-000027-index.htm",
    "finalLink": "https://www.sec.gov/Archives/edgar/data/92230/000009223019000027/form10-q1q19.htm"
  },
  {
    "date": "2018-12-31",
    "symbol": "TFC",
    "reportedCurrency": "USD",
    "cik": "0000092230",
    "fillingDate": "2019-02-26",
    "acceptedDate": "2019-02-26 17:11:54",
    "calendarYear": "2018",
    "period": "Q4",
    "revenue": 3371000000,
    "costOfRevenue": 577000000,
    "grossProfit": 2794000000,
    "grossProfitRatio": 0.8288341738,
    "researchAndDevelopmentExpenses": 0,
    "generalAndAdministrativeExpenses": 1096000000,
    "sellingAndMarketingExpenses": 0,
    "sellingGeneralAndAdministrativeExpenses": 1096000000,
    "otherExpenses": 688000000,
    "operatingExpenses": 1784000000,
    "costAndExpenses": 2361000000,
    "interestIncome": 2136000000,
    "interestExpense": 431000000,
    "depreciationAndAmortization": 142000000,
    "ebitda": 1152000000,
    "ebitdaratio": 0.3417383566,
    "operatingIncome": 1010000000,
    "operatingIncomeRatio": 0.2996143578,
    "totalOtherIncomeExpensesNet": 0,
    "incomeBeforeTax": 1010000000,
    "incomeBeforeTaxRatio": 0.2996143578,
    "incomeTaxExpense": 205000000,
    "netIncome": 798000000,
    "netIncomeRatio": 0.2367250074,
    "eps": 0.99,
    "epsdiluted": 0.97,
    "weightedAverageShsOut": 765013000,
    "weightedAverageShsOutDil": 775402000,
    "link": "https://www.sec.gov/Archives/edgar/data/92230/000009223019000017/0000092230-19-000017-index.htm",
    "finalLink": "https://www.sec.gov/Archives/edgar/data/92230/000009223019000017/form10-k_4q18.htm"
  },
  {
    "date": "2018-09-30",
    "symbol": "TFC",
    "reportedCurrency": "USD",
    "cik": "0000092230",
    "fillingDate": "2018-10-26",
    "acceptedDate": "2018-10-26 08:24:41",
    "calendarYear": "2018",
    "period": "Q3",
    "revenue": 3308000000,
    "costOfRevenue": 517000000,
    "grossProfit": 2791000000,
    "grossProfitRatio": 0.8437122128,
    "researchAndDevelopmentExpenses": 0,
    "generalAndAdministrativeExpenses": 1104000000,
    "sellingAndMarketingExpenses": 0,
    "sellingGeneralAndAdministrativeExpenses": 1104000000,
    "otherExpenses": 638000000,
    "operatingExpenses": 1742000000,
    "costAndExpenses": 2259000000,
    "interestIncome": 2069000000,
    "interestExpense": 382000000,
    "depreciationAndAmortization": 139000000,
    "ebitda": 1188000000,
    "ebitdaratio": 0.3591293833,
    "operatingIncome": 1049000000,
    "operatingIncomeRatio": 0.3171100363,
    "totalOtherIncomeExpensesNet": 0,
    "incomeBeforeTax": 1049000000,
    "incomeBeforeTaxRatio": 0.3171100363,
    "incomeTaxExpense": 210000000,
    "netIncome": 832000000,
    "netIncomeRatio": 0.2515114873,
    "eps": 1.02,
    "epsdiluted": 1.01,
    "weightedAverageShsOut": 771562000,
    "weightedAverageShsOutDil": 781867000,
    "link": "https://www.sec.gov/Archives/edgar/data/92230/000009223018000078/0000092230-18-000078-index.htm",
    "finalLink": "https://www.sec.gov/Archives/edgar/data/92230/000009223018000078/form10-q_3q18.htm"
  },
  {
    "date": "2018-06-30",
    "symbol": "TFC",
    "reportedCurrency": "USD",
    "cik": "0000092230",
    "fillingDate": "2018-07-27",
    "acceptedDate": "2018-07-27 16:18:58",
    "calendarYear": "2018",
    "period": "Q2",
    "revenue": 3216000000,
    "costOfRevenue": 472000000,
    "grossProfit": 2744000000,
    "grossProfitRatio": 0.8532338308,
    "researchAndDevelopmentExpenses": 0,
    "generalAndAdministrativeExpenses": 1074000000,
    "sellingAndMarketingExpenses": 0,
    "sellingGeneralAndAdministrativeExpenses": 1074000000,
    "otherExpenses": 646000000,
    "operatingExpenses": 1720000000,
    "costAndExpenses": 2192000000,
    "interestIncome": 1994000000,
    "interestExpense": 337000000,
    "depreciationAndAmortization": 136000000,
    "ebitda": 1160000000,
    "ebitdaratio": 0.3606965174,
    "operatingIncome": 1024000000,
    "operatingIncomeRatio": 0.3184079602,
    "totalOtherIncomeExpensesNet": 0,
    "incomeBeforeTax": 1024000000,
    "incomeBeforeTaxRatio": 0.3184079602,
    "incomeTaxExpense": 202000000,
    "netIncome": 819000000,
    "netIncomeRatio": 0.2546641791,
    "eps": 1,
    "epsdiluted": 0.99,
    "weightedAverageShsOut": 775836000,
    "weightedAverageShsOutDil": 785750000,
    "link": "https://www.sec.gov/Archives/edgar/data/92230/000009223018000061/0000092230-18-000061-index.htm",
    "finalLink": "https://www.sec.gov/Archives/edgar/data/92230/000009223018000061/form10-q_2q18.htm"
  },
  {
    "date": "2018-03-31",
    "symbol": "TFC",
    "reportedCurrency": "USD",
    "cik": "0000092230",
    "fillingDate": "2018-04-30",
    "acceptedDate": "2018-04-30 16:18:26",
    "calendarYear": "2018",
    "period": "Q1",
    "revenue": 3101000000,
    "costOfRevenue": 438000000,
    "grossProfit": 2663000000,
    "grossProfitRatio": 0.8587552402,
    "researchAndDevelopmentExpenses": 0,
    "generalAndAdministrativeExpenses": 1039000000,
    "sellingAndMarketingExpenses": 0,
    "sellingGeneralAndAdministrativeExpenses": 1039000000,
    "otherExpenses": 647000000,
    "operatingExpenses": 1686000000,
    "costAndExpenses": 2124000000,
    "interestIncome": 1921000000,
    "interestExpense": 288000000,
    "depreciationAndAmortization": 138000000,
    "ebitda": 1115000000,
    "ebitdaratio": 0.3595614318,
    "operatingIncome": 977000000,
    "operatingIncomeRatio": 0.3150596582,
    "totalOtherIncomeExpensesNet": 0,
    "incomeBeforeTax": 977000000,
    "incomeBeforeTaxRatio": 0.3150596582,
    "incomeTaxExpense": 186000000,
    "netIncome": 788000000,
    "netIncomeRatio": 0.2541115769,
    "eps": 0.96,
    "epsdiluted": 0.94,
    "weightedAverageShsOut": 779617000,
    "weightedAverageShsOutDil": 791005000,
    "link": "https://www.sec.gov/Archives/edgar/data/92230/000009223018000033/0000092230-18-000033-index.htm",
    "finalLink": "https://www.sec.gov/Archives/edgar/data/92230/000009223018000033/form10-q_1q18.htm"
  },
  {
    "date": "2017-12-31",
    "symbol": "TFC",
    "reportedCurrency": "USD",
    "cik": "0000092230",
    "fillingDate": "2018-02-21",
    "acceptedDate": "2018-02-20 18:34:45",
    "calendarYear": "2017",
    "period": "Q4",
    "revenue": 3123000000,
    "costOfRevenue": 392000000,
    "grossProfit": 2731000000,
    "grossProfitRatio": 0.874479667,
    "researchAndDevelopmentExpenses": 0,
    "generalAndAdministrativeExpenses": 1044000000,
    "sellingAndMarketingExpenses": 0,
    "sellingGeneralAndAdministrativeExpenses": 1044000000,
    "otherExpenses": 811000000,
    "operatingExpenses": 1855000000,
    "costAndExpenses": 2247000000,
    "interestIncome": 1898000000,
    "interestExpense": 254000000,
    "depreciationAndAmortization": 137000000,
    "ebitda": 1013000000,
    "ebitdaratio": 0.3243675953,
    "operatingIncome": 876000000,
    "operatingIncomeRatio": 0.2804995197,
    "totalOtherIncomeExpensesNet": 0,
    "incomeBeforeTax": 876000000,
    "incomeBeforeTaxRatio": 0.2804995197,
    "incomeTaxExpense": 209000000,
    "netIncome": 658000000,
    "netIncomeRatio": 0.2106948447,
    "eps": 0.78,
    "epsdiluted": 0.77,
    "weightedAverageShsOut": 783764000,
    "weightedAverageShsOutDil": 795867000,
    "link": "https://www.sec.gov/Archives/edgar/data/92230/000009223018000021/0000092230-18-000021-index.htm",
    "finalLink": "https://www.sec.gov/Archives/edgar/data/92230/000009223018000021/form10-k_4q17.htm"
  },
  {
    "date": "2017-09-30",
    "symbol": "TFC",
    "reportedCurrency": "USD",
    "cik": "0000092230",
    "fillingDate": "2017-10-27",
    "acceptedDate": "2017-10-27 16:17:50",
    "calendarYear": "2017",
    "period": "Q3",
    "revenue": 3043000000,
    "costOfRevenue": 356000000,
    "grossProfit": 2687000000,
    "grossProfitRatio": 0.8830101873,
    "researchAndDevelopmentExpenses": 0,
    "generalAndAdministrativeExpenses": 1051000000,
    "sellingAndMarketingExpenses": 0,
    "sellingGeneralAndAdministrativeExpenses": 1051000000,
    "otherExpenses": 694000000,
    "operatingExpenses": 1745000000,
    "costAndExpenses": 2101000000,
    "interestIncome": 1877000000,
    "interestExpense": 230000000,
    "depreciationAndAmortization": 139000000,
    "ebitda": 1081000000,
    "ebitdaratio": 0.355241538,
    "operatingIncome": 942000000,
    "operatingIncomeRatio": 0.3095629313,
    "totalOtherIncomeExpensesNet": 0,
    "incomeBeforeTax": 942000000,
    "incomeBeforeTaxRatio": 0.3095629313,
    "incomeTaxExpense": 294000000,
    "netIncome": 640000000,
    "netIncomeRatio": 0.2103187644,
    "eps": 0.75,
    "epsdiluted": 0.74,
    "weightedAverageShsOut": 794558000,
    "weightedAverageShsOutDil": 806124000,
    "link": "https://www.sec.gov/Archives/edgar/data/92230/000009223017000085/0000092230-17-000085-index.htm",
    "finalLink": "https://www.sec.gov/Archives/edgar/data/92230/000009223017000085/form10-q_3q17.htm"
  },
  {
    "date": "2017-06-30",
    "symbol": "TFC",
    "reportedCurrency": "USD",
    "cik": "0000092230",
    "fillingDate": "2017-07-28",
    "acceptedDate": "2017-07-28 08:26:35",
    "calendarYear": "2017",
    "period": "Q2",
    "revenue": 3044000000,
    "costOfRevenue": 324000000,
    "grossProfit": 2720000000,
    "grossProfitRatio": 0.8935611038,
    "researchAndDevelopmentExpenses": 0,
    "generalAndAdministrativeExpenses": 1068000000,
    "sellingAndMarketingExpenses": 0,
    "sellingGeneralAndAdministrativeExpenses": 1068000000,
    "otherExpenses": 674000000,
    "operatingExpenses": 1742000000,
    "costAndExpenses": 2066000000,
    "interestIncome": 1824000000,
    "interestExpense": 189000000,
    "depreciationAndAmortization": 137000000,
    "ebitda": 1115000000,
    "ebitdaratio": 0.3662943495,
    "operatingIncome": 978000000,
    "operatingIncomeRatio": 0.3212877792,
    "totalOtherIncomeExpensesNet": 0,
    "incomeBeforeTax": 978000000,
    "incomeBeforeTaxRatio": 0.3212877792,
    "incomeTaxExpense": 304000000,
    "netIncome": 675000000,
    "netIncomeRatio": 0.2217477004,
    "eps": 0.78,
    "epsdiluted": 0.77,
    "weightedAverageShsOut": 808980000,
    "weightedAverageShsOutDil": 819389000,
    "link": "https://www.sec.gov/Archives/edgar/data/92230/000009223017000064/0000092230-17-000064-index.htm",
    "finalLink": "https://www.sec.gov/Archives/edgar/data/92230/000009223017000064/form10-q_2q17.htm"
  },
  {
    "date": "2017-03-31",
    "symbol": "TFC",
    "reportedCurrency": "USD",
    "cik": "0000092230",
    "fillingDate": "2017-04-24",
    "acceptedDate": "2017-04-24 16:52:49",
    "calendarYear": "2017",
    "period": "Q1",
    "revenue": 2946000000,
    "costOfRevenue": 314000000,
    "grossProfit": 2632000000,
    "grossProfitRatio": 0.8934147997,
    "researchAndDevelopmentExpenses": 0,
    "generalAndAdministrativeExpenses": 1035000000,
    "sellingAndMarketingExpenses": 0,
    "sellingGeneralAndAdministrativeExpenses": 1035000000,
    "otherExpenses": 1067000000,
    "operatingExpenses": 2102000000,
    "costAndExpenses": 2416000000,
    "interestIncome": 1775000000,
    "interestExpense": 166000000,
    "depreciationAndAmortization": 137000000,
    "ebitda": 667000000,
    "ebitdaratio": 0.2264086897,
    "operatingIncome": 530000000,
    "operatingIncomeRatio": 0.1799049559,
    "totalOtherIncomeExpensesNet": 0,
    "incomeBeforeTax": 530000000,
    "incomeBeforeTaxRatio": 0.1799049559,
    "incomeTaxExpense": 104000000,
    "netIncome": 421000000,
    "netIncomeRatio": 0.1429056348,
    "eps": 0.47,
    "epsdiluted": 0.46,
    "weightedAverageShsOut": 809903000,
    "weightedAverageShsOutDil": 822719000,
    "link": "https://www.sec.gov/Archives/edgar/data/92230/000009223017000031/0000092230-17-000031-index.htm",
    "finalLink": "https://www.sec.gov/Archives/edgar/data/92230/000009223017000031/form10-q_1q17.htm"
  },
  {
    "date": "2016-12-31",
    "symbol": "TFC",
    "reportedCurrency": "USD",
    "cik": "0000092230",
    "fillingDate": "2017-02-21",
    "acceptedDate": "2017-02-21 16:18:46",
    "calendarYear": "2016",
    "period": "Q4",
    "revenue": 2907000000,
    "costOfRevenue": 309000000,
    "grossProfit": 2598000000,
    "grossProfitRatio": 0.8937048504,
    "researchAndDevelopmentExpenses": 0,
    "generalAndAdministrativeExpenses": 1004000000,
    "sellingAndMarketingExpenses": 0,
    "sellingGeneralAndAdministrativeExpenses": 1004000000,
    "otherExpenses": 664000000,
    "operatingExpenses": 1668000000,
    "costAndExpenses": 1977000000,
    "interestIncome": 1745000000,
    "interestExpense": 180000000,
    "depreciationAndAmortization": 145000000,
    "ebitda": 1075000000,
    "ebitdaratio": 0.3697970416,
    "operatingIncome": 930000000,
    "operatingIncomeRatio": 0.3199174407,
    "totalOtherIncomeExpensesNet": 0,
    "incomeBeforeTax": 930000000,
    "incomeBeforeTaxRatio": 0.3199174407,
    "incomeTaxExpense": 287000000,
    "netIncome": 636000000,
    "netIncomeRatio": 0.2187822497,
    "eps": 0.73,
    "epsdiluted": 0.72,
    "weightedAverageShsOut": 810593000,
    "weightedAverageShsOutDil": 821971000,
    "link": "https://www.sec.gov/Archives/edgar/data/92230/000009223017000021/0000092230-17-000021-index.htm",
    "finalLink": "https://www.sec.gov/Archives/edgar/data/92230/000009223017000021/form10-kx2016.htm"
  },
  {
    "date": "2016-09-30",
    "symbol": "TFC",
    "reportedCurrency": "USD",
    "cik": "0000092230",
    "fillingDate": "2016-10-24",
    "acceptedDate": "2016-10-24 17:27:44",
    "calendarYear": "2016",
    "period": "Q3",
    "revenue": 2977000000,
    "costOfRevenue": 333000000,
    "grossProfit": 2644000000,
    "grossProfitRatio": 0.8881424253,
    "researchAndDevelopmentExpenses": 0,
    "generalAndAdministrativeExpenses": 1024000000,
    "sellingAndMarketingExpenses": 0,
    "sellingGeneralAndAdministrativeExpenses": 1024000000,
    "otherExpenses": 705000000,
    "operatingExpenses": 1729000000,
    "costAndExpenses": 2062000000,
    "interestIncome": 1795000000,
    "interestExpense": 185000000,
    "depreciationAndAmortization": 141000000,
    "ebitda": 1056000000,
    "ebitdaratio": 0.3547195163,
    "operatingIncome": 915000000,
    "operatingIncomeRatio": 0.3073563991,
    "totalOtherIncomeExpensesNet": 0,
    "incomeBeforeTax": 915000000,
    "incomeBeforeTaxRatio": 0.3073563991,
    "incomeTaxExpense": 273000000,
    "netIncome": 642000000,
    "netIncomeRatio": 0.2156533423,
    "eps": 0.74,
    "epsdiluted": 0.73,
    "weightedAverageShsOut": 812521000,
    "weightedAverageShsOutDil": 823106000,
    "link": "https://www.sec.gov/Archives/edgar/data/92230/000009223016000202/0000092230-16-000202-index.htm",
    "finalLink": "https://www.sec.gov/Archives/edgar/data/92230/000009223016000202/form10q3q16.htm"
  },
  {
    "date": "2016-06-30",
    "symbol": "TFC",
    "reportedCurrency": "USD",
    "cik": "0000092230",
    "fillingDate": "2016-07-27",
    "acceptedDate": "2016-07-27 16:53:59",
    "calendarYear": "2016",
    "period": "Q2",
    "revenue": 2999000000,
    "costOfRevenue": 299000000,
    "grossProfit": 2700000000,
    "grossProfitRatio": 0.9003001,
    "researchAndDevelopmentExpenses": 0,
    "generalAndAdministrativeExpenses": 1103000000,
    "sellingAndMarketingExpenses": 0,
    "sellingGeneralAndAdministrativeExpenses": 1103000000,
    "otherExpenses": 758000000,
    "operatingExpenses": 1861000000,
    "costAndExpenses": 2160000000,
    "interestIncome": 1805000000,
    "interestExpense": 188000000,
    "depreciationAndAmortization": 142000000,
    "ebitda": 981000000,
    "ebitdaratio": 0.3271090363,
    "operatingIncome": 839000000,
    "operatingIncomeRatio": 0.27975992,
    "totalOtherIncomeExpensesNet": 0,
    "incomeBeforeTax": 839000000,
    "incomeBeforeTaxRatio": 0.27975992,
    "incomeTaxExpense": 252000000,
    "netIncome": 584000000,
    "netIncomeRatio": 0.1947315772,
    "eps": 0.67,
    "epsdiluted": 0.66,
    "weightedAverageShsOut": 814261000,
    "weightedAverageShsOutDil": 823682000,
    "link": "https://www.sec.gov/Archives/edgar/data/92230/000009223016000183/0000092230-16-000183-index.htm",
    "finalLink": "https://www.sec.gov/Archives/edgar/data/92230/000009223016000183/form10q2q16.htm"
  },
  {
    "date": "2016-03-31",
    "symbol": "TFC",
    "reportedCurrency": "USD",
    "cik": "0000092230",
    "fillingDate": "2016-04-29",
    "acceptedDate": "2016-04-29 16:27:42",
    "calendarYear": "2016",
    "period": "Q1",
    "revenue": 2797000000,
    "costOfRevenue": 376000000,
    "grossProfit": 2421000000,
    "grossProfitRatio": 0.8655702538,
    "researchAndDevelopmentExpenses": 0,
    "generalAndAdministrativeExpenses": 975000000,
    "sellingAndMarketingExpenses": 0,
    "sellingGeneralAndAdministrativeExpenses": 975000000,
    "otherExpenses": 630000000,
    "operatingExpenses": 1605000000,
    "costAndExpenses": 1981000000,
    "interestIncome": 1721000000,
    "interestExpense": 192000000,
    "depreciationAndAmortization": 127000000,
    "ebitda": 943000000,
    "ebitdaratio": 0.3371469432,
    "operatingIncome": 816000000,
    "operatingIncomeRatio": 0.2917411512,
    "totalOtherIncomeExpensesNet": 0,
    "incomeBeforeTax": 816000000,
    "incomeBeforeTaxRatio": 0.2917411512,
    "incomeTaxExpense": 246000000,
    "netIncome": 564000000,
    "netIncomeRatio": 0.2016446192,
    "eps": 0.67,
    "epsdiluted": 0.67,
    "weightedAverageShsOut": 786567000,
    "weightedAverageShsOutDil": 790176000,
    "link": "https://www.sec.gov/Archives/edgar/data/92230/000009223016000152/0000092230-16-000152-index.htm",
    "finalLink": "https://www.sec.gov/Archives/edgar/data/92230/000009223016000152/form10qfirstquarter2016.htm"
  },
  {
    "date": "2015-12-31",
    "symbol": "TFC",
    "reportedCurrency": "USD",
    "cik": "0000092230",
    "fillingDate": "2016-02-25",
    "acceptedDate": "2016-02-25 17:25:57",
    "calendarYear": "2015",
    "period": "Q4",
    "revenue": 2762000000,
    "costOfRevenue": 320000000,
    "grossProfit": 2442000000,
    "grossProfitRatio": 0.8841419261,
    "researchAndDevelopmentExpenses": 0,
    "generalAndAdministrativeExpenses": 945000000,
    "sellingAndMarketingExpenses": 0,
    "sellingGeneralAndAdministrativeExpenses": 945000000,
    "otherExpenses": 704000000,
    "operatingExpenses": 1649000000,
    "costAndExpenses": 1969000000,
    "interestIncome": 1695000000,
    "interestExpense": 191000000,
    "depreciationAndAmortization": 123000000,
    "ebitda": 916000000,
    "ebitdaratio": 0.3316437364,
    "operatingIncome": 793000000,
    "operatingIncomeRatio": 0.2871107893,
    "totalOtherIncomeExpensesNet": 0,
    "incomeBeforeTax": 793000000,
    "incomeBeforeTaxRatio": 0.2871107893,
    "incomeTaxExpense": 251000000,
    "netIncome": 539000000,
    "netIncomeRatio": 0.1951484432,
    "eps": 0.64,
    "epsdiluted": 0.64,
    "weightedAverageShsOut": 784028000,
    "weightedAverageShsOutDil": 790244000,
    "link": "https://www.sec.gov/Archives/edgar/data/92230/000009223016000125/0000092230-16-000125-index.htm",
    "finalLink": "https://www.sec.gov/Archives/edgar/data/92230/000009223016000125/f10k2015.htm"
  },
  {
    "date": "2015-09-30",
    "symbol": "TFC",
    "reportedCurrency": "USD",
    "cik": "0000092230",
    "fillingDate": "2015-10-30",
    "acceptedDate": "2015-10-30 16:21:56",
    "calendarYear": "2015",
    "period": "Q3",
    "revenue": 2696000000,
    "costOfRevenue": 289000000,
    "grossProfit": 2407000000,
    "grossProfitRatio": 0.8928041543,
    "researchAndDevelopmentExpenses": 0,
    "generalAndAdministrativeExpenses": 940000000,
    "sellingAndMarketingExpenses": 0,
    "sellingGeneralAndAdministrativeExpenses": 940000000,
    "otherExpenses": 712000000,
    "operatingExpenses": 1652000000,
    "costAndExpenses": 1941000000,
    "interestIncome": 1650000000,
    "interestExpense": 186000000,
    "depreciationAndAmortization": 121000000,
    "ebitda": 876000000,
    "ebitdaratio": 0.324925816,
    "operatingIncome": 755000000,
    "operatingIncomeRatio": 0.2800445104,
    "totalOtherIncomeExpensesNet": 0,
    "incomeBeforeTax": 755000000,
    "incomeBeforeTaxRatio": 0.2800445104,
    "incomeTaxExpense": 222000000,
    "netIncome": 529000000,
    "netIncomeRatio": 0.1962166172,
    "eps": 0.64,
    "epsdiluted": 0.64,
    "weightedAverageShsOut": 768750000,
    "weightedAverageShsOutDil": 774023000,
    "link": "https://www.sec.gov/Archives/edgar/data/92230/000009223015000092/0000092230-15-000092-index.htm",
    "finalLink": "https://www.sec.gov/Archives/edgar/data/92230/000009223015000092/f10q3q2015.htm"
  },
  {
    "date": "2015-06-30",
    "symbol": "TFC",
    "reportedCurrency": "USD",
    "cik": "0000092230",
    "fillingDate": "2015-07-30",
    "acceptedDate": "2015-07-30 16:04:18",
    "calendarYear": "2015",
    "period": "Q2",
    "revenue": 2598000000,
    "costOfRevenue": 274000000,
    "grossProfit": 2324000000,
    "grossProfitRatio": 0.8945342571,
    "researchAndDevelopmentExpenses": 0,
    "generalAndAdministrativeExpenses": 928000000,
    "sellingAndMarketingExpenses": 0,
    "sellingGeneralAndAdministrativeExpenses": 928000000,
    "otherExpenses": 815000000,
    "operatingExpenses": 1743000000,
    "costAndExpenses": 2017000000,
    "interestIncome": 1489000000,
    "interestExpense": 177000000,
    "depreciationAndAmortization": 110000000,
    "ebitda": 691000000,
    "ebitdaratio": 0.265973826,
    "operatingIncome": 581000000,
    "operatingIncomeRatio": 0.2236335643,
    "totalOtherIncomeExpensesNet": 0,
    "incomeBeforeTax": 581000000,
    "incomeBeforeTaxRatio": 0.2236335643,
    "incomeTaxExpense": 80000000,
    "netIncome": 491000000,
    "netIncomeRatio": 0.1889915319,
    "eps": 0.63,
    "epsdiluted": 0.62,
    "weightedAverageShsOut": 724880000,
    "weightedAverageShsOutDil": 734527000,
    "link": "https://www.sec.gov/Archives/edgar/data/92230/000009223015000073/0000092230-15-000073-index.htm",
    "finalLink": "https://www.sec.gov/Archives/edgar/data/92230/000009223015000073/f10q2q15.htm"
  },
  {
    "date": "2015-03-31",
    "symbol": "TFC",
    "reportedCurrency": "USD",
    "cik": "0000092230",
    "fillingDate": "2015-04-27",
    "acceptedDate": "2015-04-27 16:13:04",
    "calendarYear": "2015",
    "period": "Q1",
    "revenue": 2569000000,
    "costOfRevenue": 280000000,
    "grossProfit": 2289000000,
    "grossProfitRatio": 0.8910081744,
    "researchAndDevelopmentExpenses": 0,
    "generalAndAdministrativeExpenses": 909000000,
    "sellingAndMarketingExpenses": 0,
    "sellingGeneralAndAdministrativeExpenses": 909000000,
    "otherExpenses": 592000000,
    "operatingExpenses": 1501000000,
    "costAndExpenses": 1781000000,
    "interestIncome": 1493000000,
    "interestExpense": 181000000,
    "depreciationAndAmortization": 107000000,
    "ebitda": 895000000,
    "ebitdaratio": 0.3483845854,
    "operatingIncome": 788000000,
    "operatingIncomeRatio": 0.3067341378,
    "totalOtherIncomeExpensesNet": 0,
    "incomeBeforeTax": 788000000,
    "incomeBeforeTaxRatio": 0.3067341378,
    "incomeTaxExpense": 241000000,
    "netIncome": 525000000,
    "netIncomeRatio": 0.204359673,
    "eps": 0.68,
    "epsdiluted": 0.67,
    "weightedAverageShsOut": 721639000,
    "weightedAverageShsOutDil": 731511000,
    "link": "https://www.sec.gov/Archives/edgar/data/92230/000009223015000035/0000092230-15-000035-index.htm",
    "finalLink": "https://www.sec.gov/Archives/edgar/data/92230/000009223015000035/form10q1q15.htm"
  },
  {
    "date": "2014-12-31",
    "symbol": "TFC",
    "reportedCurrency": "USD",
    "cik": "0000092230",
    "fillingDate": "2015-02-25",
    "acceptedDate": "2015-02-25 15:57:09",
    "calendarYear": "2014",
    "period": "Q4",
    "revenue": 2606000000,
    "costOfRevenue": 266000000,
    "grossProfit": 2340000000,
    "grossProfitRatio": 0.8979278588,
    "researchAndDevelopmentExpenses": 0,
    "generalAndAdministrativeExpenses": 878000000,
    "sellingAndMarketingExpenses": 0,
    "sellingGeneralAndAdministrativeExpenses": 878000000,
    "otherExpenses": 617000000,
    "operatingExpenses": 1495000000,
    "costAndExpenses": 1761000000,
    "interestIncome": 1518000000,
    "interestExpense": 183000000,
    "depreciationAndAmortization": 108000000,
    "ebitda": 953000000,
    "ebitdaratio": 0.365694551,
    "operatingIncome": 845000000,
    "operatingIncomeRatio": 0.3242517268,
    "totalOtherIncomeExpensesNet": 0,
    "incomeBeforeTax": 845000000,
    "incomeBeforeTaxRatio": 0.3242517268,
    "incomeTaxExpense": 236000000,
    "netIncome": 594000000,
    "netIncomeRatio": 0.2279355334,
    "eps": 0.77,
    "epsdiluted": 0.76,
    "weightedAverageShsOut": 720418000,
    "weightedAverageShsOutDil": 734905000,
    "link": "https://www.sec.gov/Archives/edgar/data/92230/000009223015000021/0000092230-15-000021-index.htm",
    "finalLink": "https://www.sec.gov/Archives/edgar/data/92230/000009223015000021/form10k.htm"
  },
  {
    "date": "2014-09-30",
    "symbol": "TFC",
    "reportedCurrency": "USD",
    "cik": "0000092230",
    "fillingDate": "2014-10-27",
    "acceptedDate": "2014-10-27 17:12:57",
    "calendarYear": "2014",
    "period": "Q3",
    "revenue": 2577000000,
    "costOfRevenue": 226000000,
    "grossProfit": 2351000000,
    "grossProfitRatio": 0.9123011253,
    "researchAndDevelopmentExpenses": 0,
    "generalAndAdministrativeExpenses": 882000000,
    "sellingAndMarketingExpenses": 0,
    "sellingGeneralAndAdministrativeExpenses": 882000000,
    "otherExpenses": 744000000,
    "operatingExpenses": 1626000000,
    "costAndExpenses": 1852000000,
    "interestIncome": 1541000000,
    "interestExpense": 192000000,
    "depreciationAndAmortization": 109000000,
    "ebitda": 834000000,
    "ebitdaratio": 0.3236321304,
    "operatingIncome": 725000000,
    "operatingIncomeRatio": 0.2813348855,
    "totalOtherIncomeExpensesNet": 0,
    "incomeBeforeTax": 725000000,
    "incomeBeforeTaxRatio": 0.2813348855,
    "incomeTaxExpense": 172000000,
    "netIncome": 549000000,
    "netIncomeRatio": 0.2130384168,
    "eps": 0.72,
    "epsdiluted": 0.71,
    "weightedAverageShsOut": 720117000,
    "weightedAverageShsOutDil": 729989000,
    "link": "https://www.sec.gov/Archives/edgar/data/92230/000009223014000076/0000092230-14-000076-index.htm",
    "finalLink": "https://www.sec.gov/Archives/edgar/data/92230/000009223014000076/f10q3q2014.htm"
  },
  {
    "date": "2014-06-30",
    "symbol": "TFC",
    "reportedCurrency": "USD",
    "cik": "0000092230",
    "fillingDate": "2014-07-28",
    "acceptedDate": "2014-07-28 14:05:15",
    "calendarYear": "2014",
    "period": "Q2",
    "revenue": 2583000000,
    "costOfRevenue": 268000000,
    "grossProfit": 2315000000,
    "grossProfitRatio": 0.8962446767,
    "researchAndDevelopmentExpenses": 0,
    "generalAndAdministrativeExpenses": 897000000,
    "sellingAndMarketingExpenses": 0,
    "sellingGeneralAndAdministrativeExpenses": 897000000,
    "otherExpenses": 725000000,
    "operatingExpenses": 1622000000,
    "costAndExpenses": 1890000000,
    "interestIncome": 1537000000,
    "interestExpense": 194000000,
    "depreciationAndAmortization": 103000000,
    "ebitda": 796000000,
    "ebitdaratio": 0.308168796,
    "operatingIncome": 693000000,
    "operatingIncomeRatio": 0.2682926829,
    "totalOtherIncomeExpensesNet": 0,
    "incomeBeforeTax": 693000000,
    "incomeBeforeTaxRatio": 0.2682926829,
    "incomeTaxExpense": 216000000,
    "netIncome": 461000000,
    "netIncomeRatio": 0.1784746419,
    "eps": 0.59,
    "epsdiluted": 0.58,
    "weightedAverageShsOut": 719080000,
    "weightedAverageShsOutDil": 728452000,
    "link": "https://www.sec.gov/Archives/edgar/data/92230/000009223014000052/0000092230-14-000052-index.htm",
    "finalLink": "https://www.sec.gov/Archives/edgar/data/92230/000009223014000052/f10q2q14.htm"
  },
  {
    "date": "2014-03-31",
    "symbol": "TFC",
    "reportedCurrency": "USD",
    "cik": "0000092230",
    "fillingDate": "2014-04-30",
    "acceptedDate": "2014-04-30 17:26:18",
    "calendarYear": "2014",
    "period": "Q1",
    "revenue": 2557000000,
    "costOfRevenue": 259000000,
    "grossProfit": 2298000000,
    "grossProfitRatio": 0.8987094251,
    "researchAndDevelopmentExpenses": 0,
    "generalAndAdministrativeExpenses": 866000000,
    "sellingAndMarketingExpenses": 0,
    "sellingGeneralAndAdministrativeExpenses": 866000000,
    "otherExpenses": 603000000,
    "operatingExpenses": 1469000000,
    "costAndExpenses": 1728000000,
    "interestIncome": 1546000000,
    "interestExpense": 199000000,
    "depreciationAndAmortization": 104000000,
    "ebitda": 933000000,
    "ebitdaratio": 0.3648807196,
    "operatingIncome": 829000000,
    "operatingIncomeRatio": 0.3242080563,
    "totalOtherIncomeExpensesNet": 0,
    "incomeBeforeTax": 829000000,
    "incomeBeforeTaxRatio": 0.3242080563,
    "incomeTaxExpense": 256000000,
    "netIncome": 533000000,
    "netIncomeRatio": 0.2084473993,
    "eps": 0.7,
    "epsdiluted": 0.69,
    "weightedAverageShsOut": 712842000,
    "weightedAverageShsOutDil": 724283000,
    "link": "https://www.sec.gov/Archives/edgar/data/92230/000009223014000026/0000092230-14-000026-index.htm",
    "finalLink": "https://www.sec.gov/Archives/edgar/data/92230/000009223014000026/a10q1q14.htm"
  },
  {
    "date": "2013-12-31",
    "symbol": "TFC",
    "reportedCurrency": "USD",
    "cik": "0000092230",
    "fillingDate": "2014-02-26",
    "acceptedDate": "2014-02-26 16:21:44",
    "calendarYear": "2013",
    "period": "Q4",
    "revenue": 2595000000,
    "costOfRevenue": 264000000,
    "grossProfit": 2331000000,
    "grossProfitRatio": 0.898265896,
    "researchAndDevelopmentExpenses": 0,
    "generalAndAdministrativeExpenses": 902000000,
    "sellingAndMarketingExpenses": 0,
    "sellingGeneralAndAdministrativeExpenses": 902000000,
    "otherExpenses": 598000000,
    "operatingExpenses": 1500000000,
    "costAndExpenses": 1764000000,
    "interestIncome": 1566000000,
    "interestExpense": 204000000,
    "depreciationAndAmortization": 108000000,
    "ebitda": 939000000,
    "ebitdaratio": 0.361849711,
    "operatingIncome": 831000000,
    "operatingIncomeRatio": 0.3202312139,
    "totalOtherIncomeExpensesNet": 0,
    "incomeBeforeTax": 831000000,
    "incomeBeforeTaxRatio": 0.3202312139,
    "incomeTaxExpense": 243000000,
    "netIncome": 574000000,
    "netIncomeRatio": 0.221194605,
    "eps": 0.76,
    "epsdiluted": 0.75,
    "weightedAverageShsOut": 705485000,
    "weightedAverageShsOutDil": 717671000,
    "link": "https://www.sec.gov/Archives/edgar/data/92230/000009223014000014/0000092230-14-000014-index.htm",
    "finalLink": "https://www.sec.gov/Archives/edgar/data/92230/000009223014000014/a10k.htm"
  },
  {
    "date": "2013-09-30",
    "symbol": "TFC",
    "reportedCurrency": "USD",
    "cik": "0000092230",
    "fillingDate": "2013-10-31",
    "acceptedDate": "2013-10-31 10:33:21",
    "calendarYear": "2013",
    "period": "Q3",
    "revenue": 2618000000,
    "costOfRevenue": 314000000,
    "grossProfit": 2304000000,
    "grossProfitRatio": 0.8800611154,
    "researchAndDevelopmentExpenses": 0,
    "generalAndAdministrativeExpenses": 879000000,
    "sellingAndMarketingExpenses": 0,
    "sellingGeneralAndAdministrativeExpenses": 879000000,
    "otherExpenses": 666000000,
    "operatingExpenses": 1545000000,
    "costAndExpenses": 1859000000,
    "interestIncome": 1639000000,
    "interestExpense": 222000000,
    "depreciationAndAmortization": 106000000,
    "ebitda": 865000000,
    "ebitdaratio": 0.3304048892,
    "operatingIncome": 759000000,
    "operatingIncomeRatio": 0.2899159664,
    "totalOtherIncomeExpensesNet": 0,
    "incomeBeforeTax": 759000000,
    "incomeBeforeTaxRatio": 0.2899159664,
    "incomeTaxExpense": 450000000,
    "netIncome": 305000000,
    "netIncomeRatio": 0.1165011459,
    "eps": 0.38,
    "epsdiluted": 0.37,
    "weightedAverageShsOut": 704134000,
    "weightedAverageShsOutDil": 716101000,
    "link": "https://www.sec.gov/Archives/edgar/data/92230/000009223013000081/0000092230-13-000081-index.htm",
    "finalLink": "https://www.sec.gov/Archives/edgar/data/92230/000009223013000081/a10q3q13.htm"
  },
  {
    "date": "2013-06-30",
    "symbol": "TFC",
    "reportedCurrency": "USD",
    "cik": "0000092230",
    "fillingDate": "2013-08-08",
    "acceptedDate": "2013-08-08 17:01:41",
    "calendarYear": "2013",
    "period": "Q2",
    "revenue": 2774000000,
    "costOfRevenue": 396000000,
    "grossProfit": 2378000000,
    "grossProfitRatio": 0.8572458544,
    "researchAndDevelopmentExpenses": 0,
    "generalAndAdministrativeExpenses": 929000000,
    "sellingAndMarketingExpenses": 0,
    "sellingGeneralAndAdministrativeExpenses": 929000000,
    "otherExpenses": 652000000,
    "operatingExpenses": 1581000000,
    "costAndExpenses": 1977000000,
    "interestIncome": 1643000000,
    "interestExpense": 228000000,
    "depreciationAndAmortization": 106000000,
    "ebitda": 903000000,
    "ebitdaratio": 0.3255227109,
    "operatingIncome": 797000000,
    "operatingIncomeRatio": 0.2873107426,
    "totalOtherIncomeExpensesNet": 0,
    "incomeBeforeTax": 797000000,
    "incomeBeforeTaxRatio": 0.2873107426,
    "incomeTaxExpense": 221000000,
    "netIncome": 560000000,
    "netIncomeRatio": 0.2018745494,
    "eps": 0.78,
    "epsdiluted": 0.77,
    "weightedAverageShsOut": 702082000,
    "weightedAverageShsOutDil": 712861000,
    "link": "https://www.sec.gov/Archives/edgar/data/92230/000009223013000062/0000092230-13-000062-index.htm",
    "finalLink": "https://www.sec.gov/Archives/edgar/data/92230/000009223013000062/a10q2q13.htm"
  },
  {
    "date": "2013-03-31",
    "symbol": "TFC",
    "reportedCurrency": "USD",
    "cik": "0000092230",
    "fillingDate": "2013-05-02",
    "acceptedDate": "2013-05-02 16:57:50",
    "calendarYear": "2013",
    "period": "Q1",
    "revenue": 2719000000,
    "costOfRevenue": 509000000,
    "grossProfit": 2210000000,
    "grossProfitRatio": 0.8127988231,
    "researchAndDevelopmentExpenses": 0,
    "generalAndAdministrativeExpenses": 876000000,
    "sellingAndMarketingExpenses": 0,
    "sellingGeneralAndAdministrativeExpenses": 876000000,
    "otherExpenses": 597000000,
    "operatingExpenses": 1473000000,
    "costAndExpenses": 1982000000,
    "interestIncome": 1659000000,
    "interestExpense": 237000000,
    "depreciationAndAmortization": 101000000,
    "ebitda": 838000000,
    "ebitdaratio": 0.3082015447,
    "operatingIncome": 737000000,
    "operatingIncomeRatio": 0.2710555351,
    "totalOtherIncomeExpensesNet": 0,
    "incomeBeforeTax": 737000000,
    "incomeBeforeTaxRatio": 0.2710555351,
    "incomeTaxExpense": 481000000,
    "netIncome": 240000000,
    "netIncomeRatio": 0.0882677455,
    "eps": 0.3,
    "epsdiluted": 0.29,
    "weightedAverageShsOut": 700275000,
    "weightedAverageShsOutDil": 711020000,
    "link": "https://www.sec.gov/Archives/edgar/data/92230/000009223013000043/0000092230-13-000043-index.htm",
    "finalLink": "https://www.sec.gov/Archives/edgar/data/92230/000009223013000043/a10q1q13.htm"
  },
  {
    "date": "2012-12-31",
    "symbol": "TFC",
    "reportedCurrency": "USD",
    "cik": "0000092230",
    "fillingDate": "2013-03-01",
    "acceptedDate": "2013-02-28 20:51:50",
    "calendarYear": "2012",
    "period": "Q4",
    "revenue": 3064000000,
    "costOfRevenue": 502000000,
    "grossProfit": 2562000000,
    "grossProfitRatio": 0.8361618799,
    "researchAndDevelopmentExpenses": 0,
    "generalAndAdministrativeExpenses": 917000000,
    "sellingAndMarketingExpenses": 0,
    "sellingGeneralAndAdministrativeExpenses": 917000000,
    "otherExpenses": 889000000,
    "operatingExpenses": 1806000000,
    "costAndExpenses": 2308000000,
    "interestIncome": 1726000000,
    "interestExpense": 250000000,
    "depreciationAndAmortization": 102000000,
    "ebitda": 858000000,
    "ebitdaratio": 0.2800261097,
    "operatingIncome": 756000000,
    "operatingIncomeRatio": 0.2467362924,
    "totalOtherIncomeExpensesNet": 0,
    "incomeBeforeTax": 756000000,
    "incomeBeforeTaxRatio": 0.2467362924,
    "incomeTaxExpense": 207000000,
    "netIncome": 536000000,
    "netIncomeRatio": 0.1749347258,
    "eps": 0.72,
    "epsdiluted": 0.71,
    "weightedAverageShsOut": 699586000,
    "weightedAverageShsOutDil": 712762000,
    "link": "https://www.sec.gov/Archives/edgar/data/92230/000009223013000023/0000092230-13-000023-index.htm",
    "finalLink": "https://www.sec.gov/Archives/edgar/data/92230/000009223013000023/a10k2012.htm"
  },
  {
    "date": "2012-09-30",
    "symbol": "TFC",
    "reportedCurrency": "USD",
    "cik": "0000092230",
    "fillingDate": "2012-11-02",
    "acceptedDate": "2012-11-02 12:51:34",
    "calendarYear": "2012",
    "period": "Q3",
    "revenue": 2773000000,
    "costOfRevenue": 481000000,
    "grossProfit": 2292000000,
    "grossProfitRatio": 0.8265416516,
    "researchAndDevelopmentExpenses": 0,
    "generalAndAdministrativeExpenses": 887000000,
    "sellingAndMarketingExpenses": 0,
    "sellingGeneralAndAdministrativeExpenses": 887000000,
    "otherExpenses": 732000000,
    "operatingExpenses": 1619000000,
    "costAndExpenses": 2100000000,
    "interestIncome": 1720000000,
    "interestExpense": 237000000,
    "depreciationAndAmortization": 107000000,
    "ebitda": 780000000,
    "ebitdaratio": 0.2812838082,
    "operatingIncome": 673000000,
    "operatingIncomeRatio": 0.2426974396,
    "totalOtherIncomeExpensesNet": 0,
    "incomeBeforeTax": 673000000,
    "incomeBeforeTaxRatio": 0.2426974396,
    "incomeTaxExpense": 177000000,
    "netIncome": 494000000,
    "netIncomeRatio": 0.1781464118,
    "eps": 0.67,
    "epsdiluted": 0.66,
    "weightedAverageShsOut": 699091000,
    "weightedAverageShsOutDil": 709875000,
    "link": "https://www.sec.gov/Archives/edgar/data/92230/000009223012000112/0000092230-12-000112-index.htm",
    "finalLink": "https://www.sec.gov/Archives/edgar/data/92230/000009223012000112/form10q3q12.htm"
  },
  {
    "date": "2012-06-30",
    "symbol": "TFC",
    "reportedCurrency": "USD",
    "cik": "0000092230",
    "fillingDate": "2012-08-07",
    "acceptedDate": "2012-08-07 16:24:46",
    "calendarYear": "2012",
    "period": "Q2",
    "revenue": 2768000000,
    "costOfRevenue": 539000000,
    "grossProfit": 2229000000,
    "grossProfitRatio": 0.8052745665,
    "researchAndDevelopmentExpenses": 0,
    "generalAndAdministrativeExpenses": 849000000,
    "sellingAndMarketingExpenses": 0,
    "sellingGeneralAndAdministrativeExpenses": 849000000,
    "otherExpenses": 651000000,
    "operatingExpenses": 1500000000,
    "costAndExpenses": 2039000000,
    "interestIncome": 1728000000,
    "interestExpense": 266000000,
    "depreciationAndAmortization": 96000000,
    "ebitda": 825000000,
    "ebitdaratio": 0.2980491329,
    "operatingIncome": 729000000,
    "operatingIncomeRatio": 0.263367052,
    "totalOtherIncomeExpensesNet": 0,
    "incomeBeforeTax": 729000000,
    "incomeBeforeTaxRatio": 0.263367052,
    "incomeTaxExpense": 191000000,
    "netIncome": 518000000,
    "netIncomeRatio": 0.1871387283,
    "eps": 0.73,
    "epsdiluted": 0.72,
    "weightedAverageShsOut": 698579000,
    "weightedAverageShsOutDil": 708454000,
    "link": "https://www.sec.gov/Archives/edgar/data/92230/000119312512340983/0001193125-12-340983-index.htm",
    "finalLink": "https://www.sec.gov/Archives/edgar/data/92230/000119312512340983/d387485d10q.htm"
  },
  {
    "date": "2012-03-31",
    "symbol": "TFC",
    "reportedCurrency": "USD",
    "cik": "0000092230",
    "fillingDate": "2012-05-04",
    "acceptedDate": "2012-05-04 16:35:25",
    "calendarYear": "2012",
    "period": "Q1",
    "revenue": 2671000000,
    "costOfRevenue": 595000000,
    "grossProfit": 2076000000,
    "grossProfitRatio": 0.7772369899,
    "researchAndDevelopmentExpenses": 0,
    "generalAndAdministrativeExpenses": 787000000,
    "sellingAndMarketingExpenses": 0,
    "sellingGeneralAndAdministrativeExpenses": 787000000,
    "otherExpenses": 655000000,
    "operatingExpenses": 1442000000,
    "costAndExpenses": 2037000000,
    "interestIncome": 1743000000,
    "interestExpense": 307000000,
    "depreciationAndAmortization": 86000000,
    "ebitda": 720000000,
    "ebitdaratio": 0.2695619618,
    "operatingIncome": 634000000,
    "operatingIncomeRatio": 0.237364283,
    "totalOtherIncomeExpensesNet": 0,
    "incomeBeforeTax": 634000000,
    "incomeBeforeTaxRatio": 0.237364283,
    "incomeTaxExpense": 189000000,
    "netIncome": 431000000,
    "netIncomeRatio": 0.1613627855,
    "eps": 0.62,
    "epsdiluted": 0.61,
    "weightedAverageShsOut": 697685000,
    "weightedAverageShsOutDil": 707369000,
    "link": "https://www.sec.gov/Archives/edgar/data/92230/000119312512212084/0001193125-12-212084-index.htm",
    "finalLink": "https://www.sec.gov/Archives/edgar/data/92230/000119312512212084/d343887d10q.htm"
  },
  {
    "date": "2011-12-31",
    "symbol": "TFC",
    "reportedCurrency": "USD",
    "cik": "0000092230",
    "fillingDate": "2012-02-27",
    "acceptedDate": "2012-02-27 15:55:13",
    "calendarYear": "2011",
    "period": "Q4",
    "revenue": 2980000000,
    "costOfRevenue": 589000000,
    "grossProfit": 2391000000,
    "grossProfitRatio": 0.8023489933,
    "researchAndDevelopmentExpenses": 0,
    "generalAndAdministrativeExpenses": 567000000,
    "sellingAndMarketingExpenses": 0,
    "sellingGeneralAndAdministrativeExpenses": 567000000,
    "otherExpenses": 1340000000,
    "operatingExpenses": 1907000000,
    "costAndExpenses": 2496000000,
    "interestIncome": 1769000000,
    "interestExpense": 317000000,
    "depreciationAndAmortization": 92000000,
    "ebitda": 576000000,
    "ebitdaratio": 0.1932885906,
    "operatingIncome": 484000000,
    "operatingIncomeRatio": 0.1624161074,
    "totalOtherIncomeExpensesNet": 0,
    "incomeBeforeTax": 484000000,
    "incomeBeforeTaxRatio": 0.1624161074,
    "incomeTaxExpense": 84000000,
    "netIncome": 391000000,
    "netIncomeRatio": 0.1312080537,
    "eps": 0.56,
    "epsdiluted": 0.55,
    "weightedAverageShsOut": 697117000,
    "weightedAverageShsOutDil": 706178000,
    "link": "https://www.sec.gov/Archives/edgar/data/92230/000119312512081457/0001193125-12-081457-index.htm",
    "finalLink": "https://www.sec.gov/Archives/edgar/data/92230/000119312512081457/d282790d10k.htm"
  },
  {
    "date": "2011-09-30",
    "symbol": "TFC",
    "reportedCurrency": "USD",
    "cik": "0000092230",
    "fillingDate": "2011-11-09",
    "acceptedDate": "2011-11-09 15:45:15",
    "calendarYear": "2011",
    "period": "Q3",
    "revenue": 2440000000,
    "costOfRevenue": 584000000,
    "grossProfit": 1856000000,
    "grossProfitRatio": 0.7606557377,
    "researchAndDevelopmentExpenses": 0,
    "generalAndAdministrativeExpenses": 747000000,
    "sellingAndMarketingExpenses": 0,
    "sellingGeneralAndAdministrativeExpenses": 747000000,
    "otherExpenses": 670000000,
    "operatingExpenses": 1417000000,
    "costAndExpenses": 2001000000,
    "interestIncome": 1750000000,
    "interestExpense": 334000000,
    "depreciationAndAmortization": 91000000,
    "ebitda": 530000000,
    "ebitdaratio": 0.2172131148,
    "operatingIncome": 439000000,
    "operatingIncomeRatio": 0.1799180328,
    "totalOtherIncomeExpensesNet": 0,
    "incomeBeforeTax": 439000000,
    "incomeBeforeTaxRatio": 0.1799180328,
    "incomeTaxExpense": 68000000,
    "netIncome": 366000000,
    "netIncomeRatio": 0.15,
    "eps": 0.52,
    "epsdiluted": 0.52,
    "weightedAverageShsOut": 697052000,
    "weightedAverageShsOutDil": 705604000,
    "link": "https://www.sec.gov/Archives/edgar/data/92230/000119312511304459/0001193125-11-304459-index.htm",
    "finalLink": "https://www.sec.gov/Archives/edgar/data/92230/000119312511304459/d254062d10q.htm"
  },
  {
    "date": "2011-06-30",
    "symbol": "TFC",
    "reportedCurrency": "USD",
    "cik": "0000092230",
    "fillingDate": "2011-08-08",
    "acceptedDate": "2011-08-08 16:07:12",
    "calendarYear": "2011",
    "period": "Q2",
    "revenue": 2487000000,
    "costOfRevenue": 664000000,
    "grossProfit": 1823000000,
    "grossProfitRatio": 0.7330116606,
    "researchAndDevelopmentExpenses": 0,
    "generalAndAdministrativeExpenses": 828000000,
    "sellingAndMarketingExpenses": 0,
    "sellingGeneralAndAdministrativeExpenses": 828000000,
    "otherExpenses": 577000000,
    "operatingExpenses": 1405000000,
    "costAndExpenses": 2069000000,
    "interestIncome": 1690000000,
    "interestExpense": 336000000,
    "depreciationAndAmortization": 89000000,
    "ebitda": 507000000,
    "ebitdaratio": 0.2038600724,
    "operatingIncome": 418000000,
    "operatingIncomeRatio": 0.1680739847,
    "totalOtherIncomeExpensesNet": 0,
    "incomeBeforeTax": 418000000,
    "incomeBeforeTaxRatio": 0.1680739847,
    "incomeTaxExpense": 91000000,
    "netIncome": 307000000,
    "netIncomeRatio": 0.1234418979,
    "eps": 0.44,
    "epsdiluted": 0.44,
    "weightedAverageShsOut": 696625000,
    "weightedAverageShsOutDil": 704969000,
    "link": "https://www.sec.gov/Archives/edgar/data/92230/000119312511214212/0001193125-11-214212-index.htm",
    "finalLink": "https://www.sec.gov/Archives/edgar/data/92230/000119312511214212/d10q.htm"
  },
  {
    "date": "2011-03-31",
    "symbol": "TFC",
    "reportedCurrency": "USD",
    "cik": "0000092230",
    "fillingDate": "2011-05-06",
    "acceptedDate": "2011-05-06 16:12:50",
    "calendarYear": "2011",
    "period": "Q1",
    "revenue": 2391000000,
    "costOfRevenue": 731000000,
    "grossProfit": 1660000000,
    "grossProfitRatio": 0.6942701798,
    "researchAndDevelopmentExpenses": 0,
    "generalAndAdministrativeExpenses": 837000000,
    "sellingAndMarketingExpenses": 0,
    "sellingGeneralAndAdministrativeExpenses": 837000000,
    "otherExpenses": 536000000,
    "operatingExpenses": 1373000000,
    "costAndExpenses": 2104000000,
    "interestIncome": 1676000000,
    "interestExpense": 391000000,
    "depreciationAndAmortization": 91000000,
    "ebitda": 378000000,
    "ebitdaratio": 0.1580928482,
    "operatingIncome": 287000000,
    "operatingIncomeRatio": 0.1200334588,
    "totalOtherIncomeExpensesNet": 0,
    "incomeBeforeTax": 287000000,
    "incomeBeforeTaxRatio": 0.1200334588,
    "incomeTaxExpense": 53000000,
    "netIncome": 225000000,
    "netIncomeRatio": 0.0941028858,
    "eps": 0.32,
    "epsdiluted": 0.32,
    "weightedAverageShsOut": 695309000,
    "weightedAverageShsOutDil": 704101000,
    "link": "https://www.sec.gov/Archives/edgar/data/92230/000119312511130710/0001193125-11-130710-index.htm",
    "finalLink": "https://www.sec.gov/Archives/edgar/data/92230/000119312511130710/d10q.htm"
  },
  {
    "date": "2010-12-31",
    "symbol": "TFC",
    "reportedCurrency": "USD",
    "cik": "0000092230",
    "fillingDate": "2011-02-25",
    "acceptedDate": "2011-02-25 16:11:32",
    "calendarYear": "2010",
    "period": "Q4",
    "revenue": 2835000000,
    "costOfRevenue": 1066000000,
    "grossProfit": 1769000000,
    "grossProfitRatio": 0.6239858907,
    "researchAndDevelopmentExpenses": 0,
    "generalAndAdministrativeExpenses": 508000000,
    "sellingAndMarketingExpenses": 0,
    "sellingGeneralAndAdministrativeExpenses": 508000000,
    "otherExpenses": 1029000000,
    "operatingExpenses": 1537000000,
    "costAndExpenses": 2603000000,
    "interestIncome": 1755000000,
    "interestExpense": 423000000,
    "depreciationAndAmortization": 94000000,
    "ebitda": 326000000,
    "ebitdaratio": 0.1149911817,
    "operatingIncome": 232000000,
    "operatingIncomeRatio": 0.0818342152,
    "totalOtherIncomeExpensesNet": 0,
    "incomeBeforeTax": 232000000,
    "incomeBeforeTaxRatio": 0.0818342152,
    "incomeTaxExpense": 15000000,
    "netIncome": 208000000,
    "netIncomeRatio": 0.0733686067,
    "eps": 0.3,
    "epsdiluted": 0.3,
    "weightedAverageShsOut": 629583000,
    "weightedAverageShsOutDil": 635619000,
    "link": "https://www.sec.gov/Archives/edgar/data/92230/000119312511047405/0001193125-11-047405-index.htm",
    "finalLink": "https://www.sec.gov/Archives/edgar/data/92230/000119312511047405/d10k.htm"
  },
  {
    "date": "2010-09-30",
    "symbol": "TFC",
    "reportedCurrency": "USD",
    "cik": "0000092230",
    "fillingDate": "2010-11-09",
    "acceptedDate": "2010-11-09 14:44:12",
    "calendarYear": "2010",
    "period": "Q3",
    "revenue": 2872000000,
    "costOfRevenue": 1218000000,
    "grossProfit": 1654000000,
    "grossProfitRatio": 0.5759052925,
    "researchAndDevelopmentExpenses": 0,
    "generalAndAdministrativeExpenses": 784000000,
    "sellingAndMarketingExpenses": 0,
    "sellingGeneralAndAdministrativeExpenses": 784000000,
    "otherExpenses": 624000000,
    "operatingExpenses": 1408000000,
    "costAndExpenses": 2626000000,
    "interestIncome": 1762000000,
    "interestExpense": 448000000,
    "depreciationAndAmortization": 94000000,
    "ebitda": 340000000,
    "ebitdaratio": 0.1183844011,
    "operatingIncome": 246000000,
    "operatingIncomeRatio": 0.0856545961,
    "totalOtherIncomeExpensesNet": 0,
    "incomeBeforeTax": 246000000,
    "incomeBeforeTaxRatio": 0.0856545961,
    "incomeTaxExpense": 27000000,
    "netIncome": 210000000,
    "netIncomeRatio": 0.0731197772,
    "eps": 0.3,
    "epsdiluted": 0.3,
    "weightedAverageShsOut": 693017000,
    "weightedAverageShsOutDil": 701535000,
    "link": "https://www.sec.gov/Archives/edgar/data/92230/000119312510253933/0001193125-10-253933-index.htm",
    "finalLink": "https://www.sec.gov/Archives/edgar/data/92230/000119312510253933/d10q.htm"
  },
  {
    "date": "2010-06-30",
    "symbol": "TFC",
    "reportedCurrency": "USD",
    "cik": "0000092230",
    "fillingDate": "2010-08-09",
    "acceptedDate": "2010-08-09 15:22:16",
    "calendarYear": "2010",
    "period": "Q2",
    "revenue": 2858000000,
    "costOfRevenue": 1109000000,
    "grossProfit": 1749000000,
    "grossProfitRatio": 0.6119664101,
    "researchAndDevelopmentExpenses": 0,
    "generalAndAdministrativeExpenses": 772000000,
    "sellingAndMarketingExpenses": 0,
    "sellingGeneralAndAdministrativeExpenses": 772000000,
    "otherExpenses": 728000000,
    "operatingExpenses": 1500000000,
    "costAndExpenses": 2609000000,
    "interestIncome": 1819000000,
    "interestExpense": 459000000,
    "depreciationAndAmortization": 97000000,
    "ebitda": 346000000,
    "ebitdaratio": 0.1210636809,
    "operatingIncome": 249000000,
    "operatingIncomeRatio": 0.0871238628,
    "totalOtherIncomeExpensesNet": 0,
    "incomeBeforeTax": 249000000,
    "incomeBeforeTaxRatio": 0.0871238628,
    "incomeTaxExpense": 25000000,
    "netIncome": 210000000,
    "netIncomeRatio": 0.0734779566,
    "eps": 0.3,
    "epsdiluted": 0.3,
    "weightedAverageShsOut": 692113000,
    "weightedAverageShsOutDil": 701322000,
    "link": "https://www.sec.gov/Archives/edgar/data/92230/000119312510183211/0001193125-10-183211-index.htm",
    "finalLink": "https://www.sec.gov/Archives/edgar/data/92230/000119312510183211/d10q.htm"
  },
  {
    "date": "2010-03-31",
    "symbol": "TFC",
    "reportedCurrency": "USD",
    "cik": "0000092230",
    "fillingDate": "2010-05-07",
    "acceptedDate": "2010-05-07 16:08:33",
    "calendarYear": "2010",
    "period": "Q1",
    "revenue": 2623000000,
    "costOfRevenue": 1040000000,
    "grossProfit": 1583000000,
    "grossProfitRatio": 0.6035074342,
    "researchAndDevelopmentExpenses": 0,
    "generalAndAdministrativeExpenses": 755000000,
    "sellingAndMarketingExpenses": 0,
    "sellingGeneralAndAdministrativeExpenses": 755000000,
    "otherExpenses": 586000000,
    "operatingExpenses": 1341000000,
    "costAndExpenses": 2381000000,
    "interestIncome": 1779000000,
    "interestExpense": 465000000,
    "depreciationAndAmortization": 97000000,
    "ebitda": 339000000,
    "ebitdaratio": 0.1292413267,
    "operatingIncome": 242000000,
    "operatingIncomeRatio": 0.0922607701,
    "totalOtherIncomeExpensesNet": 0,
    "incomeBeforeTax": 242000000,
    "incomeBeforeTaxRatio": 0.0922607701,
    "incomeTaxExpense": 48000000,
    "netIncome": 188000000,
    "netIncomeRatio": 0.0716736561,
    "eps": 0.27,
    "epsdiluted": 0.27,
    "weightedAverageShsOut": 690792000,
    "weightedAverageShsOutDil": 698675000,
    "link": "https://www.sec.gov/Archives/edgar/data/92230/000119312510112881/0001193125-10-112881-index.htm",
    "finalLink": "https://www.sec.gov/Archives/edgar/data/92230/000119312510112881/d10q.htm"
  },
  {
    "date": "2009-12-31",
    "symbol": "TFC",
    "reportedCurrency": "USD",
    "cik": "0000092230",
    "fillingDate": "2010-02-26",
    "acceptedDate": "2010-02-26 16:28:00",
    "calendarYear": "2009",
    "period": "Q4",
    "revenue": 2763000000,
    "costOfRevenue": 1222000000,
    "grossProfit": 1541000000,
    "grossProfitRatio": 0.5577271082,
    "researchAndDevelopmentExpenses": 0,
    "generalAndAdministrativeExpenses": 366000000,
    "sellingAndMarketingExpenses": 0,
    "sellingGeneralAndAdministrativeExpenses": 366000000,
    "otherExpenses": 968000000,
    "operatingExpenses": 1334000000,
    "costAndExpenses": 2556000000,
    "interestIncome": 1820000000,
    "interestExpense": 497000000,
    "depreciationAndAmortization": 95000000,
    "ebitda": 302000000,
    "ebitdaratio": 0.1093014839,
    "operatingIncome": 207000000,
    "operatingIncomeRatio": 0.0749185668,
    "totalOtherIncomeExpensesNet": 0,
    "incomeBeforeTax": 207000000,
    "incomeBeforeTaxRatio": 0.0749185668,
    "incomeTaxExpense": 13000000,
    "netIncome": 185000000,
    "netIncomeRatio": 0.066956207,
    "eps": 0.27,
    "epsdiluted": 0.27,
    "weightedAverageShsOut": 688590000,
    "weightedAverageShsOutDil": 696038000,
    "link": "https://www.sec.gov/Archives/edgar/data/92230/000119312510042975/0001193125-10-042975-index.htm",
    "finalLink": "https://www.sec.gov/Archives/edgar/data/92230/000119312510042975/d10k.htm"
  },
  {
    "date": "2009-09-30",
    "symbol": "TFC",
    "reportedCurrency": "USD",
    "cik": "0000092230",
    "fillingDate": "2009-11-09",
    "acceptedDate": "2009-11-09 13:37:19",
    "calendarYear": "2009",
    "period": "Q3",
    "revenue": 2685000000,
    "costOfRevenue": 1217000000,
    "grossProfit": 1468000000,
    "grossProfitRatio": 0.5467411546,
    "researchAndDevelopmentExpenses": 0,
    "generalAndAdministrativeExpenses": 726000000,
    "sellingAndMarketingExpenses": 0,
    "sellingGeneralAndAdministrativeExpenses": 726000000,
    "otherExpenses": 594000000,
    "operatingExpenses": 1320000000,
    "costAndExpenses": 2537000000,
    "interestIncome": 1745000000,
    "interestExpense": 508000000,
    "depreciationAndAmortization": 86000000,
    "ebitda": 234000000,
    "ebitdaratio": 0.087150838,
    "operatingIncome": 148000000,
    "operatingIncomeRatio": 0.0551210428,
    "totalOtherIncomeExpensesNet": 0,
    "incomeBeforeTax": 148000000,
    "incomeBeforeTaxRatio": 0.0551210428,
    "incomeTaxExpense": -9000000,
    "netIncome": 152000000,
    "netIncomeRatio": 0.0566108007,
    "eps": 0.23,
    "epsdiluted": 0.23,
    "weightedAverageShsOut": 665408000,
    "weightedAverageShsOutDil": 672457000,
    "link": "https://www.sec.gov/Archives/edgar/data/92230/000119312509229012/0001193125-09-229012-index.htm",
    "finalLink": "https://www.sec.gov/Archives/edgar/data/92230/000119312509229012/d10q.htm"
  },
  {
    "date": "2009-06-30",
    "symbol": "TFC",
    "reportedCurrency": "USD",
    "cik": "0000092230",
    "fillingDate": "2009-08-10",
    "acceptedDate": "2009-08-10 16:48:31",
    "calendarYear": "2009",
    "period": "Q2",
    "revenue": 2633000000,
    "costOfRevenue": 1203000000,
    "grossProfit": 1430000000,
    "grossProfitRatio": 0.5431067224,
    "researchAndDevelopmentExpenses": 0,
    "generalAndAdministrativeExpenses": 763000000,
    "sellingAndMarketingExpenses": 0,
    "sellingGeneralAndAdministrativeExpenses": 763000000,
    "otherExpenses": 418000000,
    "operatingExpenses": 1181000000,
    "costAndExpenses": 2384000000,
    "interestIncome": 1640000000,
    "interestExpense": 502000000,
    "depreciationAndAmortization": 79000000,
    "ebitda": 328000000,
    "ebitdaratio": 0.1245727307,
    "operatingIncome": 249000000,
    "operatingIncomeRatio": 0.0945689328,
    "totalOtherIncomeExpensesNet": 0,
    "incomeBeforeTax": 249000000,
    "incomeBeforeTaxRatio": 0.0945689328,
    "incomeTaxExpense": 41000000,
    "netIncome": 204000000,
    "netIncomeRatio": 0.0774781618,
    "eps": 0.2,
    "epsdiluted": 0.2,
    "weightedAverageShsOut": 602726000,
    "weightedAverageShsOutDil": 608797000,
    "link": "https://www.sec.gov/Archives/edgar/data/92230/000009223009000073/0000092230-09-000073-index.htm",
    "finalLink": "https://www.sec.gov/Archives/edgar/data/92230/000009223009000073/q20910q.htm"
  },
  {
    "date": "2009-03-31",
    "symbol": "TFC",
    "reportedCurrency": "USD",
    "cik": "0000092230",
    "fillingDate": "2009-05-08",
    "acceptedDate": "2009-05-08 15:09:09",
    "calendarYear": "2009",
    "period": "Q1",
    "revenue": 2710000000,
    "costOfRevenue": 1209000000,
    "grossProfit": 1501000000,
    "grossProfitRatio": 0.5538745387,
    "researchAndDevelopmentExpenses": 0,
    "generalAndAdministrativeExpenses": 662000000,
    "sellingAndMarketingExpenses": 0,
    "sellingGeneralAndAdministrativeExpenses": 662000000,
    "otherExpenses": 407000000,
    "operatingExpenses": 1069000000,
    "costAndExpenses": 2278000000,
    "interestIncome": 1679000000,
    "interestExpense": 533000000,
    "depreciationAndAmortization": 79000000,
    "ebitda": 511000000,
    "ebitdaratio": 0.1885608856,
    "operatingIncome": 432000000,
    "operatingIncomeRatio": 0.1594095941,
    "totalOtherIncomeExpensesNet": 0,
    "incomeBeforeTax": 432000000,
    "incomeBeforeTaxRatio": 0.1594095941,
    "incomeTaxExpense": 114000000,
    "netIncome": 312000000,
    "netIncomeRatio": 0.1151291513,
    "eps": 0.48,
    "epsdiluted": 0.48,
    "weightedAverageShsOut": 559801000,
    "weightedAverageShsOutDil": 563566000,
    "link": "https://www.sec.gov/Archives/edgar/data/92230/000009223009000044/0000092230-09-000044-index.htm",
    "finalLink": "https://www.sec.gov/Archives/edgar/data/92230/000009223009000044/q110q.htm"
  },
  {
    "date": "2008-12-31",
    "symbol": "TFC",
    "reportedCurrency": "USD",
    "cik": "0000092230",
    "fillingDate": "2009-02-27",
    "acceptedDate": "2009-02-27 17:21:11",
    "calendarYear": "2008",
    "period": "Q4",
    "revenue": 2456000000,
    "costOfRevenue": 1192000000,
    "grossProfit": 1264000000,
    "grossProfitRatio": 0.5146579805,
    "researchAndDevelopmentExpenses": 0,
    "generalAndAdministrativeExpenses": 537000000,
    "sellingAndMarketingExpenses": 0,
    "sellingGeneralAndAdministrativeExpenses": 537000000,
    "otherExpenses": 397000000,
    "operatingExpenses": 934000000,
    "costAndExpenses": 2126000000,
    "interestIncome": 1692000000,
    "interestExpense": 664000000,
    "depreciationAndAmortization": 75000000,
    "ebitda": 405000000,
    "ebitdaratio": 0.1649022801,
    "operatingIncome": 330000000,
    "operatingIncomeRatio": 0.1343648208,
    "totalOtherIncomeExpensesNet": 0,
    "incomeBeforeTax": 330000000,
    "incomeBeforeTaxRatio": 0.1343648208,
    "incomeTaxExpense": 25000000,
    "netIncome": 305000000,
    "netIncomeRatio": 0.1241856678,
    "eps": 0.54,
    "epsdiluted": 0.54,
    "weightedAverageShsOut": 559801000,
    "weightedAverageShsOutDil": 563566000,
    "link": "https://www.sec.gov/Archives/edgar/data/92230/000119312509041217/0001193125-09-041217-index.htm",
    "finalLink": "https://www.sec.gov/Archives/edgar/data/92230/000119312509041217/d10k.htm"
  },
  {
    "date": "2008-09-30",
    "symbol": "TFC",
    "reportedCurrency": "USD",
    "cik": "0000092230",
    "fillingDate": "2008-11-06",
    "acceptedDate": "2008-11-06 16:33:22",
    "calendarYear": "2008",
    "period": "Q3",
    "revenue": 2585000000,
    "costOfRevenue": 1069000000,
    "grossProfit": 1516000000,
    "grossProfitRatio": 0.5864603482,
    "researchAndDevelopmentExpenses": 0,
    "generalAndAdministrativeExpenses": 552000000,
    "sellingAndMarketingExpenses": 0,
    "sellingGeneralAndAdministrativeExpenses": 552000000,
    "otherExpenses": 457000000,
    "operatingExpenses": 1009000000,
    "costAndExpenses": 2078000000,
    "interestIncome": 1793000000,
    "interestExpense": 705000000,
    "depreciationAndAmortization": 78000000,
    "ebitda": 585000000,
    "ebitdaratio": 0.2263056093,
    "operatingIncome": 507000000,
    "operatingIncomeRatio": 0.196131528,
    "totalOtherIncomeExpensesNet": 0,
    "incomeBeforeTax": 507000000,
    "incomeBeforeTaxRatio": 0.196131528,
    "incomeTaxExpense": 149000000,
    "netIncome": 358000000,
    "netIncomeRatio": 0.1384912959,
    "eps": 0.65,
    "epsdiluted": 0.65,
    "weightedAverageShsOut": 549761000,
    "weightedAverageShsOutDil": 553544000,
    "link": "https://www.sec.gov/Archives/edgar/data/92230/000009223008000089/0000092230-08-000089-index.htm",
    "finalLink": "https://www.sec.gov/Archives/edgar/data/92230/000009223008000089/q110q1.htm"
  },
  {
    "date": "2008-06-30",
    "symbol": "TFC",
    "reportedCurrency": "USD",
    "cik": "0000092230",
    "fillingDate": "2008-08-07",
    "acceptedDate": "2008-08-07 16:13:19",
    "calendarYear": "2008",
    "period": "Q2",
    "revenue": 2617000000,
    "costOfRevenue": 1052000000,
    "grossProfit": 1565000000,
    "grossProfitRatio": 0.598012992,
    "researchAndDevelopmentExpenses": 0,
    "generalAndAdministrativeExpenses": 602000000,
    "sellingAndMarketingExpenses": 0,
    "sellingGeneralAndAdministrativeExpenses": 602000000,
    "otherExpenses": 357000000,
    "operatingExpenses": 959000000,
    "costAndExpenses": 2011000000,
    "interestIncome": 1790000000,
    "interestExpense": 722000000,
    "depreciationAndAmortization": 72000000,
    "ebitda": 678000000,
    "ebitdaratio": 0.259075277,
    "operatingIncome": 606000000,
    "operatingIncomeRatio": 0.2315628582,
    "totalOtherIncomeExpensesNet": 0,
    "incomeBeforeTax": 606000000,
    "incomeBeforeTaxRatio": 0.2315628582,
    "incomeTaxExpense": 175000000,
    "netIncome": 428000000,
    "netIncomeRatio": 0.1635460451,
    "eps": 0.78,
    "epsdiluted": 0.78,
    "weightedAverageShsOut": 546628000,
    "weightedAverageShsOutDil": 549758000,
    "link": "https://www.sec.gov/Archives/edgar/data/92230/000009223008000061/0000092230-08-000061-index.htm",
    "finalLink": "https://www.sec.gov/Archives/edgar/data/92230/000009223008000061/q20810q.htm"
  },
  {
    "date": "2008-03-31",
    "symbol": "TFC",
    "reportedCurrency": "USD",
    "cik": "0000092230",
    "fillingDate": "2008-05-08",
    "acceptedDate": "2008-05-08 16:31:29",
    "calendarYear": "2008",
    "period": "Q1",
    "revenue": 2666000000,
    "costOfRevenue": 1101000000,
    "grossProfit": 1565000000,
    "grossProfitRatio": 0.5870217554,
    "researchAndDevelopmentExpenses": 0,
    "generalAndAdministrativeExpenses": 583000000,
    "sellingAndMarketingExpenses": 0,
    "sellingGeneralAndAdministrativeExpenses": 583000000,
    "otherExpenses": 352000000,
    "operatingExpenses": 935000000,
    "costAndExpenses": 2036000000,
    "interestIncome": 1895000000,
    "interestExpense": 878000000,
    "depreciationAndAmortization": 73000000,
    "ebitda": 703000000,
    "ebitdaratio": 0.2636909227,
    "operatingIncome": 630000000,
    "operatingIncomeRatio": 0.2363090773,
    "totalOtherIncomeExpensesNet": 0,
    "incomeBeforeTax": 630000000,
    "incomeBeforeTaxRatio": 0.2363090773,
    "incomeTaxExpense": 201000000,
    "netIncome": 428000000,
    "netIncomeRatio": 0.160540135,
    "eps": 0.78,
    "epsdiluted": 0.78,
    "weightedAverageShsOut": 546214000,
    "weightedAverageShsOutDil": 548946000,
    "link": "https://www.sec.gov/Archives/edgar/data/92230/000009223008000040/0000092230-08-000040-index.htm",
    "finalLink": "https://www.sec.gov/Archives/edgar/data/92230/000009223008000040/complete10q.htm"
  },
  {
    "date": "2007-12-31",
    "symbol": "TFC",
    "reportedCurrency": "USD",
    "cik": "0000092230",
    "fillingDate": "2008-02-28",
    "acceptedDate": "2008-02-28 16:48:33",
    "calendarYear": "2007",
    "period": "Q4",
    "revenue": 2709000000,
    "costOfRevenue": 1205000000,
    "grossProfit": 1504000000,
    "grossProfitRatio": 0.5551864157,
    "researchAndDevelopmentExpenses": 0,
    "generalAndAdministrativeExpenses": 516000000,
    "sellingAndMarketingExpenses": 0,
    "sellingGeneralAndAdministrativeExpenses": 516000000,
    "otherExpenses": 405000000,
    "operatingExpenses": 921000000,
    "costAndExpenses": 2126000000,
    "interestIncome": 1942000000,
    "interestExpense": 1021000000,
    "depreciationAndAmortization": 73000000,
    "ebitda": 656000000,
    "ebitdaratio": 0.242155777,
    "operatingIncome": 583000000,
    "operatingIncomeRatio": 0.215208564,
    "totalOtherIncomeExpensesNet": 0,
    "incomeBeforeTax": 583000000,
    "incomeBeforeTaxRatio": 0.215208564,
    "incomeTaxExpense": 172000000,
    "netIncome": 411000000,
    "netIncomeRatio": 0.1517165006,
    "eps": 0.75,
    "epsdiluted": 0.75,
    "weightedAverageShsOut": 473304000,
    "weightedAverageShsOutDil": 478793000,
    "link": "https://www.sec.gov/Archives/edgar/data/92230/000119312508041900/0001193125-08-041900-index.htm",
    "finalLink": "https://www.sec.gov/Archives/edgar/data/92230/000119312508041900/d10k.htm"
  },
  {
    "date": "2007-09-30",
    "symbol": "TFC",
    "reportedCurrency": "USD",
    "cik": "0000092230",
    "fillingDate": "2007-11-06",
    "acceptedDate": "2007-11-06 16:47:55",
    "calendarYear": "2007",
    "period": "Q3",
    "revenue": 2705000000,
    "costOfRevenue": 1157000000,
    "grossProfit": 1548000000,
    "grossProfitRatio": 0.5722735675,
    "researchAndDevelopmentExpenses": 0,
    "generalAndAdministrativeExpenses": 514000000,
    "sellingAndMarketingExpenses": 0,
    "sellingGeneralAndAdministrativeExpenses": 514000000,
    "otherExpenses": 374000000,
    "operatingExpenses": 888000000,
    "costAndExpenses": 2045000000,
    "interestIncome": 2030000000,
    "interestExpense": 1052000000,
    "depreciationAndAmortization": 71000000,
    "ebitda": 731000000,
    "ebitdaratio": 0.2702402957,
    "operatingIncome": 660000000,
    "operatingIncomeRatio": 0.2439926063,
    "totalOtherIncomeExpensesNet": 0,
    "incomeBeforeTax": 660000000,
    "incomeBeforeTaxRatio": 0.2439926063,
    "incomeTaxExpense": 216000000,
    "netIncome": 444000000,
    "netIncomeRatio": 0.1641404806,
    "eps": 0.81,
    "epsdiluted": 0.8,
    "weightedAverageShsOut": 550603000,
    "weightedAverageShsOutDil": 555336000,
    "link": "https://www.sec.gov/Archives/edgar/data/92230/000009223007000062/0000092230-07-000062-index.htm",
    "finalLink": "https://www.sec.gov/Archives/edgar/data/92230/000009223007000062/q3q2007edgar.htm"
  },
  {
    "date": "2007-06-30",
    "symbol": "TFC",
    "reportedCurrency": "USD",
    "cik": "0000092230",
    "fillingDate": "2007-08-07",
    "acceptedDate": "2007-08-07 16:21:54",
    "calendarYear": "2007",
    "period": "Q2",
    "revenue": 2690000000,
    "costOfRevenue": 1083000000,
    "grossProfit": 1607000000,
    "grossProfitRatio": 0.5973977695,
    "researchAndDevelopmentExpenses": 0,
    "generalAndAdministrativeExpenses": 540000000,
    "sellingAndMarketingExpenses": 0,
    "sellingGeneralAndAdministrativeExpenses": 540000000,
    "otherExpenses": 383000000,
    "operatingExpenses": 923000000,
    "costAndExpenses": 2006000000,
    "interestIncome": 1961000000,
    "interestExpense": 995000000,
    "depreciationAndAmortization": 70000000,
    "ebitda": 754000000,
    "ebitdaratio": 0.2802973978,
    "operatingIncome": 684000000,
    "operatingIncomeRatio": 0.2542750929,
    "totalOtherIncomeExpensesNet": 0,
    "incomeBeforeTax": 684000000,
    "incomeBeforeTaxRatio": 0.2542750929,
    "incomeTaxExpense": 226000000,
    "netIncome": 458000000,
    "netIncomeRatio": 0.170260223,
    "eps": 0.84,
    "epsdiluted": 0.83,
    "weightedAverageShsOut": 548385000,
    "weightedAverageShsOutDil": 553935000,
    "link": "https://www.sec.gov/Archives/edgar/data/92230/000009223007000047/0000092230-07-000047-index.htm",
    "finalLink": "https://www.sec.gov/Archives/edgar/data/92230/000009223007000047/q2_10q.htm"
  },
  {
    "date": "2007-03-31",
    "symbol": "TFC",
    "reportedCurrency": "USD",
    "cik": "0000092230",
    "fillingDate": "2007-05-04",
    "acceptedDate": "2007-05-04 16:45:24",
    "calendarYear": "2007",
    "period": "Q1",
    "revenue": 2543000000,
    "costOfRevenue": 1017000000,
    "grossProfit": 1526000000,
    "grossProfitRatio": 0.6000786473,
    "researchAndDevelopmentExpenses": 0,
    "generalAndAdministrativeExpenses": 524000000,
    "sellingAndMarketingExpenses": 0,
    "sellingGeneralAndAdministrativeExpenses": 524000000,
    "otherExpenses": 359000000,
    "operatingExpenses": 883000000,
    "costAndExpenses": 1900000000,
    "interestIncome": 1891000000,
    "interestExpense": 946000000,
    "depreciationAndAmortization": 69000000,
    "ebitda": 712000000,
    "ebitdaratio": 0.2799842705,
    "operatingIncome": 643000000,
    "operatingIncomeRatio": 0.2528509634,
    "totalOtherIncomeExpensesNet": 0,
    "incomeBeforeTax": 643000000,
    "incomeBeforeTaxRatio": 0.2528509634,
    "incomeTaxExpense": 222000000,
    "netIncome": 421000000,
    "netIncomeRatio": 0.1655524971,
    "eps": 0.78,
    "epsdiluted": 0.77,
    "weightedAverageShsOut": 541851000,
    "weightedAverageShsOutDil": 547230000,
    "link": "https://www.sec.gov/Archives/edgar/data/92230/000009223007000030/0000092230-07-000030-index.htm",
    "finalLink": "https://www.sec.gov/Archives/edgar/data/92230/000009223007000030/q10710q.htm"
  },
  {
    "date": "2006-12-31",
    "symbol": "TFC",
    "reportedCurrency": "USD",
    "cik": "0000092230",
    "fillingDate": "2007-02-27",
    "acceptedDate": "2007-02-27 17:05:48",
    "calendarYear": "2006",
    "period": "Q4",
    "revenue": 2436270000,
    "costOfRevenue": 982294000,
    "grossProfit": 1453976000,
    "grossProfitRatio": 0.5968041309,
    "researchAndDevelopmentExpenses": 0,
    "generalAndAdministrativeExpenses": 533303000,
    "sellingAndMarketingExpenses": 0,
    "sellingGeneralAndAdministrativeExpenses": 533303000,
    "otherExpenses": 357429000,
    "operatingExpenses": 890732000,
    "costAndExpenses": 1873026000,
    "interestIncome": 1817324000,
    "interestExpense": 909933000,
    "depreciationAndAmortization": 66911000,
    "ebitda": 630155000,
    "ebitdaratio": 0.2586556498,
    "operatingIncome": 563244000,
    "operatingIncomeRatio": 0.2311911241,
    "totalOtherIncomeExpensesNet": 0,
    "incomeBeforeTax": 563244000,
    "incomeBeforeTaxRatio": 0.2311911241,
    "incomeTaxExpense": 312885000,
    "netIncome": 250359000,
    "netIncomeRatio": 0.1027632405,
    "eps": 0.46,
    "epsdiluted": 0.46,
    "weightedAverageShsOut": 473304000,
    "weightedAverageShsOutDil": 478793000,
    "link": "https://www.sec.gov/Archives/edgar/data/92230/000119312507041147/0001193125-07-041147-index.htm",
    "finalLink": "https://www.sec.gov/Archives/edgar/data/92230/000119312507041147/d10k.htm"
  },
  {
    "date": "2006-09-30",
    "symbol": "TFC",
    "reportedCurrency": "USD",
    "cik": "0000092230",
    "fillingDate": "2006-11-02",
    "acceptedDate": "2006-11-02 16:30:37",
    "calendarYear": "2006",
    "period": "Q3",
    "revenue": 2463000000,
    "costOfRevenue": 927000000,
    "grossProfit": 1536000000,
    "grossProfitRatio": 0.6236297199,
    "researchAndDevelopmentExpenses": 0,
    "generalAndAdministrativeExpenses": 524000000,
    "sellingAndMarketingExpenses": 0,
    "sellingGeneralAndAdministrativeExpenses": 524000000,
    "otherExpenses": 392000000,
    "operatingExpenses": 916000000,
    "costAndExpenses": 1843000000,
    "interestIncome": 1803000000,
    "interestExpense": 865000000,
    "depreciationAndAmortization": 77000000,
    "ebitda": 697000000,
    "ebitdaratio": 0.2829882257,
    "operatingIncome": 620000000,
    "operatingIncomeRatio": 0.251725538,
    "totalOtherIncomeExpensesNet": 0,
    "incomeBeforeTax": 620000000,
    "incomeBeforeTaxRatio": 0.251725538,
    "incomeTaxExpense": 203000000,
    "netIncome": 417000000,
    "netIncomeRatio": 0.1693057247,
    "eps": 0.77,
    "epsdiluted": 0.77,
    "weightedAverageShsOut": 538911000,
    "weightedAverageShsOutDil": 544286000,
    "link": "https://www.sec.gov/Archives/edgar/data/92230/000009223006000094/0000092230-06-000094-index.htm",
    "finalLink": "https://www.sec.gov/Archives/edgar/data/92230/000009223006000094/q3200610q.htm"
  },
  {
    "date": "2006-06-30",
    "symbol": "TFC",
    "reportedCurrency": "USD",
    "cik": "0000092230",
    "fillingDate": "2006-08-04",
    "acceptedDate": "2006-08-04 12:33:06",
    "calendarYear": "2006",
    "period": "Q2",
    "revenue": 2320000000,
    "costOfRevenue": 810000000,
    "grossProfit": 1510000000,
    "grossProfitRatio": 0.650862069,
    "researchAndDevelopmentExpenses": 0,
    "generalAndAdministrativeExpenses": 506000000,
    "sellingAndMarketingExpenses": 0,
    "sellingGeneralAndAdministrativeExpenses": 506000000,
    "otherExpenses": 354000000,
    "operatingExpenses": 860000000,
    "costAndExpenses": 1670000000,
    "interestIncome": 1669000000,
    "interestExpense": 752000000,
    "depreciationAndAmortization": 30000000,
    "ebitda": 680000000,
    "ebitdaratio": 0.2931034483,
    "operatingIncome": 650000000,
    "operatingIncomeRatio": 0.2801724138,
    "totalOtherIncomeExpensesNet": 0,
    "incomeBeforeTax": 650000000,
    "incomeBeforeTaxRatio": 0.2801724138,
    "incomeTaxExpense": 221000000,
    "netIncome": 429000000,
    "netIncomeRatio": 0.1849137931,
    "eps": 0.8,
    "epsdiluted": 0.79,
    "weightedAverageShsOut": 536882000,
    "weightedAverageShsOutDil": 541608000,
    "link": "https://www.sec.gov/Archives/edgar/data/92230/000009223006000071/0000092230-06-000071-index.htm",
    "finalLink": "https://www.sec.gov/Archives/edgar/data/92230/000009223006000071/q1200610q.htm"
  },
  {
    "date": "2006-03-31",
    "symbol": "TFC",
    "reportedCurrency": "USD",
    "cik": "0000092230",
    "fillingDate": "2006-05-05",
    "acceptedDate": "2006-05-05 15:17:05",
    "calendarYear": "2006",
    "period": "Q1",
    "revenue": 2165000000,
    "costOfRevenue": 707000000,
    "grossProfit": 1458000000,
    "grossProfitRatio": 0.6734411085,
    "researchAndDevelopmentExpenses": 0,
    "generalAndAdministrativeExpenses": 514000000,
    "sellingAndMarketingExpenses": 0,
    "sellingGeneralAndAdministrativeExpenses": 514000000,
    "otherExpenses": 305000000,
    "operatingExpenses": 819000000,
    "costAndExpenses": 1526000000,
    "interestIncome": 1557000000,
    "interestExpense": 659000000,
    "depreciationAndAmortization": 107000000,
    "ebitda": 746000000,
    "ebitdaratio": 0.3445727483,
    "operatingIncome": 639000000,
    "operatingIncomeRatio": 0.2951501155,
    "totalOtherIncomeExpensesNet": 0,
    "incomeBeforeTax": 639000000,
    "incomeBeforeTaxRatio": 0.2951501155,
    "incomeTaxExpense": 208000000,
    "netIncome": 431000000,
    "netIncomeRatio": 0.1990762125,
    "eps": 0.8,
    "epsdiluted": 0.79,
    "weightedAverageShsOut": 539953000,
    "weightedAverageShsOutDil": 543436000,
    "link": "https://www.sec.gov/Archives/edgar/data/92230/000009223006000045/0000092230-06-000045-index.htm",
    "finalLink": "https://www.sec.gov/Archives/edgar/data/92230/000009223006000045/q1200610q.htm"
  },
  {
    "date": "2005-12-31",
    "symbol": "TFC",
    "reportedCurrency": "USD",
    "cik": "0000092230",
    "fillingDate": "2006-03-10",
    "acceptedDate": "2006-03-10 16:24:23",
    "calendarYear": "2005",
    "period": "Q4",
    "revenue": 2118179000,
    "costOfRevenue": 668813000,
    "grossProfit": 1449366000,
    "grossProfitRatio": 0.6842509533,
    "researchAndDevelopmentExpenses": 0,
    "generalAndAdministrativeExpenses": 468098000,
    "sellingAndMarketingExpenses": 0,
    "sellingGeneralAndAdministrativeExpenses": 468098000,
    "otherExpenses": 349933000,
    "operatingExpenses": 818031000,
    "costAndExpenses": 1486844000,
    "interestIncome": 1499217000,
    "interestExpense": 599484000,
    "depreciationAndAmortization": 80616000,
    "ebitda": 711951000,
    "ebitdaratio": 0.3361146532,
    "operatingIncome": 631335000,
    "operatingIncomeRatio": 0.2980555468,
    "totalOtherIncomeExpensesNet": 0,
    "incomeBeforeTax": 631335000,
    "incomeBeforeTaxRatio": 0.2980555468,
    "incomeTaxExpense": 201761000,
    "netIncome": 429574000,
    "netIncomeRatio": 0.2028034458,
    "eps": 0.8,
    "epsdiluted": 0.79,
    "weightedAverageShsOut": 473304000,
    "weightedAverageShsOutDil": 478793000,
    "link": "https://www.sec.gov/Archives/edgar/data/92230/000119312506051066/0001193125-06-051066-index.htm",
    "finalLink": "https://www.sec.gov/Archives/edgar/data/92230/000119312506051066/d10k.htm"
  },
  {
    "date": "2005-09-30",
    "symbol": "TFC",
    "reportedCurrency": "USD",
    "cik": "0000092230",
    "fillingDate": "2005-11-04",
    "acceptedDate": "2005-11-04 16:06:20",
    "calendarYear": "2005",
    "period": "Q3",
    "revenue": 2035569000,
    "costOfRevenue": 588922000,
    "grossProfit": 1446647000,
    "grossProfitRatio": 0.7106843345,
    "researchAndDevelopmentExpenses": 0,
    "generalAndAdministrativeExpenses": 451260000,
    "sellingAndMarketingExpenses": 0,
    "sellingGeneralAndAdministrativeExpenses": 451260000,
    "otherExpenses": 335216000,
    "operatingExpenses": 786476000,
    "costAndExpenses": 1375398000,
    "interestIncome": 1430449000,
    "interestExpense": 531457000,
    "depreciationAndAmortization": 76507000,
    "ebitda": 736678000,
    "ebitdaratio": 0.3619027407,
    "operatingIncome": 660171000,
    "operatingIncomeRatio": 0.3243176724,
    "totalOtherIncomeExpensesNet": 0,
    "incomeBeforeTax": 660171000,
    "incomeBeforeTaxRatio": 0.3243176724,
    "incomeTaxExpense": 218165000,
    "netIncome": 442006000,
    "netIncomeRatio": 0.2171412514,
    "eps": 0.81,
    "epsdiluted": 0.8,
    "weightedAverageShsOut": 547468000,
    "weightedAverageShsOutDil": 552059000,
    "link": "https://www.sec.gov/Archives/edgar/data/92230/000009223005000089/0000092230-05-000089-index.htm",
    "finalLink": "https://www.sec.gov/Archives/edgar/data/92230/000009223005000089/a3q200510q.htm"
  },
  {
    "date": "2005-06-30",
    "symbol": "TFC",
    "reportedCurrency": "USD",
    "cik": "0000092230",
    "fillingDate": "2005-08-05",
    "acceptedDate": "2005-08-05 16:05:23",
    "calendarYear": "2005",
    "period": "Q2",
    "revenue": 1917603000,
    "costOfRevenue": 505143000,
    "grossProfit": 1412460000,
    "grossProfitRatio": 0.7365758189,
    "researchAndDevelopmentExpenses": 0,
    "generalAndAdministrativeExpenses": 450730000,
    "sellingAndMarketingExpenses": 0,
    "sellingGeneralAndAdministrativeExpenses": 450730000,
    "otherExpenses": 380558000,
    "operatingExpenses": 831288000,
    "costAndExpenses": 1336431000,
    "interestIncome": 1332684000,
    "interestExpense": 455719000,
    "depreciationAndAmortization": 100832000,
    "ebitda": 682004000,
    "ebitdaratio": 0.355654429,
    "operatingIncome": 581172000,
    "operatingIncomeRatio": 0.3030721166,
    "totalOtherIncomeExpensesNet": 0,
    "incomeBeforeTax": 581172000,
    "incomeBeforeTaxRatio": 0.3030721166,
    "incomeTaxExpense": 194367000,
    "netIncome": 386805000,
    "netIncomeRatio": 0.2017127633,
    "eps": 0.71,
    "epsdiluted": 0.7,
    "weightedAverageShsOut": 547089000,
    "weightedAverageShsOutDil": 551245000,
    "link": "https://www.sec.gov/Archives/edgar/data/92230/000009223005000059/0000092230-05-000059-index.htm",
    "finalLink": "https://www.sec.gov/Archives/edgar/data/92230/000009223005000059/q20510q.htm"
  },
  {
    "date": "2005-03-31",
    "symbol": "TFC",
    "reportedCurrency": "USD",
    "cik": "0000092230",
    "fillingDate": "2005-05-09",
    "acceptedDate": "2005-05-09 16:14:49",
    "calendarYear": "2005",
    "period": "Q1",
    "revenue": 1760113000,
    "costOfRevenue": 435354000,
    "grossProfit": 1324759000,
    "grossProfitRatio": 0.7526556534,
    "researchAndDevelopmentExpenses": 0,
    "generalAndAdministrativeExpenses": 415116000,
    "sellingAndMarketingExpenses": 0,
    "sellingGeneralAndAdministrativeExpenses": 415116000,
    "otherExpenses": 315590000,
    "operatingExpenses": 730706000,
    "costAndExpenses": 1166060000,
    "interestIncome": 1243492000,
    "interestExpense": 394309000,
    "depreciationAndAmortization": 75035000,
    "ebitda": 669088000,
    "ebitdaratio": 0.3801392297,
    "operatingIncome": 594053000,
    "operatingIncomeRatio": 0.3375084441,
    "totalOtherIncomeExpensesNet": 0,
    "incomeBeforeTax": 594053000,
    "incomeBeforeTaxRatio": 0.3375084441,
    "incomeTaxExpense": 198669000,
    "netIncome": 395384000,
    "netIncomeRatio": 0.2246355774,
    "eps": 0.72,
    "epsdiluted": 0.71,
    "weightedAverageShsOut": 549282000,
    "weightedAverageShsOutDil": 553655000,
    "link": "https://www.sec.gov/Archives/edgar/data/92230/000009223005000036/0000092230-05-000036-index.htm",
    "finalLink": "https://www.sec.gov/Archives/edgar/data/92230/000009223005000036/q10510q.htm"
  },
  {
    "date": "2004-12-31",
    "symbol": "TFC",
    "reportedCurrency": "USD",
    "cik": "0000092230",
    "fillingDate": "2005-03-07",
    "acceptedDate": "2005-03-07 17:13:22",
    "calendarYear": "2004",
    "period": "Q4",
    "revenue": 1716429000,
    "costOfRevenue": 407582000,
    "grossProfit": 1308847000,
    "grossProfitRatio": 0.7625407168,
    "researchAndDevelopmentExpenses": 0,
    "generalAndAdministrativeExpenses": 363892000,
    "sellingAndMarketingExpenses": 0,
    "sellingGeneralAndAdministrativeExpenses": 363892000,
    "otherExpenses": 326727000,
    "operatingExpenses": 690619000,
    "costAndExpenses": 1098201000,
    "interestIncome": 1187854000,
    "interestExpense": 341813000,
    "depreciationAndAmortization": 203867000,
    "ebitda": 822095000,
    "ebitdaratio": 0.4789566012,
    "operatingIncome": 618228000,
    "operatingIncomeRatio": 0.3601826816,
    "totalOtherIncomeExpensesNet": 0,
    "incomeBeforeTax": 618228000,
    "incomeBeforeTaxRatio": 0.3601826816,
    "incomeTaxExpense": 201344000,
    "netIncome": 416884000,
    "netIncomeRatio": 0.2428786743,
    "eps": 0.76,
    "epsdiluted": 0.75,
    "weightedAverageShsOut": 473304000,
    "weightedAverageShsOutDil": 478793000,
    "link": "https://www.sec.gov/Archives/edgar/data/92230/000119312505043730/0001193125-05-043730-index.htm",
    "finalLink": "https://www.sec.gov/Archives/edgar/data/92230/000119312505043730/d10k.htm"
  },
  {
    "date": "2004-09-30",
    "symbol": "TFC",
    "reportedCurrency": "USD",
    "cik": "0000092230",
    "fillingDate": "2004-11-08",
    "acceptedDate": "2004-11-08 16:48:56",
    "calendarYear": "2004",
    "period": "Q3",
    "revenue": 1691767000,
    "costOfRevenue": 360447000,
    "grossProfit": 1331320000,
    "grossProfitRatio": 0.7869405184,
    "researchAndDevelopmentExpenses": 0,
    "generalAndAdministrativeExpenses": 404999000,
    "sellingAndMarketingExpenses": 0,
    "sellingGeneralAndAdministrativeExpenses": 404999000,
    "otherExpenses": 305409000,
    "operatingExpenses": 710408000,
    "costAndExpenses": 1070855000,
    "interestIncome": 1158938000,
    "interestExpense": 303282000,
    "depreciationAndAmortization": 71159000,
    "ebitda": 692071000,
    "ebitdaratio": 0.4090817471,
    "operatingIncome": 620912000,
    "operatingIncomeRatio": 0.3670198083,
    "totalOtherIncomeExpensesNet": 0,
    "incomeBeforeTax": 620912000,
    "incomeBeforeTaxRatio": 0.3670198083,
    "incomeTaxExpense": 208027000,
    "netIncome": 412885000,
    "netIncomeRatio": 0.2440554757,
    "eps": 0.75,
    "epsdiluted": 0.74,
    "weightedAverageShsOut": 553944000,
    "weightedAverageShsOutDil": 558577000,
    "link": "https://www.sec.gov/Archives/edgar/data/92230/000009223004000084/0000092230-04-000084-index.htm",
    "finalLink": "https://www.sec.gov/Archives/edgar/data/92230/000009223004000084/q30410q.htm"
  },
  {
    "date": "2004-06-30",
    "symbol": "TFC",
    "reportedCurrency": "USD",
    "cik": "0000092230",
    "fillingDate": "2004-08-06",
    "acceptedDate": "2004-08-06 13:01:42",
    "calendarYear": "2004",
    "period": "Q2",
    "revenue": 1682230000,
    "costOfRevenue": 343284000,
    "grossProfit": 1338946000,
    "grossProfitRatio": 0.7959351575,
    "researchAndDevelopmentExpenses": 0,
    "generalAndAdministrativeExpenses": 422987000,
    "sellingAndMarketingExpenses": 0,
    "sellingGeneralAndAdministrativeExpenses": 422987000,
    "otherExpenses": 317252000,
    "operatingExpenses": 740239000,
    "costAndExpenses": 1083523000,
    "interestIncome": 1119454000,
    "interestExpense": 279751000,
    "depreciationAndAmortization": 83308000,
    "ebitda": 682015000,
    "ebitdaratio": 0.4054231585,
    "operatingIncome": 598707000,
    "operatingIncomeRatio": 0.3559007983,
    "totalOtherIncomeExpensesNet": 0,
    "incomeBeforeTax": 598707000,
    "incomeBeforeTaxRatio": 0.3559007983,
    "incomeTaxExpense": 198601000,
    "netIncome": 400106000,
    "netIncomeRatio": 0.2378426256,
    "eps": 0.72,
    "epsdiluted": 0.72,
    "weightedAverageShsOut": 554042000,
    "weightedAverageShsOutDil": 557486000,
    "link": "https://www.sec.gov/Archives/edgar/data/92230/000009223004000051/0000092230-04-000051-index.htm",
    "finalLink": "https://www.sec.gov/Archives/edgar/data/92230/000009223004000051/q20410q.htm"
  },
  {
    "date": "2004-03-31",
    "symbol": "TFC",
    "reportedCurrency": "USD",
    "cik": "0000092230",
    "fillingDate": "2004-05-07",
    "acceptedDate": "2004-05-07 15:05:53",
    "calendarYear": "2004",
    "period": "Q1",
    "revenue": 1558627000,
    "costOfRevenue": 336126000,
    "grossProfit": 1222501000,
    "grossProfitRatio": 0.7843448112,
    "researchAndDevelopmentExpenses": 0,
    "generalAndAdministrativeExpenses": 422966000,
    "sellingAndMarketingExpenses": 0,
    "sellingGeneralAndAdministrativeExpenses": 422966000,
    "otherExpenses": 315020000,
    "operatingExpenses": 737986000,
    "costAndExpenses": 1074112000,
    "interestIncome": 1080449000,
    "interestExpense": 273626000,
    "depreciationAndAmortization": 63657000,
    "ebitda": 548172000,
    "ebitdaratio": 0.3517018504,
    "operatingIncome": 484515000,
    "operatingIncomeRatio": 0.3108601352,
    "totalOtherIncomeExpensesNet": 0,
    "incomeBeforeTax": 484515000,
    "incomeBeforeTaxRatio": 0.3108601352,
    "incomeTaxExpense": 156015000,
    "netIncome": 328500000,
    "netIncomeRatio": 0.210762421,
    "eps": 0.6,
    "epsdiluted": 0.6,
    "weightedAverageShsOut": 546576000,
    "weightedAverageShsOutDil": 550547000,
    "link": "https://www.sec.gov/Archives/edgar/data/92230/000009223004000033/0000092230-04-000033-index.htm",
    "finalLink": "https://www.sec.gov/Archives/edgar/data/92230/000009223004000033/q10410q.htm"
  },
  {
    "date": "2003-12-31",
    "symbol": "TFC",
    "reportedCurrency": "USD",
    "cik": "0000092230",
    "fillingDate": "2004-03-08",
    "acceptedDate": "2004-03-08 14:10:40",
    "calendarYear": "2003",
    "period": "Q4",
    "revenue": 1626828000,
    "costOfRevenue": 334364000,
    "grossProfit": 1292464000,
    "grossProfitRatio": 0.7944687453,
    "researchAndDevelopmentExpenses": 0,
    "generalAndAdministrativeExpenses": 374788000,
    "sellingAndMarketingExpenses": 0,
    "sellingGeneralAndAdministrativeExpenses": 374788000,
    "otherExpenses": 359348000,
    "operatingExpenses": 734136000,
    "costAndExpenses": 1068500000,
    "interestIncome": 1155813000,
    "interestExpense": 275864000,
    "depreciationAndAmortization": 65415000,
    "ebitda": 623743000,
    "ebitdaratio": 0.3834105388,
    "operatingIncome": 558328000,
    "operatingIncomeRatio": 0.3432003875,
    "totalOtherIncomeExpensesNet": 0,
    "incomeBeforeTax": 558328000,
    "incomeBeforeTaxRatio": 0.3432003875,
    "incomeTaxExpense": 253301000,
    "netIncome": 305027000,
    "netIncomeRatio": 0.1874980022,
    "eps": 0.56,
    "epsdiluted": 0.55,
    "weightedAverageShsOut": 473304000,
    "weightedAverageShsOutDil": 478793000,
    "link": "https://www.sec.gov/Archives/edgar/data/92230/000119312504036289/0001193125-04-036289-index.htm",
    "finalLink": "https://www.sec.gov/Archives/edgar/data/92230/000119312504036289/d10k.htm"
  },
  {
    "date": "2003-09-30",
    "symbol": "TFC",
    "reportedCurrency": "USD",
    "cik": "0000092230",
    "fillingDate": "2003-11-13",
    "acceptedDate": "2003-11-13 09:35:28",
    "calendarYear": "2003",
    "period": "Q3",
    "revenue": 1610671000,
    "costOfRevenue": 357110000,
    "grossProfit": 1253561000,
    "grossProfitRatio": 0.7782849508,
    "researchAndDevelopmentExpenses": 0,
    "generalAndAdministrativeExpenses": 412350000,
    "sellingAndMarketingExpenses": 0,
    "sellingGeneralAndAdministrativeExpenses": 412350000,
    "otherExpenses": 704616000,
    "operatingExpenses": 1116966000,
    "costAndExpenses": 1474076000,
    "interestIncome": 1098568000,
    "interestExpense": 292110000,
    "depreciationAndAmortization": 42833000,
    "ebitda": 179428000,
    "ebitdaratio": 0.1113995347,
    "operatingIncome": 136595000,
    "operatingIncomeRatio": 0.0848062702,
    "totalOtherIncomeExpensesNet": 0,
    "incomeBeforeTax": 136595000,
    "incomeBeforeTaxRatio": 0.0848062702,
    "incomeTaxExpense": 20704000,
    "netIncome": 115891000,
    "netIncomeRatio": 0.0719520001,
    "eps": 0.21,
    "epsdiluted": 0.21,
    "weightedAverageShsOut": 551019000,
    "weightedAverageShsOutDil": 555544000,
    "link": "https://www.sec.gov/Archives/edgar/data/92230/000009223003000108/0000092230-03-000108-index.htm",
    "finalLink": "https://www.sec.gov/Archives/edgar/data/92230/000009223003000108/q30310q.htm"
  },
  {
    "date": "2003-06-30",
    "symbol": "TFC",
    "reportedCurrency": "USD",
    "cik": "0000092230",
    "fillingDate": "2003-08-13",
    "acceptedDate": "2003-08-13 10:48:18",
    "calendarYear": "2003",
    "period": "Q2",
    "revenue": 1506627000,
    "costOfRevenue": 403611000,
    "grossProfit": 1103016000,
    "grossProfitRatio": 0.7321095401,
    "researchAndDevelopmentExpenses": 0,
    "generalAndAdministrativeExpenses": 367497000,
    "sellingAndMarketingExpenses": 0,
    "sellingGeneralAndAdministrativeExpenses": 367497000,
    "otherExpenses": 283423000,
    "operatingExpenses": 650920000,
    "costAndExpenses": 1054531000,
    "interestIncome": 1045531000,
    "interestExpense": 342111000,
    "depreciationAndAmortization": 56815000,
    "ebitda": 508911000,
    "ebitdaratio": 0.3377816805,
    "operatingIncome": 452096000,
    "operatingIncomeRatio": 0.3000716169,
    "totalOtherIncomeExpensesNet": 0,
    "incomeBeforeTax": 452096000,
    "incomeBeforeTaxRatio": 0.3000716169,
    "incomeTaxExpense": 135859000,
    "netIncome": 316237000,
    "netIncomeRatio": 0.2098973402,
    "eps": 0.67,
    "epsdiluted": 0.67,
    "weightedAverageShsOut": 471713000,
    "weightedAverageShsOutDil": 475294000,
    "link": "https://www.sec.gov/Archives/edgar/data/92230/000009223003000088/0000092230-03-000088-index.htm",
    "finalLink": "https://www.sec.gov/Archives/edgar/data/92230/000009223003000088/q2200310q.htm"
  },
  {
    "date": "2003-03-31",
    "symbol": "TFC",
    "reportedCurrency": "USD",
    "cik": "0000092230",
    "fillingDate": "2003-05-15",
    "acceptedDate": "2003-05-15 11:07:22",
    "calendarYear": "2003",
    "period": "Q1",
    "revenue": 1499801000,
    "costOfRevenue": 425702000,
    "grossProfit": 1074099000,
    "grossProfitRatio": 0.7161610107,
    "researchAndDevelopmentExpenses": 0,
    "generalAndAdministrativeExpenses": 352701000,
    "sellingAndMarketingExpenses": 0,
    "sellingGeneralAndAdministrativeExpenses": 352701000,
    "otherExpenses": 251387000,
    "operatingExpenses": 604088000,
    "costAndExpenses": 1029790000,
    "interestIncome": 1054880000,
    "interestExpense": 362702000,
    "depreciationAndAmortization": 42723000,
    "ebitda": 512734000,
    "ebitdaratio": 0.3418680212,
    "operatingIncome": 470011000,
    "operatingIncomeRatio": 0.313382242,
    "totalOtherIncomeExpensesNet": 0,
    "incomeBeforeTax": 470011000,
    "incomeBeforeTaxRatio": 0.313382242,
    "incomeTaxExpense": 142263000,
    "netIncome": 327748000,
    "netIncomeRatio": 0.218527658,
    "eps": 0.7,
    "epsdiluted": 0.69,
    "weightedAverageShsOut": 470529000,
    "weightedAverageShsOutDil": 474348000,
    "link": "https://www.sec.gov/Archives/edgar/data/92230/000009223003000037/0000092230-03-000037-index.htm",
    "finalLink": "https://www.sec.gov/Archives/edgar/data/92230/000009223003000037/q1200310q.htm"
  },
  {
    "date": "2002-12-31",
    "symbol": "TFC",
    "reportedCurrency": "USD",
    "cik": "0000092230",
    "fillingDate": "2003-03-07",
    "acceptedDate": "2003-03-07 10:56:02",
    "calendarYear": "2002",
    "period": "Q4",
    "revenue": 1594592000,
    "costOfRevenue": 479851000,
    "grossProfit": 1114741000,
    "grossProfitRatio": 0.6990760019,
    "researchAndDevelopmentExpenses": 0,
    "generalAndAdministrativeExpenses": 350213000,
    "sellingAndMarketingExpenses": 0,
    "sellingGeneralAndAdministrativeExpenses": 350213000,
    "otherExpenses": 304102000,
    "operatingExpenses": 654315000,
    "costAndExpenses": 1134166000,
    "interestIncome": 1103222000,
    "interestExpense": 395151000,
    "depreciationAndAmortization": 31378000,
    "ebitda": 491804000,
    "ebitdaratio": 0.3084199595,
    "operatingIncome": 460426000,
    "operatingIncomeRatio": 0.2887421986,
    "totalOtherIncomeExpensesNet": 0,
    "incomeBeforeTax": 460426000,
    "incomeBeforeTaxRatio": 0.2887421986,
    "incomeTaxExpense": 123171000,
    "netIncome": 337255000,
    "netIncomeRatio": 0.2114992424,
    "eps": 0.72,
    "epsdiluted": 0.71,
    "weightedAverageShsOut": 473304000,
    "weightedAverageShsOutDil": 478793000,
    "link": "https://www.sec.gov/Archives/edgar/data/92230/000091664103000480/0000916641-03-000480-index.htm",
    "finalLink": "https://www.sec.gov/Archives/edgar/data/92230/000091664103000480/d10k.htm"
  },
  {
    "date": "2002-09-30",
    "symbol": "TFC",
    "reportedCurrency": "USD",
    "cik": "0000092230",
    "fillingDate": "2002-11-14",
    "acceptedDate": "2002-11-14 09:02:53",
    "calendarYear": "2002",
    "period": "Q3",
    "revenue": 1549242000,
    "costOfRevenue": 488903000,
    "grossProfit": 1060339000,
    "grossProfitRatio": 0.684424383,
    "researchAndDevelopmentExpenses": 0,
    "generalAndAdministrativeExpenses": 323119000,
    "sellingAndMarketingExpenses": 0,
    "sellingGeneralAndAdministrativeExpenses": 323119000,
    "otherExpenses": 282942000,
    "operatingExpenses": 606061000,
    "costAndExpenses": 1094964000,
    "interestIncome": 1126995000,
    "interestExpense": 424903000,
    "depreciationAndAmortization": 47180000,
    "ebitda": 501458000,
    "ebitdaratio": 0.3236795801,
    "operatingIncome": 454278000,
    "operatingIncomeRatio": 0.2932259776,
    "totalOtherIncomeExpensesNet": 0,
    "incomeBeforeTax": 454278000,
    "incomeBeforeTaxRatio": 0.2932259776,
    "incomeTaxExpense": 126121000,
    "netIncome": 328157000,
    "netIncomeRatio": 0.2118177793,
    "eps": 0.69,
    "epsdiluted": 0.68,
    "weightedAverageShsOut": 477112000,
    "weightedAverageShsOutDil": 482326000,
    "link": "https://www.sec.gov/Archives/edgar/data/92230/000009223002000124/0000092230-02-000124-index.htm",
    "finalLink": "https://www.sec.gov/Archives/edgar/data/92230/000009223002000124/thirdq10q.htm"
  },
  {
    "date": "2002-06-30",
    "symbol": "TFC",
    "reportedCurrency": "USD",
    "cik": "0000092230",
    "fillingDate": "2002-08-14",
    "acceptedDate": "2002-08-14 12:41:07",
    "calendarYear": "2002",
    "period": "Q2",
    "revenue": 1526332000,
    "costOfRevenue": 490669000,
    "grossProfit": 1035663000,
    "grossProfitRatio": 0.6785306211,
    "researchAndDevelopmentExpenses": 0,
    "generalAndAdministrativeExpenses": 319622000,
    "sellingAndMarketingExpenses": 0,
    "sellingGeneralAndAdministrativeExpenses": 319622000,
    "otherExpenses": 257230000,
    "operatingExpenses": 576852000,
    "costAndExpenses": 1067521000,
    "interestIncome": 1122265000,
    "interestExpense": 432169000,
    "depreciationAndAmortization": 41650000,
    "ebitda": 500461000,
    "ebitdaratio": 0.327884759,
    "operatingIncome": 458811000,
    "operatingIncomeRatio": 0.3005971178,
    "totalOtherIncomeExpensesNet": 0,
    "incomeBeforeTax": 458811000,
    "incomeBeforeTaxRatio": 0.3005971178,
    "incomeTaxExpense": 130859000,
    "netIncome": 327952000,
    "netIncomeRatio": 0.2148628215,
    "eps": 0.69,
    "epsdiluted": 0.68,
    "weightedAverageShsOut": 478122000,
    "weightedAverageShsOutDil": 484010000,
    "link": "https://www.sec.gov/Archives/edgar/data/92230/000009223002000089/0000092230-02-000089-index.htm",
    "finalLink": "https://www.sec.gov/Archives/edgar/data/92230/000009223002000089/basic10qa.htm"
  },
  {
    "date": "2002-03-31",
    "symbol": "TFC",
    "reportedCurrency": "USD",
    "cik": "0000092230",
    "fillingDate": "2002-05-13",
    "acceptedDate": "2003-01-14 10:32:03",
    "calendarYear": "2002",
    "period": "Q1",
    "revenue": 1439178000,
    "costOfRevenue": 490861000,
    "grossProfit": 948317000,
    "grossProfitRatio": 0.6589296112,
    "researchAndDevelopmentExpenses": 0,
    "generalAndAdministrativeExpenses": 304893000,
    "sellingAndMarketingExpenses": 0,
    "sellingGeneralAndAdministrativeExpenses": 304893000,
    "otherExpenses": 226242000,
    "operatingExpenses": 531135000,
    "costAndExpenses": 1021996000,
    "interestIncome": 1081627000,
    "interestExpense": 434361000,
    "depreciationAndAmortization": 38769000,
    "ebitda": 455951000,
    "ebitdaratio": 0.3168134866,
    "operatingIncome": 417182000,
    "operatingIncomeRatio": 0.2898751926,
    "totalOtherIncomeExpensesNet": 0,
    "incomeBeforeTax": 417182000,
    "incomeBeforeTaxRatio": 0.2898751926,
    "incomeTaxExpense": 117317000,
    "netIncome": 309645000,
    "netIncomeRatio": 0.2151540671,
    "eps": 0.67,
    "epsdiluted": 0.66,
    "weightedAverageShsOut": 462902000,
    "weightedAverageShsOutDil": 468604000,
    "link": "https://www.sec.gov/Archives/edgar/data/92230/000009223003000004/0000092230-03-000004-index.htm",
    "finalLink": "https://www.sec.gov/Archives/edgar/data/92230/000009223003000004/basic10q.htm"
  },
  {
    "date": "2001-12-31",
    "symbol": "TFC",
    "reportedCurrency": "USD",
    "cik": "0000092230",
    "fillingDate": "2002-03-15",
    "acceptedDate": "2002-03-15 00:00:00",
    "calendarYear": "2001",
    "period": "Q4",
    "revenue": 1499931000,
    "costOfRevenue": 568484000,
    "grossProfit": 931447000,
    "grossProfitRatio": 0.6209932324,
    "researchAndDevelopmentExpenses": 0,
    "generalAndAdministrativeExpenses": 293393000,
    "sellingAndMarketingExpenses": 35522000,
    "sellingGeneralAndAdministrativeExpenses": 328915000,
    "otherExpenses": 214807000,
    "operatingExpenses": 543722000,
    "costAndExpenses": 1112206000,
    "interestIncome": 1135635000,
    "interestExpense": 503484000,
    "depreciationAndAmortization": 95648000,
    "ebitda": 483373000,
    "ebitdaratio": 0.3222634908,
    "operatingIncome": 387725000,
    "operatingIncomeRatio": 0.2584952241,
    "totalOtherIncomeExpensesNet": 0,
    "incomeBeforeTax": 387725000,
    "incomeBeforeTaxRatio": 0.2584952241,
    "incomeTaxExpense": 109782000,
    "netIncome": 277943000,
    "netIncomeRatio": 0.1853038573,
    "eps": 0.6,
    "epsdiluted": 0.59,
    "weightedAverageShsOut": 438808000,
    "weightedAverageShsOutDil": 446846000,
    "link": "https://www.sec.gov/Archives/edgar/data/92230/000091664102000426/0000916641-02-000426-index.htm",
    "finalLink": "https://www.sec.gov/Archives/edgar/data/92230/000091664102000426/d10k.htm"
  },
  {
    "date": "2001-09-30",
    "symbol": "TFC",
    "reportedCurrency": "USD",
    "cik": "0000092230",
    "fillingDate": "2001-11-14",
    "acceptedDate": "2001-11-14 00:00:00",
    "calendarYear": "2001",
    "period": "Q3",
    "revenue": 1549493000,
    "costOfRevenue": 660320000,
    "grossProfit": 889173000,
    "grossProfitRatio": 0.5738477037,
    "researchAndDevelopmentExpenses": 0,
    "generalAndAdministrativeExpenses": 281830000,
    "sellingAndMarketingExpenses": 0,
    "sellingGeneralAndAdministrativeExpenses": 281830000,
    "otherExpenses": 300081000,
    "operatingExpenses": 581911000,
    "costAndExpenses": 1242231000,
    "interestIncome": 1213511000,
    "interestExpense": 591820000,
    "depreciationAndAmortization": 35405000,
    "ebitda": 342667000,
    "ebitdaratio": 0.2211478206,
    "operatingIncome": 307262000,
    "operatingIncomeRatio": 0.1982984112,
    "totalOtherIncomeExpensesNet": 0,
    "incomeBeforeTax": 307262000,
    "incomeBeforeTaxRatio": 0.1982984112,
    "incomeTaxExpense": 85296000,
    "netIncome": 221966000,
    "netIncomeRatio": 0.1432507278,
    "eps": 0.49,
    "epsdiluted": 0.48,
    "weightedAverageShsOut": 454347000,
    "weightedAverageShsOutDil": 460388000,
    "link": "https://www.sec.gov/Archives/edgar/data/92230/000091664101501557/0000916641-01-501557-index.htm",
    "finalLink": "https://www.sec.gov/Archives/edgar/data/92230/000091664101501557/d10q.txt"
  },
  {
    "date": "2001-06-30",
    "symbol": "TFC",
    "reportedCurrency": "USD",
    "cik": "0000092230",
    "fillingDate": "2001-08-13",
    "acceptedDate": "2001-08-13 00:00:00",
    "calendarYear": "2001",
    "period": "Q2",
    "revenue": 1574684000,
    "costOfRevenue": 682348000,
    "grossProfit": 892336000,
    "grossProfitRatio": 0.5666762347,
    "researchAndDevelopmentExpenses": 0,
    "generalAndAdministrativeExpenses": 282484000,
    "sellingAndMarketingExpenses": 0,
    "sellingGeneralAndAdministrativeExpenses": 282484000,
    "otherExpenses": 281358000,
    "operatingExpenses": 563842000,
    "costAndExpenses": 1246190000,
    "interestIncome": 1228017000,
    "interestExpense": 633550000,
    "depreciationAndAmortization": 53722000,
    "ebitda": 382216000,
    "ebitdaratio": 0.2427255246,
    "operatingIncome": 328494000,
    "operatingIncomeRatio": 0.2086094734,
    "totalOtherIncomeExpensesNet": 0,
    "incomeBeforeTax": 328494000,
    "incomeBeforeTaxRatio": 0.2086094734,
    "incomeTaxExpense": 91265000,
    "netIncome": 237229000,
    "netIncomeRatio": 0.1506518133,
    "eps": 0.53,
    "epsdiluted": 0.52,
    "weightedAverageShsOut": 451712000,
    "weightedAverageShsOutDil": 457879000,
    "link": "https://www.sec.gov/Archives/edgar/data/92230/000091664101500936/0000916641-01-500936-index.htm",
    "finalLink": "https://www.sec.gov/Archives/edgar/data/92230/000091664101500936/d10q.txt"
  },
  {
    "date": "2001-03-31",
    "symbol": "TFC",
    "reportedCurrency": "USD",
    "cik": "0000092230",
    "fillingDate": "2001-05-11",
    "acceptedDate": "2001-05-11 00:00:00",
    "calendarYear": "2001",
    "period": "Q1",
    "revenue": 1603560000,
    "costOfRevenue": 728115000,
    "grossProfit": 875445000,
    "grossProfitRatio": 0.545938412,
    "researchAndDevelopmentExpenses": 0,
    "generalAndAdministrativeExpenses": 286258000,
    "sellingAndMarketingExpenses": 0,
    "sellingGeneralAndAdministrativeExpenses": 286258000,
    "otherExpenses": 252240000,
    "operatingExpenses": 538498000,
    "costAndExpenses": 1266613000,
    "interestIncome": 1271549000,
    "interestExpense": 686095000,
    "depreciationAndAmortization": 51416000,
    "ebitda": 388363000,
    "ebitdaratio": 0.2421880067,
    "operatingIncome": 336947000,
    "operatingIncomeRatio": 0.2101243483,
    "totalOtherIncomeExpensesNet": 0,
    "incomeBeforeTax": 336947000,
    "incomeBeforeTaxRatio": 0.2101243483,
    "incomeTaxExpense": 100447000,
    "netIncome": 236500000,
    "netIncomeRatio": 0.1474843473,
    "eps": 0.53,
    "epsdiluted": 0.53,
    "weightedAverageShsOut": 409201000,
    "weightedAverageShsOutDil": 415546000,
    "link": "https://www.sec.gov/Archives/edgar/data/92230/000091664101500324/0000916641-01-500324-index.htm",
    "finalLink": "https://www.sec.gov/Archives/edgar/data/92230/000091664101500324/d10q.txt"
  },
  {
    "date": "2000-12-31",
    "symbol": "TFC",
    "reportedCurrency": "USD",
    "cik": "0000092230",
    "fillingDate": "2001-03-16",
    "acceptedDate": "2001-03-16 00:00:00",
    "calendarYear": "2000",
    "period": "Q4",
    "revenue": 1397623000,
    "costOfRevenue": 671690000,
    "grossProfit": 725933000,
    "grossProfitRatio": 0.5194054477,
    "researchAndDevelopmentExpenses": 0,
    "generalAndAdministrativeExpenses": 223022000,
    "sellingAndMarketingExpenses": 33760000,
    "sellingGeneralAndAdministrativeExpenses": 256782000,
    "otherExpenses": 147700000,
    "operatingExpenses": 404482000,
    "costAndExpenses": 1076172000,
    "interestIncome": 1134031000,
    "interestExpense": 636690000,
    "depreciationAndAmortization": 67213000,
    "ebitda": 388664000,
    "ebitdaratio": 0.2780892988,
    "operatingIncome": 321451000,
    "operatingIncomeRatio": 0.2299983615,
    "totalOtherIncomeExpensesNet": 0,
    "incomeBeforeTax": 321451000,
    "incomeBeforeTaxRatio": 0.2299983615,
    "incomeTaxExpense": 95995000,
    "netIncome": 225456000,
    "netIncomeRatio": 0.1613138879,
    "eps": 0.55,
    "epsdiluted": 0.54,
    "weightedAverageShsOut": 409201000,
    "weightedAverageShsOutDil": 415546000,
    "link": "https://www.sec.gov/Archives/edgar/data/92230/000091664101000337/0000916641-01-000337-index.htm",
    "finalLink": "https://www.sec.gov/Archives/edgar/data/92230/000091664101000337/0000916641-01-000337-0001.txt"
  },
  {
    "date": "2000-09-30",
    "symbol": "TFC",
    "reportedCurrency": "USD",
    "cik": "0000092230",
    "fillingDate": "2000-11-14",
    "acceptedDate": "2000-11-14 00:00:00",
    "calendarYear": "2000",
    "period": "Q3",
    "revenue": 1350733000,
    "costOfRevenue": 714578000,
    "grossProfit": 636155000,
    "grossProfitRatio": 0.4709702065,
    "researchAndDevelopmentExpenses": 0,
    "generalAndAdministrativeExpenses": 269672000,
    "sellingAndMarketingExpenses": 0,
    "sellingGeneralAndAdministrativeExpenses": 269672000,
    "otherExpenses": 266412000,
    "operatingExpenses": 536084000,
    "costAndExpenses": 1250662000,
    "interestIncome": 1259961000,
    "interestExpense": 673864000,
    "depreciationAndAmortization": 38410000,
    "ebitda": 138481000,
    "ebitdaratio": 0.1025228524,
    "operatingIncome": 100071000,
    "operatingIncomeRatio": 0.0740864405,
    "totalOtherIncomeExpensesNet": 0,
    "incomeBeforeTax": 100071000,
    "incomeBeforeTaxRatio": 0.0740864405,
    "incomeTaxExpense": 27597000,
    "netIncome": 72474000,
    "netIncomeRatio": 0.0536553116,
    "eps": 0.16,
    "epsdiluted": 0.16,
    "weightedAverageShsOut": 451579000,
    "weightedAverageShsOutDil": 456725000,
    "link": "https://www.sec.gov/Archives/edgar/data/92230/000091664100001669/0000916641-00-001669-index.htm",
    "finalLink": "https://www.sec.gov/Archives/edgar/data/92230/000091664100001669/0000916641-00-001669-0001.txt"
  },
  {
    "date": "2000-06-30",
    "symbol": "TFC",
    "reportedCurrency": "USD",
    "cik": "0000092230",
    "fillingDate": "2000-08-11",
    "acceptedDate": "2000-08-11 00:00:00",
    "calendarYear": "2000",
    "period": "Q2",
    "revenue": 1341977000,
    "costOfRevenue": 618568000,
    "grossProfit": 723409000,
    "grossProfitRatio": 0.5390621449,
    "researchAndDevelopmentExpenses": 0,
    "generalAndAdministrativeExpenses": 241798000,
    "sellingAndMarketingExpenses": 0,
    "sellingGeneralAndAdministrativeExpenses": 241798000,
    "otherExpenses": 223778000,
    "operatingExpenses": 465576000,
    "costAndExpenses": 1084144000,
    "interestIncome": 1129191000,
    "interestExpense": 589492000,
    "depreciationAndAmortization": 38558000,
    "ebitda": 296391000,
    "ebitdaratio": 0.2208614604,
    "operatingIncome": 257833000,
    "operatingIncomeRatio": 0.1921292243,
    "totalOtherIncomeExpensesNet": 0,
    "incomeBeforeTax": 257833000,
    "incomeBeforeTaxRatio": 0.1921292243,
    "incomeTaxExpense": 83737000,
    "netIncome": 174096000,
    "netIncomeRatio": 0.1297309864,
    "eps": 0.41,
    "epsdiluted": 0.41,
    "weightedAverageShsOut": 421190000,
    "weightedAverageShsOutDil": 426399000,
    "link": "https://www.sec.gov/Archives/edgar/data/92230/000091664100001113/0000916641-00-001113-index.htm",
    "finalLink": "https://www.sec.gov/Archives/edgar/data/92230/000091664100001113/0000916641-00-001113-0001.txt"
  },
  {
    "date": "2000-03-31",
    "symbol": "TFC",
    "reportedCurrency": "USD",
    "cik": "0000092230",
    "fillingDate": "2000-05-12",
    "acceptedDate": "2000-05-12 00:00:00",
    "calendarYear": "2000",
    "period": "Q1",
    "revenue": 1285713000,
    "costOfRevenue": 557734000,
    "grossProfit": 727979000,
    "grossProfitRatio": 0.5662064551,
    "researchAndDevelopmentExpenses": 0,
    "generalAndAdministrativeExpenses": 237007000,
    "sellingAndMarketingExpenses": 0,
    "sellingGeneralAndAdministrativeExpenses": 237007000,
    "otherExpenses": 211679000,
    "operatingExpenses": 448686000,
    "costAndExpenses": 1006420000,
    "interestIncome": 1046141000,
    "interestExpense": 530967000,
    "depreciationAndAmortization": 43934000,
    "ebitda": 323227000,
    "ebitdaratio": 0.2513990292,
    "operatingIncome": 279293000,
    "operatingIncomeRatio": 0.2172281061,
    "totalOtherIncomeExpensesNet": 0,
    "incomeBeforeTax": 279293000,
    "incomeBeforeTaxRatio": 0.2172281061,
    "incomeTaxExpense": 89458000,
    "netIncome": 189835000,
    "netIncomeRatio": 0.1476495921,
    "eps": 0.47,
    "epsdiluted": 0.46,
    "weightedAverageShsOut": 407979000,
    "weightedAverageShsOutDil": 412608000,
    "link": "https://www.sec.gov/Archives/edgar/data/92230/000095010900002142/0000950109-00-002142-index.html",
    "finalLink": "https://www.sec.gov/Archives/edgar/data/92230/000095010900002142/0000950109-00-002142.txt"
  },
  {
    "date": "1999-12-31",
    "symbol": "TFC",
    "reportedCurrency": "USD",
    "cik": "0000092230",
    "fillingDate": "2000-03-14",
    "acceptedDate": "2000-03-14 00:00:00",
    "calendarYear": "1999",
    "period": "Q4",
    "revenue": 1140700000,
    "costOfRevenue": 490000000,
    "grossProfit": 650700000,
    "grossProfitRatio": 0.570439204,
    "researchAndDevelopmentExpenses": 0,
    "generalAndAdministrativeExpenses": 197200000,
    "sellingAndMarketingExpenses": 22600000,
    "sellingGeneralAndAdministrativeExpenses": 219800000,
    "otherExpenses": 171700000,
    "operatingExpenses": 391500000,
    "costAndExpenses": 881500000,
    "interestIncome": 919100000,
    "interestExpense": 459800000,
    "depreciationAndAmortization": 45300000,
    "ebitda": 304500000,
    "ebitdaratio": 0.2669413518,
    "operatingIncome": 259200000,
    "operatingIncomeRatio": 0.2272288945,
    "totalOtherIncomeExpensesNet": 0,
    "incomeBeforeTax": 259200000,
    "incomeBeforeTaxRatio": 0.2272288945,
    "incomeTaxExpense": 85500000,
    "netIncome": 173700000,
    "netIncomeRatio": 0.1522749189,
    "eps": 0.5,
    "epsdiluted": 0.49,
    "weightedAverageShsOut": 348259000,
    "weightedAverageShsOutDil": 352540000,
    "link": "https://www.sec.gov/Archives/edgar/data/92230/000093066100000544/0000930661-00-000544-index.html",
    "finalLink": "https://www.sec.gov/Archives/edgar/data/92230/000093066100000544/0000930661-00-000544.txt"
  },
  {
    "date": "1999-09-30",
    "symbol": "TFC",
    "reportedCurrency": "USD",
    "cik": "0000092230",
    "fillingDate": "1999-11-12",
    "acceptedDate": "1999-11-12 00:00:00",
    "calendarYear": "1999",
    "period": "Q3",
    "revenue": 1187500000,
    "costOfRevenue": 497400000,
    "grossProfit": 690100000,
    "grossProfitRatio": 0.5811368421,
    "researchAndDevelopmentExpenses": 0,
    "generalAndAdministrativeExpenses": 218214000,
    "sellingAndMarketingExpenses": 0,
    "sellingGeneralAndAdministrativeExpenses": 218214000,
    "otherExpenses": 215264000,
    "operatingExpenses": 433478000,
    "costAndExpenses": 930878000,
    "interestIncome": 964900000,
    "interestExpense": 473000000,
    "depreciationAndAmortization": 53682000,
    "ebitda": 310304000,
    "ebitdaratio": 0.2613086316,
    "operatingIncome": 256622000,
    "operatingIncomeRatio": 0.2161027368,
    "totalOtherIncomeExpensesNet": 0,
    "incomeBeforeTax": 256622000,
    "incomeBeforeTaxRatio": 0.2161027368,
    "incomeTaxExpense": 82843000,
    "netIncome": 173779000,
    "netIncomeRatio": 0.1463402105,
    "eps": 0.44,
    "epsdiluted": 0.43,
    "weightedAverageShsOut": 394952000,
    "weightedAverageShsOutDil": 404137000,
    "link": "https://www.sec.gov/Archives/edgar/data/92230/000095010999003960/0000950109-99-003960-index.html",
    "finalLink": "https://www.sec.gov/Archives/edgar/data/92230/000095010999003960/0000950109-99-003960.txt"
  },
  {
    "date": "1999-06-30",
    "symbol": "TFC",
    "reportedCurrency": "USD",
    "cik": "0000092230",
    "fillingDate": "1999-08-12",
    "acceptedDate": "1999-08-12 00:00:00",
    "calendarYear": "1999",
    "period": "Q2",
    "revenue": 1025273000,
    "costOfRevenue": 420140000,
    "grossProfit": 605133000,
    "grossProfitRatio": 0.5902164594,
    "researchAndDevelopmentExpenses": 0,
    "generalAndAdministrativeExpenses": 187632000,
    "sellingAndMarketingExpenses": 0,
    "sellingGeneralAndAdministrativeExpenses": 187632000,
    "otherExpenses": 170055000,
    "operatingExpenses": 357687000,
    "costAndExpenses": 777827000,
    "interestIncome": 818092000,
    "interestExpense": 396401000,
    "depreciationAndAmortization": 45006000,
    "ebitda": 292452000,
    "ebitdaratio": 0.2852430523,
    "operatingIncome": 247446000,
    "operatingIncomeRatio": 0.2413464511,
    "totalOtherIncomeExpensesNet": 0,
    "incomeBeforeTax": 247446000,
    "incomeBeforeTaxRatio": 0.2413464511,
    "incomeTaxExpense": 79545000,
    "netIncome": 167901000,
    "netIncomeRatio": 0.163762237,
    "eps": 0.48,
    "epsdiluted": 0.47,
    "weightedAverageShsOut": 349794000,
    "weightedAverageShsOutDil": 357236000,
    "link": "https://www.sec.gov/Archives/edgar/data/92230/000095010999002877/0000950109-99-002877-index.html",
    "finalLink": "https://www.sec.gov/Archives/edgar/data/92230/000095010999002877/"
  },
  {
    "date": "1999-03-31",
    "symbol": "TFC",
    "reportedCurrency": "USD",
    "cik": "0000092230",
    "fillingDate": "1999-05-14",
    "acceptedDate": "1999-05-14 00:00:00",
    "calendarYear": "1999",
    "period": "Q1",
    "revenue": 944005000,
    "costOfRevenue": 391675000,
    "grossProfit": 552330000,
    "grossProfitRatio": 0.58509224,
    "researchAndDevelopmentExpenses": 0,
    "generalAndAdministrativeExpenses": 164849000,
    "sellingAndMarketingExpenses": 0,
    "sellingGeneralAndAdministrativeExpenses": 164849000,
    "otherExpenses": 160401000,
    "operatingExpenses": 325250000,
    "costAndExpenses": 716925000,
    "interestIncome": 760821000,
    "interestExpense": 370106000,
    "depreciationAndAmortization": 35512000,
    "ebitda": 262592000,
    "ebitdaratio": 0.2781680182,
    "operatingIncome": 227080000,
    "operatingIncomeRatio": 0.2405495734,
    "totalOtherIncomeExpensesNet": 0,
    "incomeBeforeTax": 227080000,
    "incomeBeforeTaxRatio": 0.2405495734,
    "incomeTaxExpense": 73072000,
    "netIncome": 154008000,
    "netIncomeRatio": 0.1631432037,
    "eps": 0.45,
    "epsdiluted": 0.44,
    "weightedAverageShsOut": 343405000,
    "weightedAverageShsOutDil": 350333000,
    "link": "https://www.sec.gov/Archives/edgar/data/92230/000095010999001828/0000950109-99-001828-index.html",
    "finalLink": "https://www.sec.gov/Archives/edgar/data/92230/0000950109-99-001828.txt"
  },
  {
    "date": "1998-12-31",
    "symbol": "TFC",
    "reportedCurrency": "USD",
    "cik": "0000092230",
    "fillingDate": "1999-03-19",
    "acceptedDate": "1999-03-19 00:00:00",
    "calendarYear": "1998",
    "period": "Q4",
    "revenue": 780400000,
    "costOfRevenue": 331700000,
    "grossProfit": 448700000,
    "grossProfitRatio": 0.5749615582,
    "researchAndDevelopmentExpenses": 0,
    "generalAndAdministrativeExpenses": 125900000,
    "sellingAndMarketingExpenses": 25800000,
    "sellingGeneralAndAdministrativeExpenses": 151700000,
    "otherExpenses": 97900000,
    "operatingExpenses": 249600000,
    "costAndExpenses": 581300000,
    "interestIncome": 641400000,
    "interestExpense": 315700000,
    "depreciationAndAmortization": 25400000,
    "ebitda": 224500000,
    "ebitdaratio": 0.2876729882,
    "operatingIncome": 199100000,
    "operatingIncomeRatio": 0.2551255766,
    "totalOtherIncomeExpensesNet": 0,
    "incomeBeforeTax": 199100000,
    "incomeBeforeTaxRatio": 0.2551255766,
    "incomeTaxExpense": 62600000,
    "netIncome": 136500000,
    "netIncomeRatio": 0.1749103024,
    "eps": 0.44,
    "epsdiluted": 0.43,
    "weightedAverageShsOut": 307556000,
    "weightedAverageShsOutDil": 314545000,
    "link": "https://www.sec.gov/Archives/edgar/data/92230/000095010999000901/0000950109-99-000901-index.html",
    "finalLink": "https://www.sec.gov/Archives/edgar/data/92230/0000950109-99-000901.txt"
  },
  {
    "date": "1998-10-30",
    "symbol": "TFC",
    "reportedCurrency": "USD",
    "cik": "0000092230",
    "fillingDate": "1998-11-13",
    "acceptedDate": "1998-11-13 00:00:00",
    "calendarYear": "1998",
    "period": "Q3",
    "revenue": 834400000,
    "costOfRevenue": 366600000,
    "grossProfit": 467800000,
    "grossProfitRatio": 0.5606423778,
    "researchAndDevelopmentExpenses": 0,
    "generalAndAdministrativeExpenses": 136700000,
    "sellingAndMarketingExpenses": 0,
    "sellingGeneralAndAdministrativeExpenses": 136700000,
    "otherExpenses": 132900000,
    "operatingExpenses": 269600000,
    "costAndExpenses": 636200000,
    "interestIncome": 689900000,
    "interestExpense": 345200000,
    "depreciationAndAmortization": 26500000,
    "ebitda": 224700000,
    "ebitdaratio": 0.269295302,
    "operatingIncome": 198200000,
    "operatingIncomeRatio": 0.237535954,
    "totalOtherIncomeExpensesNet": 0,
    "incomeBeforeTax": 198200000,
    "incomeBeforeTaxRatio": 0.237535954,
    "incomeTaxExpense": 62800000,
    "netIncome": 135400000,
    "netIncomeRatio": 0.1622722915,
    "eps": 0.44,
    "epsdiluted": 0.43,
    "weightedAverageShsOut": 307727000,
    "weightedAverageShsOutDil": 314884000,
    "link": "https://www.sec.gov/Archives/edgar/data/92230/000095016898003547/0000950168-98-003547-index.html",
    "finalLink": "https://www.sec.gov/Archives/edgar/data/92230/0000950168-98-003547.txt"
  },
  {
    "date": "1998-06-30",
    "symbol": "TFC",
    "reportedCurrency": "USD",
    "cik": "0000092230",
    "fillingDate": "1998-08-13",
    "acceptedDate": "1998-08-13 00:00:00",
    "calendarYear": "1998",
    "period": "Q2",
    "revenue": 787900000,
    "costOfRevenue": 352700000,
    "grossProfit": 435200000,
    "grossProfitRatio": 0.5523543597,
    "researchAndDevelopmentExpenses": 0,
    "generalAndAdministrativeExpenses": 124800000,
    "sellingAndMarketingExpenses": 0,
    "sellingGeneralAndAdministrativeExpenses": 124800000,
    "otherExpenses": 123300000,
    "operatingExpenses": 248100000,
    "costAndExpenses": 600800000,
    "interestIncome": 653200000,
    "interestExpense": 329700000,
    "depreciationAndAmortization": 28700000,
    "ebitda": 215800000,
    "ebitdaratio": 0.273892626,
    "operatingIncome": 187100000,
    "operatingIncomeRatio": 0.2374666836,
    "totalOtherIncomeExpensesNet": 0,
    "incomeBeforeTax": 187100000,
    "incomeBeforeTaxRatio": 0.2374666836,
    "incomeTaxExpense": 59100000,
    "netIncome": 128000000,
    "netIncomeRatio": 0.1624571646,
    "eps": 0.42,
    "epsdiluted": 0.41,
    "weightedAverageShsOut": 304762000,
    "weightedAverageShsOutDil": 312195000,
    "link": "https://www.sec.gov/Archives/edgar/data/92230/000095016898002631/0000950168-98-002631-index.html",
    "finalLink": "https://www.sec.gov/Archives/edgar/data/92230/0000950168-98-002631.txt"
  },
  {
    "date": "1998-03-31",
    "symbol": "TFC",
    "reportedCurrency": "USD",
    "cik": "0000092230",
    "fillingDate": "1998-05-14",
    "acceptedDate": "1998-05-14 00:00:00",
    "calendarYear": "1998",
    "period": "Q1",
    "revenue": 765500000,
    "costOfRevenue": 344200000,
    "grossProfit": 421300000,
    "grossProfitRatio": 0.5503592423,
    "researchAndDevelopmentExpenses": 0,
    "generalAndAdministrativeExpenses": 123700000,
    "sellingAndMarketingExpenses": 0,
    "sellingGeneralAndAdministrativeExpenses": 123700000,
    "otherExpenses": 121300000,
    "operatingExpenses": 245000000,
    "costAndExpenses": 589200000,
    "interestIncome": 640100000,
    "interestExpense": 320800000,
    "depreciationAndAmortization": 26800000,
    "ebitda": 203100000,
    "ebitdaratio": 0.2653167864,
    "operatingIncome": 176300000,
    "operatingIncomeRatio": 0.2303069889,
    "totalOtherIncomeExpensesNet": 0,
    "incomeBeforeTax": 176300000,
    "incomeBeforeTaxRatio": 0.2303069889,
    "incomeTaxExpense": 55900000,
    "netIncome": 120400000,
    "netIncomeRatio": 0.1572828217,
    "eps": 0.4,
    "epsdiluted": 0.39,
    "weightedAverageShsOut": 301000000,
    "weightedAverageShsOutDil": 308718000,
    "link": "https://www.sec.gov/Archives/edgar/data/92230/000095016898001626/0000950168-98-001626-index.html",
    "finalLink": "https://www.sec.gov/Archives/edgar/data/92230/0000950168-98-001626.txt"
  },
  {
    "date": "1997-12-31",
    "symbol": "TFC",
    "reportedCurrency": "USD",
    "cik": "0000092230",
    "fillingDate": "1998-03-18",
    "acceptedDate": "1998-03-18 00:00:00",
    "calendarYear": "1997",
    "period": "Q4",
    "revenue": 667500000,
    "costOfRevenue": 292000000,
    "grossProfit": 375500000,
    "grossProfitRatio": 0.5625468165,
    "researchAndDevelopmentExpenses": 0,
    "generalAndAdministrativeExpenses": 109000000,
    "sellingAndMarketingExpenses": 0,
    "sellingGeneralAndAdministrativeExpenses": 109000000,
    "otherExpenses": 112600000,
    "operatingExpenses": 221600000,
    "costAndExpenses": 513600000,
    "interestIncome": 549000000,
    "interestExpense": 270000000,
    "depreciationAndAmortization": 23300000,
    "ebitda": 177200000,
    "ebitdaratio": 0.2654681648,
    "operatingIncome": 153900000,
    "operatingIncomeRatio": 0.2305617978,
    "totalOtherIncomeExpensesNet": 0,
    "incomeBeforeTax": 153900000,
    "incomeBeforeTaxRatio": 0.2305617978,
    "incomeTaxExpense": 50500000,
    "netIncome": 103400000,
    "netIncomeRatio": 0.154906367,
    "eps": 0.36,
    "epsdiluted": 0.35,
    "weightedAverageShsOut": 284250000,
    "weightedAverageShsOutDil": 291538000,
    "link": "https://www.sec.gov/Archives/edgar/data/92230/000095013298000220/0000950132-98-000220-index.html",
    "finalLink": "https://www.sec.gov/Archives/edgar/data/92230/0000950132-98-000220.txt"
  },
  {
    "date": "1997-09-30",
    "symbol": "TFC",
    "reportedCurrency": "USD",
    "cik": "0000092230",
    "fillingDate": "1997-11-14",
    "acceptedDate": "1997-11-14 00:00:00",
    "calendarYear": "1997",
    "period": "Q3",
    "revenue": 727000000,
    "costOfRevenue": 306000000,
    "grossProfit": 421000000,
    "grossProfitRatio": 0.5790921596,
    "researchAndDevelopmentExpenses": 0,
    "generalAndAdministrativeExpenses": 126400000,
    "sellingAndMarketingExpenses": 0,
    "sellingGeneralAndAdministrativeExpenses": 126400000,
    "otherExpenses": 188600000,
    "operatingExpenses": 315000000,
    "costAndExpenses": 621000000,
    "interestIncome": 576200000,
    "interestExpense": 284200000,
    "depreciationAndAmortization": 27500000,
    "ebitda": 133500000,
    "ebitdaratio": 0.1836313618,
    "operatingIncome": 106000000,
    "operatingIncomeRatio": 0.1458046768,
    "totalOtherIncomeExpensesNet": 0,
    "incomeBeforeTax": 106000000,
    "incomeBeforeTaxRatio": 0.1458046768,
    "incomeTaxExpense": 39800000,
    "netIncome": 66200000,
    "netIncomeRatio": 0.0910591472,
    "eps": 0.23,
    "epsdiluted": 0.23,
    "weightedAverageShsOut": 287826000,
    "weightedAverageShsOutDil": 287826000,
    "link": "https://www.sec.gov/Archives/edgar/data/92230/000095016897003338/0000950168-97-003338-index.html",
    "finalLink": "https://www.sec.gov/Archives/edgar/data/92230/0000950168-97-003338.txt"
  },
  {
    "date": "1997-06-30",
    "symbol": "TFC",
    "reportedCurrency": "USD",
    "cik": "0000092230",
    "fillingDate": "1997-08-13",
    "acceptedDate": "1997-08-13 00:00:00",
    "calendarYear": "1997",
    "period": "Q2",
    "revenue": 656400000,
    "costOfRevenue": 296200000,
    "grossProfit": 360200000,
    "grossProfitRatio": 0.5487507617,
    "researchAndDevelopmentExpenses": 0,
    "generalAndAdministrativeExpenses": 104100000,
    "sellingAndMarketingExpenses": 0,
    "sellingGeneralAndAdministrativeExpenses": 104100000,
    "otherExpenses": 101000000,
    "operatingExpenses": 205100000,
    "costAndExpenses": 501300000,
    "interestIncome": 559500000,
    "interestExpense": 271300000,
    "depreciationAndAmortization": 21000000,
    "ebitda": 176100000,
    "ebitdaratio": 0.2682815356,
    "operatingIncome": 155100000,
    "operatingIncomeRatio": 0.2362888483,
    "totalOtherIncomeExpensesNet": 0,
    "incomeBeforeTax": 155100000,
    "incomeBeforeTaxRatio": 0.2362888483,
    "incomeTaxExpense": 53200000,
    "netIncome": 101900000,
    "netIncomeRatio": 0.1552407069,
    "eps": 0.36,
    "epsdiluted": 0.35,
    "weightedAverageShsOut": 237429000,
    "weightedAverageShsOutDil": 237429000,
    "link": "https://www.sec.gov/Archives/edgar/data/92230/000095016897002558/0000950168-97-002558-index.html",
    "finalLink": "https://www.sec.gov/Archives/edgar/data/92230/0000950168-97-002558.txt"
  },
  {
    "date": "1997-03-31",
    "symbol": "TFC",
    "reportedCurrency": "USD",
    "cik": "0000092230",
    "fillingDate": "1997-05-14",
    "acceptedDate": "1997-05-14 00:00:00",
    "calendarYear": "1997",
    "period": "Q1",
    "revenue": 625100000,
    "costOfRevenue": 274000000,
    "grossProfit": 351100000,
    "grossProfitRatio": 0.5616701328,
    "researchAndDevelopmentExpenses": 0,
    "generalAndAdministrativeExpenses": 105000000,
    "sellingAndMarketingExpenses": 0,
    "sellingGeneralAndAdministrativeExpenses": 105000000,
    "otherExpenses": 93700000,
    "operatingExpenses": 198700000,
    "costAndExpenses": 472700000,
    "interestIncome": 527000000,
    "interestExpense": 252900000,
    "depreciationAndAmortization": 12900000,
    "ebitda": 165300000,
    "ebitdaratio": 0.26443769,
    "operatingIncome": 152400000,
    "operatingIncomeRatio": 0.2438009918,
    "totalOtherIncomeExpensesNet": 0,
    "incomeBeforeTax": 152400000,
    "incomeBeforeTaxRatio": 0.2438009918,
    "incomeTaxExpense": 52300000,
    "netIncome": 100100000,
    "netIncomeRatio": 0.1601343785,
    "eps": 0.35,
    "epsdiluted": 0.35,
    "weightedAverageShsOut": 218278000,
    "weightedAverageShsOutDil": 218278000,
    "link": "https://www.sec.gov/Archives/edgar/data/92230/000095016897001273/0000950168-97-001273-index.html",
    "finalLink": "https://www.sec.gov/Archives/edgar/data/92230/0000950168-97-001273.txt"
  },
  {
    "date": "1996-12-31",
    "symbol": "TFC",
    "reportedCurrency": "USD",
    "cik": "0000092230",
    "fillingDate": "1997-03-17",
    "acceptedDate": "1997-03-17 00:00:00",
    "calendarYear": "1996",
    "period": "Q4",
    "revenue": 492300000,
    "costOfRevenue": 213400000,
    "grossProfit": 278900000,
    "grossProfitRatio": 0.5665244769,
    "researchAndDevelopmentExpenses": 0,
    "generalAndAdministrativeExpenses": 77100000,
    "sellingAndMarketingExpenses": 0,
    "sellingGeneralAndAdministrativeExpenses": 77100000,
    "otherExpenses": 86100000,
    "operatingExpenses": 163200000,
    "costAndExpenses": 376600000,
    "interestIncome": 411900000,
    "interestExpense": 197900000,
    "depreciationAndAmortization": 15000000,
    "ebitda": 130700000,
    "ebitdaratio": 0.2654885233,
    "operatingIncome": 115700000,
    "operatingIncomeRatio": 0.2350192972,
    "totalOtherIncomeExpensesNet": 0,
    "incomeBeforeTax": 115700000,
    "incomeBeforeTaxRatio": 0.2350192972,
    "incomeTaxExpense": 36000000,
    "netIncome": 79700000,
    "netIncomeRatio": 0.1618931546,
    "eps": 0.34,
    "epsdiluted": 0.34,
    "weightedAverageShsOut": 237429000,
    "weightedAverageShsOutDil": 237429000,
    "link": "https://www.sec.gov/Archives/edgar/data/92230/000092838597000444/0000928385-97-000444-index.html",
    "finalLink": "https://www.sec.gov/Archives/edgar/data/92230/0000928385-97-000444.txt"
  },
  {
    "date": "1996-09-30",
    "symbol": "TFC",
    "reportedCurrency": "USD",
    "cik": "0000092230",
    "fillingDate": "1996-11-14",
    "acceptedDate": "1996-11-14 00:00:00",
    "calendarYear": "1996",
    "period": "Q3",
    "revenue": 578200000,
    "costOfRevenue": 251100000,
    "grossProfit": 327100000,
    "grossProfitRatio": 0.5657212037,
    "researchAndDevelopmentExpenses": 0,
    "generalAndAdministrativeExpenses": 96100000,
    "sellingAndMarketingExpenses": 0,
    "sellingGeneralAndAdministrativeExpenses": 96100000,
    "otherExpenses": 130700000,
    "operatingExpenses": 226800000,
    "costAndExpenses": 477900000,
    "interestIncome": 489000000,
    "interestExpense": 235700000,
    "depreciationAndAmortization": 21500000,
    "ebitda": 121800000,
    "ebitdaratio": 0.210653753,
    "operatingIncome": 100300000,
    "operatingIncomeRatio": 0.1734693878,
    "totalOtherIncomeExpensesNet": 0,
    "incomeBeforeTax": 100300000,
    "incomeBeforeTaxRatio": 0.1734693878,
    "incomeTaxExpense": 32000000,
    "netIncome": 68300000,
    "netIncomeRatio": 0.1181252162,
    "eps": 0.25,
    "epsdiluted": 0.25,
    "weightedAverageShsOut": 273200000,
    "weightedAverageShsOutDil": 273200000,
    "link": "https://www.sec.gov/Archives/edgar/data/92230/000095016896002191/0000950168-96-002191-index.html",
    "finalLink": "https://www.sec.gov/Archives/edgar/data/92230/0000950168-96-002191.txt"
  },
  {
    "date": "1996-06-30",
    "symbol": "TFC",
    "reportedCurrency": "USD",
    "cik": "0000092230",
    "fillingDate": "1996-08-14",
    "acceptedDate": "1996-08-14 00:00:00",
    "calendarYear": "1996",
    "period": "Q2",
    "revenue": 460700000,
    "costOfRevenue": 200100000,
    "grossProfit": 260600000,
    "grossProfitRatio": 0.5656609507,
    "researchAndDevelopmentExpenses": 0,
    "generalAndAdministrativeExpenses": 74500000,
    "sellingAndMarketingExpenses": 0,
    "sellingGeneralAndAdministrativeExpenses": 74500000,
    "otherExpenses": 75900000,
    "operatingExpenses": 150400000,
    "costAndExpenses": 350500000,
    "interestIncome": 388900000,
    "interestExpense": 188100000,
    "depreciationAndAmortization": 11600000,
    "ebitda": 121800000,
    "ebitdaratio": 0.2643802909,
    "operatingIncome": 110200000,
    "operatingIncomeRatio": 0.2392012155,
    "totalOtherIncomeExpensesNet": 0,
    "incomeBeforeTax": 110200000,
    "incomeBeforeTaxRatio": 0.2392012155,
    "incomeTaxExpense": 36300000,
    "netIncome": 73900000,
    "netIncomeRatio": 0.1604080747,
    "eps": 0.32,
    "epsdiluted": 0.32,
    "weightedAverageShsOut": 230938000,
    "weightedAverageShsOutDil": 230938000,
    "link": "https://www.sec.gov/Archives/edgar/data/92230/000092838596001077/0000928385-96-001077-index.html",
    "finalLink": "https://www.sec.gov/Archives/edgar/data/92230/0000928385-96-001077.txt"
  },
  {
    "date": "1996-03-31",
    "symbol": "TFC",
    "reportedCurrency": "USD",
    "cik": "0000092230",
    "fillingDate": "1996-05-14",
    "acceptedDate": "1996-05-14 00:00:00",
    "calendarYear": "1996",
    "period": "Q1",
    "revenue": 451500000,
    "costOfRevenue": 200700000,
    "grossProfit": 250800000,
    "grossProfitRatio": 0.5554817276,
    "researchAndDevelopmentExpenses": 0,
    "generalAndAdministrativeExpenses": 73700000,
    "sellingAndMarketingExpenses": 0,
    "sellingGeneralAndAdministrativeExpenses": 73700000,
    "otherExpenses": 73200000,
    "operatingExpenses": 146900000,
    "costAndExpenses": 347600000,
    "interestIncome": 383800000,
    "interestExpense": 190200000,
    "depreciationAndAmortization": 11600000,
    "ebitda": 115500000,
    "ebitdaratio": 0.2558139535,
    "operatingIncome": 103900000,
    "operatingIncomeRatio": 0.2301218162,
    "totalOtherIncomeExpensesNet": 0,
    "incomeBeforeTax": 103900000,
    "incomeBeforeTaxRatio": 0.2301218162,
    "incomeTaxExpense": 34300000,
    "netIncome": 69600000,
    "netIncomeRatio": 0.1541528239,
    "eps": 0.3,
    "epsdiluted": 0.3,
    "weightedAverageShsOut": 230000000,
    "weightedAverageShsOutDil": 230000000,
    "link": "https://www.sec.gov/Archives/edgar/data/92230/000095016896000825/0000950168-96-000825-index.html",
    "finalLink": "https://www.sec.gov/Archives/edgar/data/92230/0000950168-96-000825.txt"
  },
  {
    "date": "1995-12-31",
    "symbol": "TFC",
    "reportedCurrency": "USD",
    "cik": "0000092230",
    "fillingDate": "1996-03-18",
    "acceptedDate": "1996-03-18 00:00:00",
    "calendarYear": "1995",
    "period": "Q4",
    "revenue": 456100000,
    "costOfRevenue": 216200000,
    "grossProfit": 239900000,
    "grossProfitRatio": 0.5259811445,
    "researchAndDevelopmentExpenses": 0,
    "generalAndAdministrativeExpenses": 0,
    "sellingAndMarketingExpenses": 0,
    "sellingGeneralAndAdministrativeExpenses": 0,
    "otherExpenses": 138600000,
    "operatingExpenses": 138600000,
    "costAndExpenses": 354800000,
    "interestIncome": 395200000,
    "interestExpense": 205800000,
    "depreciationAndAmortization": 10800000,
    "ebitda": 112100000,
    "ebitdaratio": 0.2457794343,
    "operatingIncome": 101300000,
    "operatingIncomeRatio": 0.2221004166,
    "totalOtherIncomeExpensesNet": 0,
    "incomeBeforeTax": 101300000,
    "incomeBeforeTaxRatio": 0.2221004166,
    "incomeTaxExpense": 31200000,
    "netIncome": 70100000,
    "netIncomeRatio": 0.1536943653,
    "eps": 0.3,
    "epsdiluted": 0.3,
    "weightedAverageShsOut": 230000000,
    "weightedAverageShsOutDil": 230000000,
    "link": "https://www.sec.gov/Archives/edgar/data/92230/000092838596000195/0000928385-96-000195-index.html",
    "finalLink": "https://www.sec.gov/Archives/edgar/data/92230/0000928385-96-000195.txt"
  },
  {
    "date": "1995-09-30",
    "symbol": "TFC",
    "reportedCurrency": "USD",
    "cik": "0000092230",
    "fillingDate": "1995-11-14",
    "acceptedDate": "1995-11-14 00:00:00",
    "calendarYear": "1995",
    "period": "Q3",
    "revenue": 455900000,
    "costOfRevenue": 217000000,
    "grossProfit": 238900000,
    "grossProfitRatio": 0.5240184251,
    "researchAndDevelopmentExpenses": 0,
    "generalAndAdministrativeExpenses": 73100000,
    "sellingAndMarketingExpenses": 0,
    "sellingGeneralAndAdministrativeExpenses": 73100000,
    "otherExpenses": 71700000,
    "operatingExpenses": 144800000,
    "costAndExpenses": 361800000,
    "interestIncome": 394300000,
    "interestExpense": 210000000,
    "depreciationAndAmortization": 12700000,
    "ebitda": 106800000,
    "ebitdaratio": 0.2342618995,
    "operatingIncome": 94100000,
    "operatingIncomeRatio": 0.2064049134,
    "totalOtherIncomeExpensesNet": 0,
    "incomeBeforeTax": 94100000,
    "incomeBeforeTaxRatio": 0.2064049134,
    "incomeTaxExpense": 31600000,
    "netIncome": 62500000,
    "netIncomeRatio": 0.1370914674,
    "eps": 0.3,
    "epsdiluted": 0.29,
    "weightedAverageShsOut": 204000000,
    "weightedAverageShsOutDil": 211034000,
    "link": "https://www.sec.gov/Archives/edgar/data/92230/000095016895001046/0000950168-95-001046-index.html",
    "finalLink": "https://www.sec.gov/Archives/edgar/data/92230/0000950168-95-001046.txt"
  }
]