[
  {
    "date": "2024-12-31",
    "symbol": "TFC",
    "reportedCurrency": "USD",
    "cik": "0000092230",
    "fillingDate": "2025-02-25",
    "acceptedDate": "2025-02-25 16:49:09",
    "calendarYear": "2024",
    "period": "FY",
    "revenue": 24253000000,
    "costOfRevenue": 12845000000,
    "grossProfit": 11408000000,
    "grossProfitRatio": 0.470374799,
    "researchAndDevelopmentExpenses": 0,
    "generalAndAdministrativeExpenses": 6506000000,
    "sellingAndMarketingExpenses": 268000000,
    "sellingGeneralAndAdministrativeExpenses": 6774000000,
    "otherExpenses": 5235000000,
    "operatingExpenses": 12009000000,
    "costAndExpenses": 24854000000,
    "interestIncome": 25066000000,
    "interestExpense": 10975000000,
    "depreciationAndAmortization": 979000000,
    "ebitda": 378000000,
    "ebitdaratio": 0.0155857007,
    "operatingIncome": -601000000,
    "operatingIncomeRatio": -0.0247804395,
    "totalOtherIncomeExpensesNet": 0,
    "incomeBeforeTax": -601000000,
    "incomeBeforeTaxRatio": -0.0247804395,
    "incomeTaxExpense": -556000000,
    "netIncome": 4818000000,
    "netIncomeRatio": 0.1986558364,
    "eps": 3.36,
    "epsdiluted": 3.36,
    "weightedAverageShsOut": 1331087000,
    "weightedAverageShsOutDil": 1331087000,
    "link": "https://www.sec.gov/Archives/edgar/data/92230/000009223025000020/0000092230-25-000020-index.htm",
    "finalLink": "https://www.sec.gov/Archives/edgar/data/92230/000009223025000020/tfc-20241231.htm"
  },
  {
    "date": "2023-12-31",
    "symbol": "TFC",
    "reportedCurrency": "USD",
    "cik": "0000092230",
    "fillingDate": "2024-02-27",
    "acceptedDate": "2024-02-27 17:27:40",
    "calendarYear": "2023",
    "period": "FY",
    "revenue": 29950000000,
    "costOfRevenue": 12037000000,
    "grossProfit": 17913000000,
    "grossProfitRatio": 0.598096828,
    "researchAndDevelopmentExpenses": 0,
    "generalAndAdministrativeExpenses": 6516000000,
    "sellingAndMarketingExpenses": 260000000,
    "sellingGeneralAndAdministrativeExpenses": 6776000000,
    "otherExpenses": 11902000000,
    "operatingExpenses": 18678000000,
    "costAndExpenses": 30715000000,
    "interestIncome": 24452000000,
    "interestExpense": 9928000000,
    "depreciationAndAmortization": 1215000000,
    "ebitda": 450000000,
    "ebitdaratio": 0.0150250417,
    "operatingIncome": -765000000,
    "operatingIncomeRatio": -0.025542571,
    "totalOtherIncomeExpensesNet": 0,
    "incomeBeforeTax": -765000000,
    "incomeBeforeTaxRatio": -0.025542571,
    "incomeTaxExpense": 738000000,
    "netIncome": -1091000000,
    "netIncomeRatio": -0.036427379,
    "eps": -1.09,
    "epsdiluted": -1.09,
    "weightedAverageShsOut": 1331963000,
    "weightedAverageShsOutDil": 1331963000,
    "link": "https://www.sec.gov/Archives/edgar/data/92230/000009223024000010/0000092230-24-000010-index.htm",
    "finalLink": "https://www.sec.gov/Archives/edgar/data/92230/000009223024000010/tfc-20231231.htm"
  },
  {
    "date": "2022-12-31",
    "symbol": "TFC",
    "reportedCurrency": "USD",
    "cik": "0000092230",
    "fillingDate": "2023-02-28",
    "acceptedDate": "2023-02-28 16:47:54",
    "calendarYear": "2022",
    "period": "FY",
    "revenue": 22294000000,
    "costOfRevenue": 3098000000,
    "grossProfit": 19196000000,
    "grossProfitRatio": 0.8610388445,
    "researchAndDevelopmentExpenses": 0,
    "generalAndAdministrativeExpenses": 6558000000,
    "sellingAndMarketingExpenses": 321000000,
    "sellingGeneralAndAdministrativeExpenses": 6879000000,
    "otherExpenses": 5288000000,
    "operatingExpenses": 12167000000,
    "costAndExpenses": 15265000000,
    "interestIncome": 16634000000,
    "interestExpense": 2321000000,
    "depreciationAndAmortization": 1366000000,
    "ebitda": 8395000000,
    "ebitdaratio": 0.3765587153,
    "operatingIncome": 7029000000,
    "operatingIncomeRatio": 0.3152866242,
    "totalOtherIncomeExpensesNet": 0,
    "incomeBeforeTax": 7029000000,
    "incomeBeforeTaxRatio": 0.3152866242,
    "incomeTaxExpense": 1250000000,
    "netIncome": 6260000000,
    "netIncomeRatio": 0.2807930385,
    "eps": 4.46,
    "epsdiluted": 4.43,
    "weightedAverageShsOut": 1328120000,
    "weightedAverageShsOutDil": 1338462000,
    "link": "https://www.sec.gov/Archives/edgar/data/92230/000009223023000034/0000092230-23-000034-index.htm",
    "finalLink": "https://www.sec.gov/Archives/edgar/data/92230/000009223023000034/tfc-20221231.htm"
  },
  {
    "date": "2021-12-31",
    "symbol": "TFC",
    "reportedCurrency": "USD",
    "cik": "0000092230",
    "fillingDate": "2022-02-23",
    "acceptedDate": "2022-02-22 17:33:55",
    "calendarYear": "2021",
    "period": "FY",
    "revenue": 23064000000,
    "costOfRevenue": -45000000,
    "grossProfit": 23109000000,
    "grossProfitRatio": 1.0019510926,
    "researchAndDevelopmentExpenses": 0,
    "generalAndAdministrativeExpenses": 8632000000,
    "sellingAndMarketingExpenses": 294000000,
    "sellingGeneralAndAdministrativeExpenses": 8926000000,
    "otherExpenses": 6190000000,
    "operatingExpenses": 15116000000,
    "costAndExpenses": 15071000000,
    "interestIncome": 13774000000,
    "interestExpense": 768000000,
    "depreciationAndAmortization": 1384000000,
    "ebitda": 9377000000,
    "ebitdaratio": 0.4065643427,
    "operatingIncome": 7993000000,
    "operatingIncomeRatio": 0.3465574055,
    "totalOtherIncomeExpensesNet": 0,
    "incomeBeforeTax": 7993000000,
    "incomeBeforeTaxRatio": 0.3465574055,
    "incomeTaxExpense": 1556000000,
    "netIncome": 6440000000,
    "netIncomeRatio": 0.2792230316,
    "eps": 4.51,
    "epsdiluted": 4.47,
    "weightedAverageShsOut": 1337144000,
    "weightedAverageShsOutDil": 1349378000,
    "link": "https://www.sec.gov/Archives/edgar/data/92230/000009223022000008/0000092230-22-000008-index.htm",
    "finalLink": "https://www.sec.gov/Archives/edgar/data/92230/000009223022000008/tfc-20211231.htm"
  },
  {
    "date": "2020-12-31",
    "symbol": "TFC",
    "reportedCurrency": "USD",
    "cik": "0000092230",
    "fillingDate": "2021-02-24",
    "acceptedDate": "2021-02-24 08:41:32",
    "calendarYear": "2020",
    "period": "FY",
    "revenue": 24427000000,
    "costOfRevenue": 4057000000,
    "grossProfit": 20370000000,
    "grossProfitRatio": 0.8339132927,
    "researchAndDevelopmentExpenses": 0,
    "generalAndAdministrativeExpenses": 8146000000,
    "sellingAndMarketingExpenses": 273000000,
    "sellingGeneralAndAdministrativeExpenses": 8419000000,
    "otherExpenses": 6478000000,
    "operatingExpenses": 14897000000,
    "costAndExpenses": 18954000000,
    "interestIncome": 15548000000,
    "interestExpense": 1722000000,
    "depreciationAndAmortization": 1608000000,
    "ebitda": 7081000000,
    "ebitdaratio": 0.2898841446,
    "operatingIncome": 5473000000,
    "operatingIncomeRatio": 0.2240553486,
    "totalOtherIncomeExpensesNet": 0,
    "incomeBeforeTax": 5473000000,
    "incomeBeforeTaxRatio": 0.2240553486,
    "incomeTaxExpense": 981000000,
    "netIncome": 4482000000,
    "netIncomeRatio": 0.1834854874,
    "eps": 3.11,
    "epsdiluted": 3.08,
    "weightedAverageShsOut": 1347080000,
    "weightedAverageShsOutDil": 1358289000,
    "link": "https://www.sec.gov/Archives/edgar/data/92230/000009223021000032/0000092230-21-000032-index.htm",
    "finalLink": "https://www.sec.gov/Archives/edgar/data/92230/000009223021000032/tfc-20201231.htm"
  },
  {
    "date": "2019-12-31",
    "symbol": "TFC",
    "reportedCurrency": "USD",
    "cik": "0000092230",
    "fillingDate": "2020-03-03",
    "acceptedDate": "2020-03-02 19:20:56",
    "calendarYear": "2019",
    "period": "FY",
    "revenue": 14664000000,
    "costOfRevenue": 2711000000,
    "grossProfit": 11953000000,
    "grossProfitRatio": 0.8151254774,
    "researchAndDevelopmentExpenses": 0,
    "generalAndAdministrativeExpenses": 4833000000,
    "sellingAndMarketingExpenses": 137000000,
    "sellingGeneralAndAdministrativeExpenses": 4970000000,
    "otherExpenses": 2964000000,
    "operatingExpenses": 7934000000,
    "costAndExpenses": 10645000000,
    "interestIncome": 9409000000,
    "interestExpense": 2096000000,
    "depreciationAndAmortization": 630000000,
    "ebitda": 4649000000,
    "ebitdaratio": 0.3170349154,
    "operatingIncome": 4019000000,
    "operatingIncomeRatio": 0.2740725586,
    "totalOtherIncomeExpensesNet": 0,
    "incomeBeforeTax": 4019000000,
    "incomeBeforeTaxRatio": 0.2740725586,
    "incomeTaxExpense": 782000000,
    "netIncome": 3224000000,
    "netIncomeRatio": 0.219858156,
    "eps": 3.76,
    "epsdiluted": 3.71,
    "weightedAverageShsOut": 805104000,
    "weightedAverageShsOutDil": 815204000,
    "link": "https://www.sec.gov/Archives/edgar/data/92230/000009223020000045/0000092230-20-000045-index.htm",
    "finalLink": "https://www.sec.gov/Archives/edgar/data/92230/000009223020000045/tfc-20191231.htm"
  },
  {
    "date": "2018-12-31",
    "symbol": "TFC",
    "reportedCurrency": "USD",
    "cik": "0000092230",
    "fillingDate": "2019-02-26",
    "acceptedDate": "2019-02-26 17:11:54",
    "calendarYear": "2018",
    "period": "FY",
    "revenue": 12996000000,
    "costOfRevenue": 2004000000,
    "grossProfit": 10992000000,
    "grossProfitRatio": 0.8457987073,
    "researchAndDevelopmentExpenses": 0,
    "generalAndAdministrativeExpenses": 4313000000,
    "sellingAndMarketingExpenses": 102000000,
    "sellingGeneralAndAdministrativeExpenses": 4415000000,
    "otherExpenses": 2517000000,
    "operatingExpenses": 6932000000,
    "costAndExpenses": 8936000000,
    "interestIncome": 8120000000,
    "interestExpense": 1438000000,
    "depreciationAndAmortization": 555000000,
    "ebitda": 4615000000,
    "ebitdaratio": 0.3551092644,
    "operatingIncome": 4060000000,
    "operatingIncomeRatio": 0.3124038166,
    "totalOtherIncomeExpensesNet": 0,
    "incomeBeforeTax": 4060000000,
    "incomeBeforeTaxRatio": 0.3124038166,
    "incomeTaxExpense": 803000000,
    "netIncome": 3237000000,
    "netIncomeRatio": 0.249076639,
    "eps": 3.96,
    "epsdiluted": 3.91,
    "weightedAverageShsOut": 772963000,
    "weightedAverageShsOutDil": 783484000,
    "link": "https://www.sec.gov/Archives/edgar/data/92230/000009223019000017/0000092230-19-000017-index.htm",
    "finalLink": "https://www.sec.gov/Archives/edgar/data/92230/000009223019000017/form10-k_4q18.htm"
  },
  {
    "date": "2017-12-31",
    "symbol": "TFC",
    "reportedCurrency": "USD",
    "cik": "0000092230",
    "fillingDate": "2018-02-21",
    "acceptedDate": "2018-02-20 18:34:45",
    "calendarYear": "2017",
    "period": "FY",
    "revenue": 12156000000,
    "costOfRevenue": 1386000000,
    "grossProfit": 10770000000,
    "grossProfitRatio": 0.885982231,
    "researchAndDevelopmentExpenses": 0,
    "generalAndAdministrativeExpenses": 4226000000,
    "sellingAndMarketingExpenses": 94000000,
    "sellingGeneralAndAdministrativeExpenses": 4320000000,
    "otherExpenses": 3124000000,
    "operatingExpenses": 7444000000,
    "costAndExpenses": 8830000000,
    "interestIncome": 7374000000,
    "interestExpense": 839000000,
    "depreciationAndAmortization": 550000000,
    "ebitda": 3876000000,
    "ebitdaratio": 0.3188548865,
    "operatingIncome": 3326000000,
    "operatingIncomeRatio": 0.27360974,
    "totalOtherIncomeExpensesNet": 0,
    "incomeBeforeTax": 3326000000,
    "incomeBeforeTaxRatio": 0.27360974,
    "incomeTaxExpense": 911000000,
    "netIncome": 2394000000,
    "netIncomeRatio": 0.1969397828,
    "eps": 2.78,
    "epsdiluted": 2.74,
    "weightedAverageShsOut": 799217000,
    "weightedAverageShsOutDil": 810977000,
    "link": "https://www.sec.gov/Archives/edgar/data/92230/000009223018000021/0000092230-18-000021-index.htm",
    "finalLink": "https://www.sec.gov/Archives/edgar/data/92230/000009223018000021/form10-k_4q17.htm"
  },
  {
    "date": "2016-12-31",
    "symbol": "TFC",
    "reportedCurrency": "USD",
    "cik": "0000092230",
    "fillingDate": "2017-02-21",
    "acceptedDate": "2017-02-21 16:18:46",
    "calendarYear": "2016",
    "period": "FY",
    "revenue": 11538000000,
    "costOfRevenue": 1317000000,
    "grossProfit": 10221000000,
    "grossProfitRatio": 0.8858554342,
    "researchAndDevelopmentExpenses": 0,
    "generalAndAdministrativeExpenses": 4029000000,
    "sellingAndMarketingExpenses": 0,
    "sellingGeneralAndAdministrativeExpenses": 4029000000,
    "otherExpenses": 2692000000,
    "operatingExpenses": 6721000000,
    "costAndExpenses": 8038000000,
    "interestIncome": 7066000000,
    "interestExpense": 745000000,
    "depreciationAndAmortization": 555000000,
    "ebitda": 4055000000,
    "ebitdaratio": 0.3514473912,
    "operatingIncome": 3500000000,
    "operatingIncomeRatio": 0.3033454672,
    "totalOtherIncomeExpensesNet": 0,
    "incomeBeforeTax": 3500000000,
    "incomeBeforeTaxRatio": 0.3033454672,
    "incomeTaxExpense": 1058000000,
    "netIncome": 2426000000,
    "netIncomeRatio": 0.2102617438,
    "eps": 2.81,
    "epsdiluted": 2.77,
    "weightedAverageShsOut": 804680000,
    "weightedAverageShsOutDil": 814916000,
    "link": "https://www.sec.gov/Archives/edgar/data/92230/000009223017000021/0000092230-17-000021-index.htm",
    "finalLink": "https://www.sec.gov/Archives/edgar/data/92230/000009223017000021/form10-kx2016.htm"
  },
  {
    "date": "2015-12-31",
    "symbol": "TFC",
    "reportedCurrency": "USD",
    "cik": "0000092230",
    "fillingDate": "2016-02-25",
    "acceptedDate": "2016-02-25 17:25:57",
    "calendarYear": "2015",
    "period": "FY",
    "revenue": 10625000000,
    "costOfRevenue": 1163000000,
    "grossProfit": 9462000000,
    "grossProfitRatio": 0.8905411765,
    "researchAndDevelopmentExpenses": 0,
    "generalAndAdministrativeExpenses": 3722000000,
    "sellingAndMarketingExpenses": 0,
    "sellingGeneralAndAdministrativeExpenses": 3722000000,
    "otherExpenses": 2823000000,
    "operatingExpenses": 6545000000,
    "costAndExpenses": 7708000000,
    "interestIncome": 6327000000,
    "interestExpense": 735000000,
    "depreciationAndAmortization": 461000000,
    "ebitda": 3378000000,
    "ebitdaratio": 0.3179294118,
    "operatingIncome": 2917000000,
    "operatingIncomeRatio": 0.2745411765,
    "totalOtherIncomeExpensesNet": 0,
    "incomeBeforeTax": 2917000000,
    "incomeBeforeTaxRatio": 0.2745411765,
    "incomeTaxExpense": 794000000,
    "netIncome": 2084000000,
    "netIncomeRatio": 0.1961411765,
    "eps": 2.59,
    "epsdiluted": 2.56,
    "weightedAverageShsOut": 748010000,
    "weightedAverageShsOutDil": 757765000,
    "link": "https://www.sec.gov/Archives/edgar/data/92230/000009223016000125/0000092230-16-000125-index.htm",
    "finalLink": "https://www.sec.gov/Archives/edgar/data/92230/000009223016000125/f10k2015.htm"
  },
  {
    "date": "2014-12-31",
    "symbol": "TFC",
    "reportedCurrency": "USD",
    "cik": "0000092230",
    "fillingDate": "2015-02-25",
    "acceptedDate": "2015-02-25 15:57:09",
    "calendarYear": "2014",
    "period": "FY",
    "revenue": 10341000000,
    "costOfRevenue": 1019000000,
    "grossProfit": 9322000000,
    "grossProfitRatio": 0.9014602069,
    "researchAndDevelopmentExpenses": 0,
    "generalAndAdministrativeExpenses": 3523000000,
    "sellingAndMarketingExpenses": 0,
    "sellingGeneralAndAdministrativeExpenses": 3523000000,
    "otherExpenses": 2672000000,
    "operatingExpenses": 6195000000,
    "costAndExpenses": 7214000000,
    "interestIncome": 6142000000,
    "interestExpense": 768000000,
    "depreciationAndAmortization": 424000000,
    "ebitda": 3551000000,
    "ebitdaratio": 0.3433903878,
    "operatingIncome": 3127000000,
    "operatingIncomeRatio": 0.3023885504,
    "totalOtherIncomeExpensesNet": 0,
    "incomeBeforeTax": 3127000000,
    "incomeBeforeTaxRatio": 0.3023885504,
    "incomeTaxExpense": 921000000,
    "netIncome": 2131000000,
    "netIncomeRatio": 0.2060729136,
    "eps": 2.79,
    "epsdiluted": 2.75,
    "weightedAverageShsOut": 718140000,
    "weightedAverageShsOutDil": 728372000,
    "link": "https://www.sec.gov/Archives/edgar/data/92230/000009223015000021/0000092230-15-000021-index.htm",
    "finalLink": "https://www.sec.gov/Archives/edgar/data/92230/000009223015000021/form10k.htm"
  },
  {
    "date": "2013-12-31",
    "symbol": "TFC",
    "reportedCurrency": "USD",
    "cik": "0000092230",
    "fillingDate": "2014-02-26",
    "acceptedDate": "2014-02-26 16:21:44",
    "calendarYear": "2013",
    "period": "FY",
    "revenue": 10805000000,
    "costOfRevenue": 1483000000,
    "grossProfit": 9322000000,
    "grossProfitRatio": 0.8627487274,
    "researchAndDevelopmentExpenses": 0,
    "generalAndAdministrativeExpenses": 3586000000,
    "sellingAndMarketingExpenses": 0,
    "sellingGeneralAndAdministrativeExpenses": 3586000000,
    "otherExpenses": 2453000000,
    "operatingExpenses": 6039000000,
    "costAndExpenses": 7522000000,
    "interestIncome": 6507000000,
    "interestExpense": 891000000,
    "depreciationAndAmortization": 421000000,
    "ebitda": 3704000000,
    "ebitdaratio": 0.3428042573,
    "operatingIncome": 3283000000,
    "operatingIncomeRatio": 0.3038408144,
    "totalOtherIncomeExpensesNet": 0,
    "incomeBeforeTax": 3283000000,
    "incomeBeforeTaxRatio": 0.3038408144,
    "incomeTaxExpense": 1553000000,
    "netIncome": 1680000000,
    "netIncomeRatio": 0.1554835724,
    "eps": 2.22,
    "epsdiluted": 2.19,
    "weightedAverageShsOut": 703042000,
    "weightedAverageShsOutDil": 714363000,
    "link": "https://www.sec.gov/Archives/edgar/data/92230/000009223014000014/0000092230-14-000014-index.htm",
    "finalLink": "https://www.sec.gov/Archives/edgar/data/92230/000009223014000014/a10k.htm"
  },
  {
    "date": "2012-12-31",
    "symbol": "TFC",
    "reportedCurrency": "USD",
    "cik": "0000092230",
    "fillingDate": "2013-03-01",
    "acceptedDate": "2013-02-28 20:51:50",
    "calendarYear": "2012",
    "period": "FY",
    "revenue": 11055000000,
    "costOfRevenue": 2117000000,
    "grossProfit": 8938000000,
    "grossProfitRatio": 0.8085029398,
    "researchAndDevelopmentExpenses": 0,
    "generalAndAdministrativeExpenses": 3443000000,
    "sellingAndMarketingExpenses": 0,
    "sellingGeneralAndAdministrativeExpenses": 3443000000,
    "otherExpenses": 2703000000,
    "operatingExpenses": 6146000000,
    "costAndExpenses": 8263000000,
    "interestIncome": 6917000000,
    "interestExpense": 1060000000,
    "depreciationAndAmortization": 391000000,
    "ebitda": 3183000000,
    "ebitdaratio": 0.2879240163,
    "operatingIncome": 2792000000,
    "operatingIncomeRatio": 0.2525554048,
    "totalOtherIncomeExpensesNet": 0,
    "incomeBeforeTax": 2792000000,
    "incomeBeforeTaxRatio": 0.2525554048,
    "incomeTaxExpense": 764000000,
    "netIncome": 1979000000,
    "netIncomeRatio": 0.1790140208,
    "eps": 2.74,
    "epsdiluted": 2.7,
    "weightedAverageShsOut": 698739000,
    "weightedAverageShsOutDil": 708877000,
    "link": "https://www.sec.gov/Archives/edgar/data/92230/000009223013000023/0000092230-13-000023-index.htm",
    "finalLink": "https://www.sec.gov/Archives/edgar/data/92230/000009223013000023/a10k2012.htm"
  },
  {
    "date": "2011-12-31",
    "symbol": "TFC",
    "reportedCurrency": "USD",
    "cik": "0000092230",
    "fillingDate": "2012-02-27",
    "acceptedDate": "2012-02-27 15:55:13",
    "calendarYear": "2011",
    "period": "FY",
    "revenue": 10287000000,
    "costOfRevenue": 2568000000,
    "grossProfit": 7719000000,
    "grossProfitRatio": 0.7503645378,
    "researchAndDevelopmentExpenses": 0,
    "generalAndAdministrativeExpenses": 3016000000,
    "sellingAndMarketingExpenses": 0,
    "sellingGeneralAndAdministrativeExpenses": 3016000000,
    "otherExpenses": 3075000000,
    "operatingExpenses": 6091000000,
    "costAndExpenses": 8659000000,
    "interestIncome": 6885000000,
    "interestExpense": 1378000000,
    "depreciationAndAmortization": 363000000,
    "ebitda": 1991000000,
    "ebitdaratio": 0.1935452513,
    "operatingIncome": 1628000000,
    "operatingIncomeRatio": 0.1582579955,
    "totalOtherIncomeExpensesNet": 0,
    "incomeBeforeTax": 1628000000,
    "incomeBeforeTaxRatio": 0.1582579955,
    "incomeTaxExpense": 296000000,
    "netIncome": 1289000000,
    "netIncomeRatio": 0.1253037815,
    "eps": 1.85,
    "epsdiluted": 1.83,
    "weightedAverageShsOut": 696532000,
    "weightedAverageShsOutDil": 705168000,
    "link": "https://www.sec.gov/Archives/edgar/data/92230/000119312512081457/0001193125-12-081457-index.htm",
    "finalLink": "https://www.sec.gov/Archives/edgar/data/92230/000119312512081457/d282790d10k.htm"
  },
  {
    "date": "2010-12-31",
    "symbol": "TFC",
    "reportedCurrency": "USD",
    "cik": "0000092230",
    "fillingDate": "2011-02-25",
    "acceptedDate": "2011-02-25 16:11:32",
    "calendarYear": "2010",
    "period": "FY",
    "revenue": 11188000000,
    "costOfRevenue": 4433000000,
    "grossProfit": 6755000000,
    "grossProfitRatio": 0.6037718985,
    "researchAndDevelopmentExpenses": 0,
    "generalAndAdministrativeExpenses": 2732000000,
    "sellingAndMarketingExpenses": 0,
    "sellingGeneralAndAdministrativeExpenses": 2732000000,
    "otherExpenses": 3054000000,
    "operatingExpenses": 5786000000,
    "costAndExpenses": 10219000000,
    "interestIncome": 7115000000,
    "interestExpense": 1795000000,
    "depreciationAndAmortization": 382000000,
    "ebitda": 1351000000,
    "ebitdaratio": 0.1207543797,
    "operatingIncome": 969000000,
    "operatingIncomeRatio": 0.0866106543,
    "totalOtherIncomeExpensesNet": 0,
    "incomeBeforeTax": 969000000,
    "incomeBeforeTaxRatio": 0.0866106543,
    "incomeTaxExpense": 115000000,
    "netIncome": 816000000,
    "netIncomeRatio": 0.0729352878,
    "eps": 1.18,
    "epsdiluted": 1.16,
    "weightedAverageShsOut": 692489000,
    "weightedAverageShsOutDil": 701039000,
    "link": "https://www.sec.gov/Archives/edgar/data/92230/000119312511047405/0001193125-11-047405-index.htm",
    "finalLink": "https://www.sec.gov/Archives/edgar/data/92230/000119312511047405/d10k.htm"
  },
  {
    "date": "2009-12-31",
    "symbol": "TFC",
    "reportedCurrency": "USD",
    "cik": "0000092230",
    "fillingDate": "2010-02-26",
    "acceptedDate": "2010-02-26 16:28:00",
    "calendarYear": "2009",
    "period": "FY",
    "revenue": 10777000000,
    "costOfRevenue": 4851000000,
    "grossProfit": 5926000000,
    "grossProfitRatio": 0.5498747332,
    "researchAndDevelopmentExpenses": 0,
    "generalAndAdministrativeExpenses": 2503000000,
    "sellingAndMarketingExpenses": 0,
    "sellingGeneralAndAdministrativeExpenses": 2503000000,
    "otherExpenses": 2387000000,
    "operatingExpenses": 4890000000,
    "costAndExpenses": 9741000000,
    "interestIncome": 6884000000,
    "interestExpense": 2040000000,
    "depreciationAndAmortization": 339000000,
    "ebitda": 1375000000,
    "ebitdaratio": 0.1275865269,
    "operatingIncome": 1036000000,
    "operatingIncomeRatio": 0.0961306486,
    "totalOtherIncomeExpensesNet": 0,
    "incomeBeforeTax": 1036000000,
    "incomeBeforeTaxRatio": 0.0961306486,
    "incomeTaxExpense": 159000000,
    "netIncome": 853000000,
    "netIncomeRatio": 0.0791500418,
    "eps": 1.16,
    "epsdiluted": 1.15,
    "weightedAverageShsOut": 629583000,
    "weightedAverageShsOutDil": 635619000,
    "link": "https://www.sec.gov/Archives/edgar/data/92230/000119312510042975/0001193125-10-042975-index.htm",
    "finalLink": "https://www.sec.gov/Archives/edgar/data/92230/000119312510042975/d10k.htm"
  },
  {
    "date": "2008-12-31",
    "symbol": "TFC",
    "reportedCurrency": "USD",
    "cik": "0000092230",
    "fillingDate": "2009-02-27",
    "acceptedDate": "2009-02-27 17:21:11",
    "calendarYear": "2008",
    "period": "FY",
    "revenue": 10324000000,
    "costOfRevenue": 4414000000,
    "grossProfit": 5910000000,
    "grossProfitRatio": 0.5724525378,
    "researchAndDevelopmentExpenses": 0,
    "generalAndAdministrativeExpenses": 2201000000,
    "sellingAndMarketingExpenses": 0,
    "sellingGeneralAndAdministrativeExpenses": 2201000000,
    "otherExpenses": 1630000000,
    "operatingExpenses": 3831000000,
    "costAndExpenses": 8245000000,
    "interestIncome": 7207000000,
    "interestExpense": 2969000000,
    "depreciationAndAmortization": 298000000,
    "ebitda": 2377000000,
    "ebitdaratio": 0.230240217,
    "operatingIncome": 2079000000,
    "operatingIncomeRatio": 0.2013754359,
    "totalOtherIncomeExpensesNet": 0,
    "incomeBeforeTax": 2079000000,
    "incomeBeforeTaxRatio": 0.2013754359,
    "incomeTaxExpense": 550000000,
    "netIncome": 1519000000,
    "netIncomeRatio": 0.1471328942,
    "eps": 2.73,
    "epsdiluted": 2.71,
    "weightedAverageShsOut": 548847000,
    "weightedAverageShsOutDil": 552498000,
    "link": "https://www.sec.gov/Archives/edgar/data/92230/000119312509041217/0001193125-09-041217-index.htm",
    "finalLink": "https://www.sec.gov/Archives/edgar/data/92230/000119312509041217/d10k.htm"
  },
  {
    "date": "2007-12-31",
    "symbol": "TFC",
    "reportedCurrency": "USD",
    "cik": "0000092230",
    "fillingDate": "2008-02-28",
    "acceptedDate": "2008-02-28 16:48:33",
    "calendarYear": "2007",
    "period": "FY",
    "revenue": 10649000000,
    "costOfRevenue": 4462000000,
    "grossProfit": 6187000000,
    "grossProfitRatio": 0.5809935205,
    "researchAndDevelopmentExpenses": 0,
    "generalAndAdministrativeExpenses": 2094000000,
    "sellingAndMarketingExpenses": 0,
    "sellingGeneralAndAdministrativeExpenses": 2094000000,
    "otherExpenses": 1511000000,
    "operatingExpenses": 3605000000,
    "costAndExpenses": 8067000000,
    "interestIncome": 7894000000,
    "interestExpense": 4014000000,
    "depreciationAndAmortization": 283000000,
    "ebitda": 2865000000,
    "ebitdaratio": 0.2690393464,
    "operatingIncome": 2582000000,
    "operatingIncomeRatio": 0.2424640811,
    "totalOtherIncomeExpensesNet": 0,
    "incomeBeforeTax": 2582000000,
    "incomeBeforeTaxRatio": 0.2424640811,
    "incomeTaxExpense": 836000000,
    "netIncome": 1734000000,
    "netIncomeRatio": 0.1628321908,
    "eps": 3.17,
    "epsdiluted": 3.14,
    "weightedAverageShsOut": 547184000,
    "weightedAverageShsOutDil": 551755000,
    "link": "https://www.sec.gov/Archives/edgar/data/92230/000119312508041900/0001193125-08-041900-index.htm",
    "finalLink": "https://www.sec.gov/Archives/edgar/data/92230/000119312508041900/d10k.htm"
  },
  {
    "date": "2006-12-31",
    "symbol": "TFC",
    "reportedCurrency": "USD",
    "cik": "0000092230",
    "fillingDate": "2007-02-27",
    "acceptedDate": "2007-02-27 17:05:48",
    "calendarYear": "2006",
    "period": "FY",
    "revenue": 9383000000,
    "costOfRevenue": 3425000000,
    "grossProfit": 5958000000,
    "grossProfitRatio": 0.634978152,
    "researchAndDevelopmentExpenses": 0,
    "generalAndAdministrativeExpenses": 2077000000,
    "sellingAndMarketingExpenses": 0,
    "sellingGeneralAndAdministrativeExpenses": 2077000000,
    "otherExpenses": 1408000000,
    "operatingExpenses": 3485000000,
    "costAndExpenses": 6910000000,
    "interestIncome": 6845000000,
    "interestExpense": 3185000000,
    "depreciationAndAmortization": 292000000,
    "ebitda": 2765000000,
    "ebitdaratio": 0.2946818715,
    "operatingIncome": 2473000000,
    "operatingIncomeRatio": 0.2635617606,
    "totalOtherIncomeExpensesNet": 0,
    "incomeBeforeTax": 2473000000,
    "incomeBeforeTaxRatio": 0.2635617606,
    "incomeTaxExpense": 945000000,
    "netIncome": 1528000000,
    "netIncomeRatio": 0.1628477033,
    "eps": 2.84,
    "epsdiluted": 2.81,
    "weightedAverageShsOut": 539140000,
    "weightedAverageShsOutDil": 543891000,
    "link": "https://www.sec.gov/Archives/edgar/data/92230/000119312507041147/0001193125-07-041147-index.htm",
    "finalLink": "https://www.sec.gov/Archives/edgar/data/92230/000119312507041147/d10k.htm"
  },
  {
    "date": "2005-12-31",
    "symbol": "TFC",
    "reportedCurrency": "USD",
    "cik": "0000092230",
    "fillingDate": "2006-03-10",
    "acceptedDate": "2006-03-10 16:24:23",
    "calendarYear": "2005",
    "period": "FY",
    "revenue": 7827000000,
    "costOfRevenue": 2198000000,
    "grossProfit": 5629000000,
    "grossProfitRatio": 0.7191772071,
    "researchAndDevelopmentExpenses": 0,
    "generalAndAdministrativeExpenses": 1785000000,
    "sellingAndMarketingExpenses": 0,
    "sellingGeneralAndAdministrativeExpenses": 1785000000,
    "otherExpenses": 1377000000,
    "operatingExpenses": 3162000000,
    "costAndExpenses": 5360000000,
    "interestIncome": 5477000000,
    "interestExpense": 1981000000,
    "depreciationAndAmortization": 303000000,
    "ebitda": 2770000000,
    "ebitdaratio": 0.3539031557,
    "operatingIncome": 2467000000,
    "operatingIncomeRatio": 0.3151910055,
    "totalOtherIncomeExpensesNet": 0,
    "incomeBeforeTax": 2467000000,
    "incomeBeforeTaxRatio": 0.3151910055,
    "incomeTaxExpense": 813000000,
    "netIncome": 1654000000,
    "netIncomeRatio": 0.2113197905,
    "eps": 3.02,
    "epsdiluted": 3,
    "weightedAverageShsOut": 546916000,
    "weightedAverageShsOutDil": 551380000,
    "link": "https://www.sec.gov/Archives/edgar/data/92230/000119312506051066/0001193125-06-051066-index.htm",
    "finalLink": "https://www.sec.gov/Archives/edgar/data/92230/000119312506051066/d10k.htm"
  },
  {
    "date": "2004-12-31",
    "symbol": "TFC",
    "reportedCurrency": "USD",
    "cik": "0000092230",
    "fillingDate": "2005-03-07",
    "acceptedDate": "2005-03-07 17:13:22",
    "calendarYear": "2004",
    "period": "FY",
    "revenue": 6666000000,
    "costOfRevenue": 1448000000,
    "grossProfit": 5218000000,
    "grossProfitRatio": 0.7827782778,
    "researchAndDevelopmentExpenses": 0,
    "generalAndAdministrativeExpenses": 1632000000,
    "sellingAndMarketingExpenses": 0,
    "sellingGeneralAndAdministrativeExpenses": 1632000000,
    "otherExpenses": 1264000000,
    "operatingExpenses": 2896000000,
    "costAndExpenses": 4344000000,
    "interestIncome": 4528000000,
    "interestExpense": 1199000000,
    "depreciationAndAmortization": 270000000,
    "ebitda": 2592000000,
    "ebitdaratio": 0.3888388839,
    "operatingIncome": 2322000000,
    "operatingIncomeRatio": 0.3483348335,
    "totalOtherIncomeExpensesNet": 0,
    "incomeBeforeTax": 2322000000,
    "incomeBeforeTaxRatio": 0.3483348335,
    "incomeTaxExpense": 764000000,
    "netIncome": 1558000000,
    "netIncomeRatio": 0.2337233723,
    "eps": 2.82,
    "epsdiluted": 2.8,
    "weightedAverageShsOut": 551661000,
    "weightedAverageShsOutDil": 556041000,
    "link": "https://www.sec.gov/Archives/edgar/data/92230/000119312505043730/0001193125-05-043730-index.htm",
    "finalLink": "https://www.sec.gov/Archives/edgar/data/92230/000119312505043730/d10k.htm"
  },
  {
    "date": "2003-12-31",
    "symbol": "TFC",
    "reportedCurrency": "USD",
    "cik": "0000092230",
    "fillingDate": "2004-03-08",
    "acceptedDate": "2004-03-08 14:10:40",
    "calendarYear": "2003",
    "period": "FY",
    "revenue": 6243927000,
    "costOfRevenue": 1520787000,
    "grossProfit": 4723140000,
    "grossProfitRatio": 0.7564374151,
    "researchAndDevelopmentExpenses": 0,
    "generalAndAdministrativeExpenses": 1507336000,
    "sellingAndMarketingExpenses": 0,
    "sellingGeneralAndAdministrativeExpenses": 1507336000,
    "otherExpenses": 1598774000,
    "operatingExpenses": 3106110000,
    "costAndExpenses": 4626897000,
    "interestIncome": 4354792000,
    "interestExpense": 1272787000,
    "depreciationAndAmortization": 207786000,
    "ebitda": 1824816000,
    "ebitdaratio": 0.2922545379,
    "operatingIncome": 1617030000,
    "operatingIncomeRatio": 0.2589764422,
    "totalOtherIncomeExpensesNet": 0,
    "incomeBeforeTax": 1617030000,
    "incomeBeforeTaxRatio": 0.2589764422,
    "incomeTaxExpense": 552127000,
    "netIncome": 1064903000,
    "netIncomeRatio": 0.1705502002,
    "eps": 2.09,
    "epsdiluted": 2.07,
    "weightedAverageShsOut": 509851000,
    "weightedAverageShsOutDil": 514082000,
    "link": "https://www.sec.gov/Archives/edgar/data/92230/000119312504036289/0001193125-04-036289-index.htm",
    "finalLink": "https://www.sec.gov/Archives/edgar/data/92230/000119312504036289/d10k.htm"
  },
  {
    "date": "2002-12-31",
    "symbol": "TFC",
    "reportedCurrency": "USD",
    "cik": "0000092230",
    "fillingDate": "2003-03-07",
    "acceptedDate": "2003-03-07 10:56:02",
    "calendarYear": "2002",
    "period": "FY",
    "revenue": 6126519000,
    "costOfRevenue": 1950284000,
    "grossProfit": 4176235000,
    "grossProfitRatio": 0.6816652327,
    "researchAndDevelopmentExpenses": 0,
    "generalAndAdministrativeExpenses": 1297847000,
    "sellingAndMarketingExpenses": 0,
    "sellingGeneralAndAdministrativeExpenses": 1297847000,
    "otherExpenses": 1087691000,
    "operatingExpenses": 2385538000,
    "costAndExpenses": 4335822000,
    "interestIncome": 4434044000,
    "interestExpense": 1686584000,
    "depreciationAndAmortization": 158977000,
    "ebitda": 1949674000,
    "ebitdaratio": 0.3182352001,
    "operatingIncome": 1790697000,
    "operatingIncomeRatio": 0.2922862069,
    "totalOtherIncomeExpensesNet": 0,
    "incomeBeforeTax": 1790697000,
    "incomeBeforeTaxRatio": 0.2922862069,
    "incomeTaxExpense": 497468000,
    "netIncome": 1303009000,
    "netIncomeRatio": 0.2126834178,
    "eps": 2.75,
    "epsdiluted": 2.72,
    "weightedAverageShsOut": 473304000,
    "weightedAverageShsOutDil": 478793000,
    "link": "https://www.sec.gov/Archives/edgar/data/92230/000091664103000480/0000916641-03-000480-index.htm",
    "finalLink": "https://www.sec.gov/Archives/edgar/data/92230/000091664103000480/d10k.htm"
  },
  {
    "date": "2001-12-31",
    "symbol": "TFC",
    "reportedCurrency": "USD",
    "cik": "0000092230",
    "fillingDate": "2002-03-15",
    "acceptedDate": "2002-03-15 00:00:00",
    "calendarYear": "2001",
    "period": "FY",
    "revenue": 6228229000,
    "costOfRevenue": 2639371000,
    "grossProfit": 3588858000,
    "grossProfitRatio": 0.5762244773,
    "researchAndDevelopmentExpenses": 0,
    "generalAndAdministrativeExpenses": 1173713000,
    "sellingAndMarketingExpenses": 35522000,
    "sellingGeneralAndAdministrativeExpenses": 1209235000,
    "otherExpenses": 1019195000,
    "operatingExpenses": 2228430000,
    "costAndExpenses": 4867801000,
    "interestIncome": 4849538000,
    "interestExpense": 2415053000,
    "depreciationAndAmortization": 236191000,
    "ebitda": 1596619000,
    "ebitdaratio": 0.2563520063,
    "operatingIncome": 1360428000,
    "operatingIncomeRatio": 0.2184293481,
    "totalOtherIncomeExpensesNet": 0,
    "incomeBeforeTax": 1360428000,
    "incomeBeforeTaxRatio": 0.2184293481,
    "incomeTaxExpense": 386790000,
    "netIncome": 973638000,
    "netIncomeRatio": 0.1563266219,
    "eps": 2.15,
    "epsdiluted": 2.12,
    "weightedAverageShsOut": 452855000,
    "weightedAverageShsOutDil": 459263000,
    "link": "https://www.sec.gov/Archives/edgar/data/92230/000091664102000426/0000916641-02-000426-index.htm",
    "finalLink": "https://www.sec.gov/Archives/edgar/data/92230/000091664102000426/d10k.htm"
  },
  {
    "date": "2000-12-31",
    "symbol": "TFC",
    "reportedCurrency": "USD",
    "cik": "0000092230",
    "fillingDate": "2001-03-16",
    "acceptedDate": "2001-03-16 00:00:00",
    "calendarYear": "2000",
    "period": "FY",
    "revenue": 5725196000,
    "costOfRevenue": 2711099000,
    "grossProfit": 3014097000,
    "grossProfitRatio": 0.5264618015,
    "researchAndDevelopmentExpenses": 0,
    "generalAndAdministrativeExpenses": 1048310000,
    "sellingAndMarketingExpenses": 37098000,
    "sellingGeneralAndAdministrativeExpenses": 1085408000,
    "otherExpenses": 915683000,
    "operatingExpenses": 2001091000,
    "costAndExpenses": 4712190000,
    "interestIncome": 4878409000,
    "interestExpense": 2563912000,
    "depreciationAndAmortization": 192719000,
    "ebitda": 1205725000,
    "ebitdaratio": 0.2105997768,
    "operatingIncome": 1013006000,
    "operatingIncomeRatio": 0.1769382219,
    "totalOtherIncomeExpensesNet": 0,
    "incomeBeforeTax": 1013006000,
    "incomeBeforeTaxRatio": 0.1769382219,
    "incomeTaxExpense": 314518000,
    "netIncome": 698488000,
    "netIncomeRatio": 0.1220024607,
    "eps": 1.55,
    "epsdiluted": 1.53,
    "weightedAverageShsOut": 450637000,
    "weightedAverageShsOutDil": 456528000,
    "link": "https://www.sec.gov/Archives/edgar/data/92230/000091664101000337/0000916641-01-000337-index.htm",
    "finalLink": "https://www.sec.gov/Archives/edgar/data/92230/000091664101000337/0000916641-01-000337-0001.txt"
  },
  {
    "date": "1999-12-31",
    "symbol": "TFC",
    "reportedCurrency": "USD",
    "cik": "0000092230",
    "fillingDate": "2000-03-14",
    "acceptedDate": "2000-03-14 00:00:00",
    "calendarYear": "1999",
    "period": "FY",
    "revenue": 5190590000,
    "costOfRevenue": 2165012000,
    "grossProfit": 3025578000,
    "grossProfitRatio": 0.582896742,
    "researchAndDevelopmentExpenses": 0,
    "generalAndAdministrativeExpenses": 957366000,
    "sellingAndMarketingExpenses": 36630000,
    "sellingGeneralAndAdministrativeExpenses": 993996000,
    "otherExpenses": 875672000,
    "operatingExpenses": 1869668000,
    "costAndExpenses": 4034680000,
    "interestIncome": 4233162000,
    "interestExpense": 2038453000,
    "depreciationAndAmortization": 199889000,
    "ebitda": 1355799000,
    "ebitdaratio": 0.2612032544,
    "operatingIncome": 1155910000,
    "operatingIncomeRatio": 0.222693374,
    "totalOtherIncomeExpensesNet": 0,
    "incomeBeforeTax": 1155910000,
    "incomeBeforeTaxRatio": 0.222693374,
    "incomeTaxExpense": 377185000,
    "netIncome": 778725000,
    "netIncomeRatio": 0.1500262976,
    "eps": 1.74,
    "epsdiluted": 1.71,
    "weightedAverageShsOut": 447569000,
    "weightedAverageShsOutDil": 454771000,
    "link": "https://www.sec.gov/Archives/edgar/data/92230/000093066100000544/0000930661-00-000544-index.html",
    "finalLink": "https://www.sec.gov/Archives/edgar/data/92230/000093066100000544/0000930661-00-000544.txt"
  },
  {
    "date": "1998-12-31",
    "symbol": "TFC",
    "reportedCurrency": "USD",
    "cik": "0000092230",
    "fillingDate": "1999-03-19",
    "acceptedDate": "1999-03-19 00:00:00",
    "calendarYear": "1998",
    "period": "FY",
    "revenue": 4183240000,
    "costOfRevenue": 1847837000,
    "grossProfit": 2335403000,
    "grossProfitRatio": 0.5582761209,
    "researchAndDevelopmentExpenses": 0,
    "generalAndAdministrativeExpenses": 700259000,
    "sellingAndMarketingExpenses": 34751000,
    "sellingGeneralAndAdministrativeExpenses": 735010000,
    "otherExpenses": 641905000,
    "operatingExpenses": 1376915000,
    "costAndExpenses": 3224752000,
    "interestIncome": 3492813000,
    "interestExpense": 1733108000,
    "depreciationAndAmortization": 151914000,
    "ebitda": 1110402000,
    "ebitdaratio": 0.2654406632,
    "operatingIncome": 958488000,
    "operatingIncomeRatio": 0.2291257494,
    "totalOtherIncomeExpensesNet": 0,
    "incomeBeforeTax": 958488000,
    "incomeBeforeTaxRatio": 0.2291257494,
    "incomeTaxExpense": 306744000,
    "netIncome": 651744000,
    "netIncomeRatio": 0.1557988545,
    "eps": 1.67,
    "epsdiluted": 1.63,
    "weightedAverageShsOut": 285391000,
    "weightedAverageShsOutDil": 292240000,
    "link": "https://www.sec.gov/Archives/edgar/data/92230/000095010999000901/0000950109-99-000901-index.html",
    "finalLink": "https://www.sec.gov/Archives/edgar/data/92230/0000950109-99-000901.txt"
  },
  {
    "date": "1997-12-31",
    "symbol": "TFC",
    "reportedCurrency": "USD",
    "cik": "0000092230",
    "fillingDate": "1998-03-18",
    "acceptedDate": "1998-03-18 00:00:00",
    "calendarYear": "1997",
    "period": "FY",
    "revenue": 3103300000,
    "costOfRevenue": 1390600000,
    "grossProfit": 1712700000,
    "grossProfitRatio": 0.5518963684,
    "researchAndDevelopmentExpenses": 0,
    "generalAndAdministrativeExpenses": 534700000,
    "sellingAndMarketingExpenses": 29500000,
    "sellingGeneralAndAdministrativeExpenses": 564200000,
    "otherExpenses": 528800000,
    "operatingExpenses": 1093000000,
    "costAndExpenses": 2483600000,
    "interestIncome": 2600200000,
    "interestExpense": 1279700000,
    "depreciationAndAmortization": 98800000,
    "ebitda": 718500000,
    "ebitdaratio": 0.2315277285,
    "operatingIncome": 619700000,
    "operatingIncomeRatio": 0.1996906519,
    "totalOtherIncomeExpensesNet": 0,
    "incomeBeforeTax": 619700000,
    "incomeBeforeTaxRatio": 0.1996906519,
    "incomeTaxExpense": 211300000,
    "netIncome": 411200000,
    "netIncomeRatio": 0.1325041085,
    "eps": 1.25,
    "epsdiluted": 1.23,
    "weightedAverageShsOut": 328960000,
    "weightedAverageShsOutDil": 334309000,
    "link": "https://www.sec.gov/Archives/edgar/data/92230/000095013298000220/0000950132-98-000220-index.html",
    "finalLink": "https://www.sec.gov/Archives/edgar/data/92230/0000950132-98-000220.txt"
  },
  {
    "date": "1996-12-31",
    "symbol": "TFC",
    "reportedCurrency": "USD",
    "cik": "0000092230",
    "fillingDate": "1997-03-17",
    "acceptedDate": "1997-03-17 00:00:00",
    "calendarYear": "1996",
    "period": "FY",
    "revenue": 2400300000,
    "costOfRevenue": 1061100000,
    "grossProfit": 1339200000,
    "grossProfitRatio": 0.5579302587,
    "researchAndDevelopmentExpenses": 0,
    "generalAndAdministrativeExpenses": 404300000,
    "sellingAndMarketingExpenses": 24300000,
    "sellingGeneralAndAdministrativeExpenses": 428600000,
    "otherExpenses": 398800000,
    "operatingExpenses": 827400000,
    "costAndExpenses": 1888500000,
    "interestIncome": 2059000000,
    "interestExpense": 998800000,
    "depreciationAndAmortization": 64500000,
    "ebitda": 576300000,
    "ebitdaratio": 0.2400949881,
    "operatingIncome": 511800000,
    "operatingIncomeRatio": 0.2132233471,
    "totalOtherIncomeExpensesNet": 0,
    "incomeBeforeTax": 511800000,
    "incomeBeforeTaxRatio": 0.2132233471,
    "incomeTaxExpense": 168500000,
    "netIncome": 343300000,
    "netIncomeRatio": 0.1430237887,
    "eps": 1.19,
    "epsdiluted": 1.17,
    "weightedAverageShsOut": 236512000,
    "weightedAverageShsOutDil": 236512000,
    "link": "https://www.sec.gov/Archives/edgar/data/92230/000092838597000444/0000928385-97-000444-index.html",
    "finalLink": "https://www.sec.gov/Archives/edgar/data/92230/0000928385-97-000444.txt"
  },
  {
    "date": "1995-12-31",
    "symbol": "TFC",
    "reportedCurrency": "USD",
    "cik": "0000092230",
    "fillingDate": "1996-03-18",
    "acceptedDate": "1996-03-18 00:00:00",
    "calendarYear": "1995",
    "period": "FY",
    "revenue": 2151900000,
    "costOfRevenue": 990800000,
    "grossProfit": 1161100000,
    "grossProfitRatio": 0.5395696826,
    "researchAndDevelopmentExpenses": 0,
    "generalAndAdministrativeExpenses": 424300000,
    "sellingAndMarketingExpenses": 0,
    "sellingGeneralAndAdministrativeExpenses": 424300000,
    "otherExpenses": 396400000,
    "operatingExpenses": 820700000,
    "costAndExpenses": 1811500000,
    "interestIncome": 1880200000,
    "interestExpense": 948900000,
    "depreciationAndAmortization": 25200000,
    "ebitda": 365600000,
    "ebitdaratio": 0.1698963706,
    "operatingIncome": 340400000,
    "operatingIncomeRatio": 0.1581857893,
    "totalOtherIncomeExpensesNet": 0,
    "incomeBeforeTax": 340400000,
    "incomeBeforeTaxRatio": 0.1581857893,
    "incomeTaxExpense": 113100000,
    "netIncome": 227300000,
    "netIncomeRatio": 0.1056275849,
    "eps": 0.82,
    "epsdiluted": 0.8,
    "weightedAverageShsOut": 208400000,
    "weightedAverageShsOutDil": 208400000,
    "link": "https://www.sec.gov/Archives/edgar/data/92230/000092838596000195/0000928385-96-000195-index.html",
    "finalLink": "https://www.sec.gov/Archives/edgar/data/92230/0000928385-96-000195.txt"
  },
  {
    "date": "1994-12-31",
    "symbol": "TFC",
    "reportedCurrency": "USD",
    "cik": "0000092230",
    "fillingDate": "1995-03-30",
    "acceptedDate": "1995-03-30 00:00:00",
    "calendarYear": "1994",
    "period": "FY",
    "revenue": 661400000,
    "costOfRevenue": 262900000,
    "grossProfit": 398500000,
    "grossProfitRatio": 0.6025098276,
    "researchAndDevelopmentExpenses": 0,
    "generalAndAdministrativeExpenses": 119000000,
    "sellingAndMarketingExpenses": 0,
    "sellingGeneralAndAdministrativeExpenses": 119000000,
    "otherExpenses": 112300000,
    "operatingExpenses": 231300000,
    "costAndExpenses": 494200000,
    "interestIncome": 578400000,
    "interestExpense": 255700000,
    "depreciationAndAmortization": 0,
    "ebitda": 167200000,
    "ebitdaratio": 0.2527970971,
    "operatingIncome": 167200000,
    "operatingIncomeRatio": 0.2527970971,
    "totalOtherIncomeExpensesNet": 0,
    "incomeBeforeTax": 167200000,
    "incomeBeforeTaxRatio": 0.2527970971,
    "incomeTaxExpense": 57600000,
    "netIncome": 110900000,
    "netIncomeRatio": 0.1676746296,
    "eps": 1.19,
    "epsdiluted": 1.14,
    "weightedAverageShsOut": 88824000,
    "weightedAverageShsOutDil": 93128000,
    "link": "https://www.sec.gov/Archives/edgar/data/92230/000092838595000070/0000928385-95-000070-index.htm",
    "finalLink": "https://www.sec.gov/Archives/edgar/data/92230/000092838595000070/"
  },
  {
    "date": "1993-12-31",
    "symbol": "TFC",
    "reportedCurrency": "USD",
    "cik": "0000092230",
    "fillingDate": "1994-03-31",
    "acceptedDate": "1994-03-31 00:00:00",
    "calendarYear": "1993",
    "period": "FY",
    "revenue": 438000000,
    "costOfRevenue": 152600000,
    "grossProfit": 285400000,
    "grossProfitRatio": 0.6515981735,
    "researchAndDevelopmentExpenses": 0,
    "generalAndAdministrativeExpenses": 85300000,
    "sellingAndMarketingExpenses": 0,
    "sellingGeneralAndAdministrativeExpenses": 85300000,
    "otherExpenses": 86600000,
    "operatingExpenses": 171900000,
    "costAndExpenses": 324500000,
    "interestIncome": 371700000,
    "interestExpense": 147000000,
    "depreciationAndAmortization": 11900000,
    "ebitda": 125400000,
    "ebitdaratio": 0.2863013699,
    "operatingIncome": 113500000,
    "operatingIncomeRatio": 0.2591324201,
    "totalOtherIncomeExpensesNet": 0,
    "incomeBeforeTax": 113500000,
    "incomeBeforeTaxRatio": 0.2591324201,
    "incomeTaxExpense": 37900000,
    "netIncome": 79200000,
    "netIncomeRatio": 0.1808219178,
    "eps": 0.47,
    "epsdiluted": 0.47,
    "weightedAverageShsOut": 60860000,
    "weightedAverageShsOutDil": 65814000,
    "link": "https://www.sec.gov/Archives/edgar/data/92230/000095016894000105/0000950168-94-000105-index.html",
    "finalLink": "https://www.sec.gov/Archives/edgar/data/92230/0000950168-94-000105.txt"
  },
  {
    "date": "1992-12-31",
    "symbol": "TFC",
    "reportedCurrency": "USD",
    "cik": "0000092230",
    "fillingDate": "1992-12-31",
    "acceptedDate": "1992-12-31 00:00:00",
    "calendarYear": "1992",
    "period": "FY",
    "revenue": 381700000,
    "costOfRevenue": 159600000,
    "grossProfit": 222100000,
    "grossProfitRatio": 0.581870579,
    "researchAndDevelopmentExpenses": 0,
    "generalAndAdministrativeExpenses": 74300000,
    "sellingAndMarketingExpenses": 0,
    "sellingGeneralAndAdministrativeExpenses": 74300000,
    "otherExpenses": 72100000,
    "operatingExpenses": 146400000,
    "costAndExpenses": 306000000,
    "interestIncome": 338600000,
    "interestExpense": 145200000,
    "depreciationAndAmortization": 10300000,
    "ebitda": 86000000,
    "ebitdaratio": 0.2253078334,
    "operatingIncome": 75700000,
    "operatingIncomeRatio": 0.1983232905,
    "totalOtherIncomeExpensesNet": 0,
    "incomeBeforeTax": 75700000,
    "incomeBeforeTaxRatio": 0.1983232905,
    "incomeTaxExpense": 25600000,
    "netIncome": 50100000,
    "netIncomeRatio": 0.1312549122,
    "eps": 0.72,
    "epsdiluted": 0.69,
    "weightedAverageShsOut": 63194000,
    "weightedAverageShsOutDil": 63194000,
    "link": null,
    "finalLink": null
  },
  {
    "date": "1991-12-31",
    "symbol": "TFC",
    "reportedCurrency": "USD",
    "cik": "0000092230",
    "fillingDate": "1991-12-31",
    "acceptedDate": "1991-12-31 00:00:00",
    "calendarYear": "1991",
    "period": "FY",
    "revenue": 362600000,
    "costOfRevenue": 190700000,
    "grossProfit": 171900000,
    "grossProfitRatio": 0.4740761169,
    "researchAndDevelopmentExpenses": 0,
    "generalAndAdministrativeExpenses": 63400000,
    "sellingAndMarketingExpenses": 0,
    "sellingGeneralAndAdministrativeExpenses": 63400000,
    "otherExpenses": 63500000,
    "operatingExpenses": 126900000,
    "costAndExpenses": 317600000,
    "interestIncome": 323300000,
    "interestExpense": 171900000,
    "depreciationAndAmortization": 6200000,
    "ebitda": 51200000,
    "ebitdaratio": 0.1412024269,
    "operatingIncome": 45000000,
    "operatingIncomeRatio": 0.1241036955,
    "totalOtherIncomeExpensesNet": 0,
    "incomeBeforeTax": 45000000,
    "incomeBeforeTaxRatio": 0.1241036955,
    "incomeTaxExpense": 14200000,
    "netIncome": 30800000,
    "netIncomeRatio": 0.0849420849,
    "eps": 0.68,
    "epsdiluted": 0.68,
    "weightedAverageShsOut": 45294000,
    "weightedAverageShsOutDil": 45294000,
    "link": null,
    "finalLink": null
  },
  {
    "date": "1990-12-31",
    "symbol": "TFC",
    "reportedCurrency": "USD",
    "cik": "0000092230",
    "fillingDate": "1990-12-31",
    "acceptedDate": "1990-12-31 00:00:00",
    "calendarYear": "1990",
    "period": "FY",
    "revenue": 357500000,
    "costOfRevenue": 212700000,
    "grossProfit": 144800000,
    "grossProfitRatio": 0.405034965,
    "researchAndDevelopmentExpenses": 0,
    "generalAndAdministrativeExpenses": 59500000,
    "sellingAndMarketingExpenses": 0,
    "sellingGeneralAndAdministrativeExpenses": 59500000,
    "otherExpenses": 53400000,
    "operatingExpenses": 112900000,
    "costAndExpenses": 325600000,
    "interestIncome": 323500000,
    "interestExpense": 191400000,
    "depreciationAndAmortization": 6300000,
    "ebitda": 38200000,
    "ebitdaratio": 0.1068531469,
    "operatingIncome": 31900000,
    "operatingIncomeRatio": 0.0892307692,
    "totalOtherIncomeExpensesNet": 0,
    "incomeBeforeTax": 31900000,
    "incomeBeforeTaxRatio": 0.0892307692,
    "incomeTaxExpense": 9000000,
    "netIncome": 22900000,
    "netIncomeRatio": 0.0640559441,
    "eps": 0.51,
    "epsdiluted": 0.51,
    "weightedAverageShsOut": 44902000,
    "weightedAverageShsOutDil": 44902000,
    "link": null,
    "finalLink": null
  },
  {
    "date": "1989-12-31",
    "symbol": "TFC",
    "reportedCurrency": "USD",
    "cik": "0000092230",
    "fillingDate": "1989-12-31",
    "acceptedDate": "1989-12-31 00:00:00",
    "calendarYear": "1989",
    "period": "FY",
    "revenue": 331300000,
    "costOfRevenue": 193100000,
    "grossProfit": 138200000,
    "grossProfitRatio": 0.4171445819,
    "researchAndDevelopmentExpenses": 0,
    "generalAndAdministrativeExpenses": 55200000,
    "sellingAndMarketingExpenses": 0,
    "sellingGeneralAndAdministrativeExpenses": 55200000,
    "otherExpenses": 46400000,
    "operatingExpenses": 101600000,
    "costAndExpenses": 294700000,
    "interestIncome": 299800000,
    "interestExpense": 183500000,
    "depreciationAndAmortization": 6400000,
    "ebitda": 43000000,
    "ebitdaratio": 0.1297917296,
    "operatingIncome": 36600000,
    "operatingIncomeRatio": 0.1104738907,
    "totalOtherIncomeExpensesNet": 0,
    "incomeBeforeTax": 36600000,
    "incomeBeforeTaxRatio": 0.1104738907,
    "incomeTaxExpense": 10900000,
    "netIncome": 25700000,
    "netIncomeRatio": 0.0775731965,
    "eps": 0.57,
    "epsdiluted": 0.57,
    "weightedAverageShsOut": 45088000,
    "weightedAverageShsOutDil": 45088000,
    "link": null,
    "finalLink": null
  },
  {
    "date": "1988-12-31",
    "symbol": "TFC",
    "reportedCurrency": "USD",
    "cik": "0000092230",
    "fillingDate": "1988-12-31",
    "acceptedDate": "1988-12-30 19:00:00",
    "calendarYear": "1988",
    "period": "FY",
    "revenue": 0,
    "costOfRevenue": 0,
    "grossProfit": 0,
    "grossProfitRatio": 0,
    "researchAndDevelopmentExpenses": 0,
    "generalAndAdministrativeExpenses": 0,
    "sellingAndMarketingExpenses": 0,
    "sellingGeneralAndAdministrativeExpenses": 0,
    "otherExpenses": 21600000,
    "operatingExpenses": 21600000,
    "costAndExpenses": 21600000,
    "interestIncome": 0,
    "interestExpense": 0,
    "depreciationAndAmortization": 0,
    "ebitda": 21600000,
    "ebitdaratio": 0,
    "operatingIncome": 21600000,
    "operatingIncomeRatio": 0,
    "totalOtherIncomeExpensesNet": 0,
    "incomeBeforeTax": 0,
    "incomeBeforeTaxRatio": 0,
    "incomeTaxExpense": -21600000,
    "netIncome": 21600000,
    "netIncomeRatio": 0,
    "eps": 0.57,
    "epsdiluted": 0.57,
    "weightedAverageShsOut": 37895000,
    "weightedAverageShsOutDil": 37895000,
    "link": "",
    "finalLink": ""
  },
  {
    "date": "1987-12-31",
    "symbol": "TFC",
    "reportedCurrency": "USD",
    "cik": "0000092230",
    "fillingDate": "1987-12-31",
    "acceptedDate": "1987-12-30 19:00:00",
    "calendarYear": "1987",
    "period": "FY",
    "revenue": 0,
    "costOfRevenue": 0,
    "grossProfit": 0,
    "grossProfitRatio": 0,
    "researchAndDevelopmentExpenses": 0,
    "generalAndAdministrativeExpenses": 0,
    "sellingAndMarketingExpenses": 0,
    "sellingGeneralAndAdministrativeExpenses": 0,
    "otherExpenses": 18000000,
    "operatingExpenses": 18000000,
    "costAndExpenses": 18000000,
    "interestIncome": 0,
    "interestExpense": 0,
    "depreciationAndAmortization": 0,
    "ebitda": 18000000,
    "ebitdaratio": 0,
    "operatingIncome": 18000000,
    "operatingIncomeRatio": 0,
    "totalOtherIncomeExpensesNet": 0,
    "incomeBeforeTax": 0,
    "incomeBeforeTaxRatio": 0,
    "incomeTaxExpense": -18000000,
    "netIncome": 18000000,
    "netIncomeRatio": 0,
    "eps": 0.48,
    "epsdiluted": 0.48,
    "weightedAverageShsOut": 37500000,
    "weightedAverageShsOutDil": 37500000,
    "link": "",
    "finalLink": ""
  },
  {
    "date": "1986-12-31",
    "symbol": "TFC",
    "reportedCurrency": "USD",
    "cik": "0000092230",
    "fillingDate": "1986-12-31",
    "acceptedDate": "1986-12-30 19:00:00",
    "calendarYear": "1986",
    "period": "FY",
    "revenue": 0,
    "costOfRevenue": 0,
    "grossProfit": 0,
    "grossProfitRatio": 0,
    "researchAndDevelopmentExpenses": 0,
    "generalAndAdministrativeExpenses": 0,
    "sellingAndMarketingExpenses": 0,
    "sellingGeneralAndAdministrativeExpenses": 0,
    "otherExpenses": 14900000,
    "operatingExpenses": 14900000,
    "costAndExpenses": 14900000,
    "interestIncome": 0,
    "interestExpense": 0,
    "depreciationAndAmortization": 0,
    "ebitda": 14900000,
    "ebitdaratio": 0,
    "operatingIncome": 14900000,
    "operatingIncomeRatio": 0,
    "totalOtherIncomeExpensesNet": 0,
    "incomeBeforeTax": 0,
    "incomeBeforeTaxRatio": 0,
    "incomeTaxExpense": -14900000,
    "netIncome": 14900000,
    "netIncomeRatio": 0,
    "eps": 0.45,
    "epsdiluted": 0.45,
    "weightedAverageShsOut": 33111000,
    "weightedAverageShsOutDil": 33111000,
    "link": "",
    "finalLink": ""
  },
  {
    "date": "1985-12-31",
    "symbol": "TFC",
    "reportedCurrency": "USD",
    "cik": "0000092230",
    "fillingDate": "1985-12-31",
    "acceptedDate": "1985-12-30 19:00:00",
    "calendarYear": "1985",
    "period": "FY",
    "revenue": 0,
    "costOfRevenue": 0,
    "grossProfit": 0,
    "grossProfitRatio": 0,
    "researchAndDevelopmentExpenses": 0,
    "generalAndAdministrativeExpenses": 0,
    "sellingAndMarketingExpenses": 0,
    "sellingGeneralAndAdministrativeExpenses": 0,
    "otherExpenses": 10300000,
    "operatingExpenses": 10300000,
    "costAndExpenses": 10300000,
    "interestIncome": 0,
    "interestExpense": 0,
    "depreciationAndAmortization": 0,
    "ebitda": 10300000,
    "ebitdaratio": 0,
    "operatingIncome": 10300000,
    "operatingIncomeRatio": 0,
    "totalOtherIncomeExpensesNet": 0,
    "incomeBeforeTax": 0,
    "incomeBeforeTaxRatio": 0,
    "incomeTaxExpense": -10300000,
    "netIncome": 10300000,
    "netIncomeRatio": 0,
    "eps": 0.39,
    "epsdiluted": 0.39,
    "weightedAverageShsOut": 26410000,
    "weightedAverageShsOutDil": 26410000,
    "link": "",
    "finalLink": ""
  }
]