[
  {
    "date": "2025-08-02",
    "symbol": "TGT",
    "reportedCurrency": "USD",
    "cik": "0000027419",
    "fillingDate": "2025-08-29",
    "acceptedDate": "2025-08-29 11:12:12",
    "calendarYear": "2027",
    "period": "Q2",
    "revenue": 25211000000,
    "costOfRevenue": 18535000000,
    "grossProfit": 6676000000,
    "grossProfitRatio": 0.2648050454,
    "researchAndDevelopmentExpenses": 0,
    "generalAndAdministrativeExpenses": 0,
    "sellingAndMarketingExpenses": 0,
    "sellingGeneralAndAdministrativeExpenses": 4766000000,
    "otherExpenses": 0,
    "operatingExpenses": 4766000000,
    "costAndExpenses": 23301000000,
    "interestIncome": 0,
    "interestExpense": 116000000,
    "depreciationAndAmortization": 632000000,
    "ebitda": 1917000000,
    "ebitdaratio": 0.0760382373,
    "operatingIncome": 1910000000,
    "operatingIncomeRatio": 0.0757605807,
    "totalOtherIncomeExpensesNet": -692000000,
    "incomeBeforeTax": 1218000000,
    "incomeBeforeTaxRatio": 0.0483122447,
    "incomeTaxExpense": 283000000,
    "netIncome": 935000000,
    "netIncomeRatio": 0.0370869858,
    "eps": 2.05,
    "epsdiluted": 2.05,
    "weightedAverageShsOut": 454800000,
    "weightedAverageShsOutDil": 456100000,
    "link": "https://www.sec.gov/Archives/edgar/data/27419/000002741925000118/0000027419-25-000118-index.htm",
    "finalLink": "https://www.sec.gov/Archives/edgar/data/27419/000002741925000118/tgt-20250802.htm"
  },
  {
    "date": "2025-05-03",
    "symbol": "TGT",
    "reportedCurrency": "USD",
    "cik": "0000027419",
    "fillingDate": "2025-05-30",
    "acceptedDate": "2025-05-30 14:14:08",
    "calendarYear": "2027",
    "period": "Q1",
    "revenue": 23846000000,
    "costOfRevenue": 17783000000,
    "grossProfit": 6063000000,
    "grossProfitRatio": 0.2542564791,
    "researchAndDevelopmentExpenses": 0,
    "generalAndAdministrativeExpenses": 0,
    "sellingAndMarketingExpenses": 0,
    "sellingGeneralAndAdministrativeExpenses": 5184000000,
    "otherExpenses": 0,
    "operatingExpenses": 5184000000,
    "costAndExpenses": 22967000000,
    "interestIncome": 0,
    "interestExpense": 116000000,
    "depreciationAndAmortization": 787000000,
    "ebitda": 2291000000,
    "ebitdaratio": 0.0960748134,
    "operatingIncome": 879000000,
    "operatingIncomeRatio": 0.0368615281,
    "totalOtherIncomeExpensesNet": 503000000,
    "incomeBeforeTax": 1382000000,
    "incomeBeforeTaxRatio": 0.0579552126,
    "incomeTaxExpense": 346000000,
    "netIncome": 1036000000,
    "netIncomeRatio": 0.0434454416,
    "eps": 2.28,
    "epsdiluted": 2.27,
    "weightedAverageShsOut": 455000000,
    "weightedAverageShsOutDil": 456500000,
    "link": "https://www.sec.gov/Archives/edgar/data/27419/000002741925000101/0000027419-25-000101-index.htm",
    "finalLink": "https://www.sec.gov/Archives/edgar/data/27419/000002741925000101/tgt-20250503.htm"
  },
  {
    "date": "2025-02-01",
    "symbol": "TGT",
    "reportedCurrency": "USD",
    "cik": "0000027419",
    "fillingDate": "2025-03-12",
    "acceptedDate": "2025-03-12 16:36:03",
    "calendarYear": "2026",
    "period": "Q4",
    "revenue": 30915000000,
    "costOfRevenue": 23448000000,
    "grossProfit": 7467000000,
    "grossProfitRatio": 0.2415332363,
    "researchAndDevelopmentExpenses": 0,
    "generalAndAdministrativeExpenses": 4364000000,
    "sellingAndMarketingExpenses": 1500000000,
    "sellingGeneralAndAdministrativeExpenses": 5864000000,
    "otherExpenses": 105000000,
    "operatingExpenses": 5969000000,
    "costAndExpenses": 29417000000,
    "interestIncome": 0,
    "interestExpense": 90000000,
    "depreciationAndAmortization": 766000000,
    "ebitda": 2267000000,
    "ebitdaratio": 0.0733300987,
    "operatingIncome": 1498000000,
    "operatingIncomeRatio": 0.0484554423,
    "totalOtherIncomeExpensesNet": -92000000,
    "incomeBeforeTax": 1406000000,
    "incomeBeforeTaxRatio": 0.0454795407,
    "incomeTaxExpense": 303000000,
    "netIncome": 1103000000,
    "netIncomeRatio": 0.0356784732,
    "eps": 2.42,
    "epsdiluted": 2.41,
    "weightedAverageShsOut": 456800000,
    "weightedAverageShsOutDil": 458400000,
    "link": "https://www.sec.gov/Archives/edgar/data/27419/000002741925000018/0000027419-25-000018-index.htm",
    "finalLink": "https://www.sec.gov/Archives/edgar/data/27419/000002741925000018/tgt-20250201.htm"
  },
  {
    "date": "2024-11-02",
    "symbol": "TGT",
    "reportedCurrency": "USD",
    "cik": "0000027419",
    "fillingDate": "2024-11-27",
    "acceptedDate": "2024-11-27 14:16:36",
    "calendarYear": "2026",
    "period": "Q3",
    "revenue": 25668000000,
    "costOfRevenue": 19014000000,
    "grossProfit": 6654000000,
    "grossProfitRatio": 0.2592332866,
    "researchAndDevelopmentExpenses": 0,
    "generalAndAdministrativeExpenses": 0,
    "sellingAndMarketingExpenses": 0,
    "sellingGeneralAndAdministrativeExpenses": 5485000000,
    "otherExpenses": 0,
    "operatingExpenses": 5485000000,
    "costAndExpenses": 24499000000,
    "interestIncome": 0,
    "interestExpense": 105000000,
    "depreciationAndAmortization": 754000000,
    "ebitda": 1956000000,
    "ebitdaratio": 0.0762038336,
    "operatingIncome": 1169000000,
    "operatingIncomeRatio": 0.0455430887,
    "totalOtherIncomeExpensesNet": -78000000,
    "incomeBeforeTax": 1091000000,
    "incomeBeforeTaxRatio": 0.0425042855,
    "incomeTaxExpense": 237000000,
    "netIncome": 854000000,
    "netIncomeRatio": 0.0332709989,
    "eps": 1.86,
    "epsdiluted": 1.85,
    "weightedAverageShsOut": 460100000,
    "weightedAverageShsOutDil": 461500000,
    "link": "https://www.sec.gov/Archives/edgar/data/27419/000002741924000179/0000027419-24-000179-index.htm",
    "finalLink": "https://www.sec.gov/Archives/edgar/data/27419/000002741924000179/tgt-20241102.htm"
  },
  {
    "date": "2024-08-03",
    "symbol": "TGT",
    "reportedCurrency": "USD",
    "cik": "0000027419",
    "fillingDate": "2024-08-30",
    "acceptedDate": "2024-08-30 11:54:48",
    "calendarYear": "2026",
    "period": "Q2",
    "revenue": 25452000000,
    "costOfRevenue": 18425000000,
    "grossProfit": 7027000000,
    "grossProfitRatio": 0.2760883231,
    "researchAndDevelopmentExpenses": 0,
    "generalAndAdministrativeExpenses": 0,
    "sellingAndMarketingExpenses": 0,
    "sellingGeneralAndAdministrativeExpenses": 5356000000,
    "otherExpenses": 0,
    "operatingExpenses": 5356000000,
    "costAndExpenses": 23781000000,
    "interestIncome": 0,
    "interestExpense": 110000000,
    "depreciationAndAmortization": 743000000,
    "ebitda": 2404000000,
    "ebitdaratio": 0.0944523024,
    "operatingIncome": 1671000000,
    "operatingIncomeRatio": 0.0656529939,
    "totalOtherIncomeExpensesNet": -126000000,
    "incomeBeforeTax": 1545000000,
    "incomeBeforeTaxRatio": 0.0607024988,
    "incomeTaxExpense": 353000000,
    "netIncome": 1192000000,
    "netIncomeRatio": 0.0468332548,
    "eps": 2.58,
    "epsdiluted": 2.57,
    "weightedAverageShsOut": 462500000,
    "weightedAverageShsOutDil": 463500000,
    "link": "https://www.sec.gov/Archives/edgar/data/27419/000002741924000152/0000027419-24-000152-index.htm",
    "finalLink": "https://www.sec.gov/Archives/edgar/data/27419/000002741924000152/tgt-20240803.htm"
  },
  {
    "date": "2024-05-04",
    "symbol": "TGT",
    "reportedCurrency": "USD",
    "cik": "0000027419",
    "fillingDate": "2024-05-31",
    "acceptedDate": "2024-05-31 11:50:17",
    "calendarYear": "2026",
    "period": "Q1",
    "revenue": 24531000000,
    "costOfRevenue": 18067000000,
    "grossProfit": 6464000000,
    "grossProfitRatio": 0.2635033223,
    "researchAndDevelopmentExpenses": 0,
    "generalAndAdministrativeExpenses": 0,
    "sellingAndMarketingExpenses": 0,
    "sellingGeneralAndAdministrativeExpenses": 5168000000,
    "otherExpenses": 0,
    "operatingExpenses": 5168000000,
    "costAndExpenses": 23235000000,
    "interestIncome": 0,
    "interestExpense": 106000000,
    "depreciationAndAmortization": 718000000,
    "ebitda": 2049000000,
    "ebitdaratio": 0.0835269659,
    "operatingIncome": 1296000000,
    "operatingIncomeRatio": 0.0528311117,
    "totalOtherIncomeExpensesNet": -77000000,
    "incomeBeforeTax": 1219000000,
    "incomeBeforeTaxRatio": 0.0496922262,
    "incomeTaxExpense": 277000000,
    "netIncome": 942000000,
    "netIncomeRatio": 0.0384003913,
    "eps": 2.04,
    "epsdiluted": 2.03,
    "weightedAverageShsOut": 462200000,
    "weightedAverageShsOutDil": 463900000,
    "link": "https://www.sec.gov/Archives/edgar/data/27419/000002741924000129/0000027419-24-000129-index.htm",
    "finalLink": "https://www.sec.gov/Archives/edgar/data/27419/000002741924000129/tgt-20240504.htm"
  },
  {
    "date": "2024-02-03",
    "symbol": "TGT",
    "reportedCurrency": "USD",
    "cik": "0000027419",
    "fillingDate": "2024-03-13",
    "acceptedDate": "2024-03-13 17:04:51",
    "calendarYear": "2025",
    "period": "Q4",
    "revenue": 31919000000,
    "costOfRevenue": 24025000000,
    "grossProfit": 7894000000,
    "grossProfitRatio": 0.2473135123,
    "researchAndDevelopmentExpenses": 0,
    "generalAndAdministrativeExpenses": 0,
    "sellingAndMarketingExpenses": 0,
    "sellingGeneralAndAdministrativeExpenses": 6025000000,
    "otherExpenses": 0,
    "operatingExpenses": 6025000000,
    "costAndExpenses": 30050000000,
    "interestIncome": 0,
    "interestExpense": 107000000,
    "depreciationAndAmortization": 729000000,
    "ebitda": 2628000000,
    "ebitdaratio": 0.0823334064,
    "operatingIncome": 1869000000,
    "operatingIncomeRatio": 0.058554466,
    "totalOtherIncomeExpensesNet": -83000000,
    "incomeBeforeTax": 1786000000,
    "incomeBeforeTaxRatio": 0.0559541339,
    "incomeTaxExpense": 404000000,
    "netIncome": 1382000000,
    "netIncomeRatio": 0.0432970958,
    "eps": 2.99,
    "epsdiluted": 2.98,
    "weightedAverageShsOut": 461700000,
    "weightedAverageShsOutDil": 463100000,
    "link": "https://www.sec.gov/Archives/edgar/data/27419/000002741924000032/0000027419-24-000032-index.htm",
    "finalLink": "https://www.sec.gov/Archives/edgar/data/27419/000002741924000032/tgt-20240203.htm"
  },
  {
    "date": "2023-10-28",
    "symbol": "TGT",
    "reportedCurrency": "USD",
    "cik": "0000027419",
    "fillingDate": "2023-11-22",
    "acceptedDate": "2023-11-22 11:47:32",
    "calendarYear": "2025",
    "period": "Q3",
    "revenue": 25398000000,
    "costOfRevenue": 18765000000,
    "grossProfit": 6633000000,
    "grossProfitRatio": 0.2611622962,
    "researchAndDevelopmentExpenses": 0,
    "generalAndAdministrativeExpenses": 0,
    "sellingAndMarketingExpenses": 0,
    "sellingGeneralAndAdministrativeExpenses": 5252000000,
    "otherExpenses": 0,
    "operatingExpenses": 5252000000,
    "costAndExpenses": 24017000000,
    "interestIncome": 0,
    "interestExpense": 107000000,
    "depreciationAndAmortization": 722000000,
    "ebitda": 2070000000,
    "ebitdaratio": 0.0815024805,
    "operatingIncome": 1381000000,
    "operatingIncomeRatio": 0.0543743602,
    "totalOtherIncomeExpensesNet": -146000000,
    "incomeBeforeTax": 1235000000,
    "incomeBeforeTaxRatio": 0.0486258761,
    "incomeTaxExpense": 264000000,
    "netIncome": 971000000,
    "netIncomeRatio": 0.0382313568,
    "eps": 2.1,
    "epsdiluted": 2.1,
    "weightedAverageShsOut": 461600000,
    "weightedAverageShsOutDil": 462600000,
    "link": "https://www.sec.gov/Archives/edgar/data/27419/000002741923000052/0000027419-23-000052-index.htm",
    "finalLink": "https://www.sec.gov/Archives/edgar/data/27419/000002741923000052/tgt-20231028.htm"
  },
  {
    "date": "2023-07-29",
    "symbol": "TGT",
    "reportedCurrency": "USD",
    "cik": "0000027419",
    "fillingDate": "2023-08-25",
    "acceptedDate": "2023-08-25 11:49:25",
    "calendarYear": "2025",
    "period": "Q2",
    "revenue": 24773000000,
    "costOfRevenue": 18392000000,
    "grossProfit": 6381000000,
    "grossProfitRatio": 0.2575788156,
    "researchAndDevelopmentExpenses": 0,
    "generalAndAdministrativeExpenses": 0,
    "sellingAndMarketingExpenses": 0,
    "sellingGeneralAndAdministrativeExpenses": 5151000000,
    "otherExpenses": 0,
    "operatingExpenses": 5151000000,
    "costAndExpenses": 23543000000,
    "interestIncome": 0,
    "interestExpense": 141000000,
    "depreciationAndAmortization": 683000000,
    "ebitda": 1902000000,
    "ebitdaratio": 0.0767771364,
    "operatingIncome": 1230000000,
    "operatingIncomeRatio": 0.0496508295,
    "totalOtherIncomeExpensesNet": -158000000,
    "incomeBeforeTax": 1072000000,
    "incomeBeforeTaxRatio": 0.0432729181,
    "incomeTaxExpense": 237000000,
    "netIncome": 835000000,
    "netIncomeRatio": 0.0337060509,
    "eps": 1.81,
    "epsdiluted": 1.8,
    "weightedAverageShsOut": 461600000,
    "weightedAverageShsOutDil": 462500000,
    "link": "https://www.sec.gov/Archives/edgar/data/27419/000002741923000035/0000027419-23-000035-index.htm",
    "finalLink": "https://www.sec.gov/Archives/edgar/data/27419/000002741923000035/tgt-20230729.htm"
  },
  {
    "date": "2023-04-29",
    "symbol": "TGT",
    "reportedCurrency": "USD",
    "cik": "0000027419",
    "fillingDate": "2023-05-26",
    "acceptedDate": "2023-05-26 11:39:22",
    "calendarYear": "2025",
    "period": "Q1",
    "revenue": 25322000000,
    "costOfRevenue": 18969000000,
    "grossProfit": 6353000000,
    "grossProfitRatio": 0.2508885554,
    "researchAndDevelopmentExpenses": 0,
    "generalAndAdministrativeExpenses": 0,
    "sellingAndMarketingExpenses": 0,
    "sellingGeneralAndAdministrativeExpenses": 5025000000,
    "otherExpenses": 0,
    "operatingExpenses": 5025000000,
    "costAndExpenses": 23994000000,
    "interestIncome": 0,
    "interestExpense": 147000000,
    "depreciationAndAmortization": 667000000,
    "ebitda": 2024000000,
    "ebitdaratio": 0.0799304952,
    "operatingIncome": 1328000000,
    "operatingIncomeRatio": 0.0524445147,
    "totalOtherIncomeExpensesNet": -124000000,
    "incomeBeforeTax": 1204000000,
    "incomeBeforeTaxRatio": 0.0475475871,
    "incomeTaxExpense": 254000000,
    "netIncome": 950000000,
    "netIncomeRatio": 0.0375167838,
    "eps": 2.06,
    "epsdiluted": 2.05,
    "weightedAverageShsOut": 460900000,
    "weightedAverageShsOutDil": 462900000,
    "link": "https://www.sec.gov/Archives/edgar/data/27419/000002741923000025/0000027419-23-000025-index.htm",
    "finalLink": "https://www.sec.gov/Archives/edgar/data/27419/000002741923000025/tgt-20230429.htm"
  },
  {
    "date": "2023-01-28",
    "symbol": "TGT",
    "reportedCurrency": "USD",
    "cik": "0000027419",
    "fillingDate": "2023-03-08",
    "acceptedDate": "2023-03-08 16:04:18",
    "calendarYear": "2024",
    "period": "Q4",
    "revenue": 31395000000,
    "costOfRevenue": 24561000000,
    "grossProfit": 6834000000,
    "grossProfitRatio": 0.2176779742,
    "researchAndDevelopmentExpenses": 0,
    "generalAndAdministrativeExpenses": 0,
    "sellingAndMarketingExpenses": 0,
    "sellingGeneralAndAdministrativeExpenses": 5664000000,
    "otherExpenses": 0,
    "operatingExpenses": 5664000000,
    "costAndExpenses": 30225000000,
    "interestIncome": 0,
    "interestExpense": 129000000,
    "depreciationAndAmortization": 696000000,
    "ebitda": 1872000000,
    "ebitdaratio": 0.0596273292,
    "operatingIncome": 1170000000,
    "operatingIncomeRatio": 0.0372670807,
    "totalOtherIncomeExpensesNet": -127000000,
    "incomeBeforeTax": 1043000000,
    "incomeBeforeTaxRatio": 0.0332218506,
    "incomeTaxExpense": 167000000,
    "netIncome": 876000000,
    "netIncomeRatio": 0.0279025323,
    "eps": 1.9,
    "epsdiluted": 1.89,
    "weightedAverageShsOut": 460300000,
    "weightedAverageShsOutDil": 462700000,
    "link": "https://www.sec.gov/Archives/edgar/data/27419/000002741923000015/0000027419-23-000015-index.htm",
    "finalLink": "https://www.sec.gov/Archives/edgar/data/27419/000002741923000015/tgt-20230128.htm"
  },
  {
    "date": "2022-10-29",
    "symbol": "TGT",
    "reportedCurrency": "USD",
    "cik": "0000027419",
    "fillingDate": "2022-11-23",
    "acceptedDate": "2022-11-23 11:05:59",
    "calendarYear": "2024",
    "period": "Q3",
    "revenue": 26518000000,
    "costOfRevenue": 20277000000,
    "grossProfit": 6241000000,
    "grossProfitRatio": 0.2353495739,
    "researchAndDevelopmentExpenses": 0,
    "generalAndAdministrativeExpenses": 0,
    "sellingAndMarketingExpenses": 0,
    "sellingGeneralAndAdministrativeExpenses": 5214000000,
    "otherExpenses": 0,
    "operatingExpenses": 5214000000,
    "costAndExpenses": 25491000000,
    "interestIncome": 0,
    "interestExpense": 125000000,
    "depreciationAndAmortization": 674000000,
    "ebitda": 1708000000,
    "ebitdaratio": 0.0644090806,
    "operatingIncome": 1027000000,
    "operatingIncomeRatio": 0.0387284109,
    "totalOtherIncomeExpensesNet": -118000000,
    "incomeBeforeTax": 909000000,
    "incomeBeforeTaxRatio": 0.0342786032,
    "incomeTaxExpense": 197000000,
    "netIncome": 712000000,
    "netIncomeRatio": 0.026849687,
    "eps": 1.55,
    "epsdiluted": 1.54,
    "weightedAverageShsOut": 460300000,
    "weightedAverageShsOutDil": 462500000,
    "link": "https://www.sec.gov/Archives/edgar/data/27419/000002741922000037/0000027419-22-000037-index.htm",
    "finalLink": "https://www.sec.gov/Archives/edgar/data/27419/000002741922000037/tgt-20221029.htm"
  },
  {
    "date": "2022-07-30",
    "symbol": "TGT",
    "reportedCurrency": "USD",
    "cik": "0000027419",
    "fillingDate": "2022-08-26",
    "acceptedDate": "2022-08-26 12:47:32",
    "calendarYear": "2024",
    "period": "Q2",
    "revenue": 26037000000,
    "costOfRevenue": 20714000000,
    "grossProfit": 5323000000,
    "grossProfitRatio": 0.2044398356,
    "researchAndDevelopmentExpenses": 0,
    "generalAndAdministrativeExpenses": 0,
    "sellingAndMarketingExpenses": 0,
    "sellingGeneralAndAdministrativeExpenses": 4975000000,
    "otherExpenses": 0,
    "operatingExpenses": 4975000000,
    "costAndExpenses": 25689000000,
    "interestIncome": 0,
    "interestExpense": 112000000,
    "depreciationAndAmortization": 650000000,
    "ebitda": 979000000,
    "ebitdaratio": 0.037600338,
    "operatingIncome": 348000000,
    "operatingIncomeRatio": 0.0133655951,
    "totalOtherIncomeExpensesNet": -131000000,
    "incomeBeforeTax": 217000000,
    "incomeBeforeTaxRatio": 0.0083342935,
    "incomeTaxExpense": 34000000,
    "netIncome": 183000000,
    "netIncomeRatio": 0.0070284595,
    "eps": 0.4,
    "epsdiluted": 0.39,
    "weightedAverageShsOut": 461500000,
    "weightedAverageShsOutDil": 463600000,
    "link": "https://www.sec.gov/Archives/edgar/data/27419/000002741922000027/0000027419-22-000027-index.htm",
    "finalLink": "https://www.sec.gov/Archives/edgar/data/27419/000002741922000027/tgt-20220730.htm"
  },
  {
    "date": "2022-04-30",
    "symbol": "TGT",
    "reportedCurrency": "USD",
    "cik": "0000027419",
    "fillingDate": "2022-05-27",
    "acceptedDate": "2022-05-27 11:40:29",
    "calendarYear": "2024",
    "period": "Q1",
    "revenue": 25170000000,
    "costOfRevenue": 19062000000,
    "grossProfit": 6108000000,
    "grossProfitRatio": 0.2426698451,
    "researchAndDevelopmentExpenses": 0,
    "generalAndAdministrativeExpenses": 0,
    "sellingAndMarketingExpenses": 0,
    "sellingGeneralAndAdministrativeExpenses": 4739000000,
    "otherExpenses": 0,
    "operatingExpenses": 4739000000,
    "costAndExpenses": 23801000000,
    "interestIncome": 0,
    "interestExpense": 112000000,
    "depreciationAndAmortization": 679000000,
    "ebitda": 2040000000,
    "ebitdaratio": 0.0810488677,
    "operatingIncome": 1369000000,
    "operatingIncomeRatio": 0.054390147,
    "totalOtherIncomeExpensesNet": -120000000,
    "incomeBeforeTax": 1249000000,
    "incomeBeforeTaxRatio": 0.0496225665,
    "incomeTaxExpense": 240000000,
    "netIncome": 1009000000,
    "netIncomeRatio": 0.0400874056,
    "eps": 2.17,
    "epsdiluted": 2.16,
    "weightedAverageShsOut": 464000000,
    "weightedAverageShsOutDil": 467800000,
    "link": "https://www.sec.gov/Archives/edgar/data/27419/000002741922000015/0000027419-22-000015-index.htm",
    "finalLink": "https://www.sec.gov/Archives/edgar/data/27419/000002741922000015/tgt-20220430.htm"
  },
  {
    "date": "2022-01-29",
    "symbol": "TGT",
    "reportedCurrency": "USD",
    "cik": "0000027419",
    "fillingDate": "2022-03-09",
    "acceptedDate": "2022-03-09 16:36:42",
    "calendarYear": "2023",
    "period": "Q4",
    "revenue": 30996000000,
    "costOfRevenue": 23366000000,
    "grossProfit": 7630000000,
    "grossProfitRatio": 0.2461607949,
    "researchAndDevelopmentExpenses": 0,
    "generalAndAdministrativeExpenses": 0,
    "sellingAndMarketingExpenses": 0,
    "sellingGeneralAndAdministrativeExpenses": 5532000000,
    "otherExpenses": 0,
    "operatingExpenses": 5532000000,
    "costAndExpenses": 28898000000,
    "interestIncome": 0,
    "interestExpense": 104000000,
    "depreciationAndAmortization": 690000000,
    "ebitda": 2811000000,
    "ebitdaratio": 0.0906891212,
    "operatingIncome": 2098000000,
    "operatingIncomeRatio": 0.0676861531,
    "totalOtherIncomeExpensesNet": -81000000,
    "incomeBeforeTax": 2017000000,
    "incomeBeforeTaxRatio": 0.0650729126,
    "incomeTaxExpense": 473000000,
    "netIncome": 1544000000,
    "netIncomeRatio": 0.0498128791,
    "eps": 3.24,
    "epsdiluted": 3.21,
    "weightedAverageShsOut": 476100000,
    "weightedAverageShsOutDil": 480600000,
    "link": "https://www.sec.gov/Archives/edgar/data/27419/000002741922000007/0000027419-22-000007-index.htm",
    "finalLink": "https://www.sec.gov/Archives/edgar/data/27419/000002741922000007/tgt-20220129.htm"
  },
  {
    "date": "2021-10-30",
    "symbol": "TGT",
    "reportedCurrency": "USD",
    "cik": "0000027419",
    "fillingDate": "2021-11-24",
    "acceptedDate": "2021-11-24 15:56:16",
    "calendarYear": "2023",
    "period": "Q3",
    "revenue": 25652000000,
    "costOfRevenue": 18783000000,
    "grossProfit": 6869000000,
    "grossProfitRatio": 0.2677763917,
    "researchAndDevelopmentExpenses": 0,
    "generalAndAdministrativeExpenses": 0,
    "sellingAndMarketingExpenses": 0,
    "sellingGeneralAndAdministrativeExpenses": 4856000000,
    "otherExpenses": 0,
    "operatingExpenses": 4856000000,
    "costAndExpenses": 23639000000,
    "interestIncome": 0,
    "interestExpense": 105000000,
    "depreciationAndAmortization": 652000000,
    "ebitda": 2668000000,
    "ebitdaratio": 0.1040074848,
    "operatingIncome": 2013000000,
    "operatingIncomeRatio": 0.0784734134,
    "totalOtherIncomeExpensesNet": -102000000,
    "incomeBeforeTax": 1911000000,
    "incomeBeforeTaxRatio": 0.0744971152,
    "incomeTaxExpense": 423000000,
    "netIncome": 1488000000,
    "netIncomeRatio": 0.0580071729,
    "eps": 3.07,
    "epsdiluted": 3.04,
    "weightedAverageShsOut": 484800000,
    "weightedAverageShsOutDil": 489400000,
    "link": "https://www.sec.gov/Archives/edgar/data/27419/000002741921000034/0000027419-21-000034-index.htm",
    "finalLink": "https://www.sec.gov/Archives/edgar/data/27419/000002741921000034/tgt-20211030.htm"
  },
  {
    "date": "2021-07-31",
    "symbol": "TGT",
    "reportedCurrency": "USD",
    "cik": "0000027419",
    "fillingDate": "2021-08-27",
    "acceptedDate": "2021-08-27 15:18:48",
    "calendarYear": "2023",
    "period": "Q2",
    "revenue": 25160000000,
    "costOfRevenue": 17844000000,
    "grossProfit": 7316000000,
    "grossProfitRatio": 0.2907790143,
    "researchAndDevelopmentExpenses": 0,
    "generalAndAdministrativeExpenses": 0,
    "sellingAndMarketingExpenses": 0,
    "sellingGeneralAndAdministrativeExpenses": 4810000000,
    "otherExpenses": 0,
    "operatingExpenses": 4810000000,
    "costAndExpenses": 22654000000,
    "interestIncome": 0,
    "interestExpense": 104000000,
    "depreciationAndAmortization": 633000000,
    "ebitda": 3107000000,
    "ebitdaratio": 0.1234896661,
    "operatingIncome": 2506000000,
    "operatingIncomeRatio": 0.0996025437,
    "totalOtherIncomeExpensesNet": -136000000,
    "incomeBeforeTax": 2370000000,
    "incomeBeforeTaxRatio": 0.0941971383,
    "incomeTaxExpense": 553000000,
    "netIncome": 1817000000,
    "netIncomeRatio": 0.072217806,
    "eps": 3.68,
    "epsdiluted": 3.65,
    "weightedAverageShsOut": 493100000,
    "weightedAverageShsOutDil": 497500000,
    "link": "https://www.sec.gov/Archives/edgar/data/27419/000002741921000026/0000027419-21-000026-index.htm",
    "finalLink": "https://www.sec.gov/Archives/edgar/data/27419/000002741921000026/tgt-20210731.htm"
  },
  {
    "date": "2021-05-01",
    "symbol": "TGT",
    "reportedCurrency": "USD",
    "cik": "0000027419",
    "fillingDate": "2021-05-28",
    "acceptedDate": "2021-05-28 12:18:41",
    "calendarYear": "2023",
    "period": "Q1",
    "revenue": 24197000000,
    "costOfRevenue": 17098000000,
    "grossProfit": 7099000000,
    "grossProfitRatio": 0.2933834773,
    "researchAndDevelopmentExpenses": 0,
    "generalAndAdministrativeExpenses": 0,
    "sellingAndMarketingExpenses": 0,
    "sellingGeneralAndAdministrativeExpenses": 4468000000,
    "otherExpenses": 0,
    "operatingExpenses": 4468000000,
    "costAndExpenses": 21566000000,
    "interestIncome": 0,
    "interestExpense": 108000000,
    "depreciationAndAmortization": 667000000,
    "ebitda": 3384000000,
    "ebitdaratio": 0.1398520478,
    "operatingIncome": 2631000000,
    "operatingIncomeRatio": 0.1087324875,
    "totalOtherIncomeExpensesNet": -22000000,
    "incomeBeforeTax": 2609000000,
    "incomeBeforeTaxRatio": 0.1078232839,
    "incomeTaxExpense": 512000000,
    "netIncome": 2097000000,
    "netIncomeRatio": 0.086663636,
    "eps": 4.2,
    "epsdiluted": 4.17,
    "weightedAverageShsOut": 498600000,
    "weightedAverageShsOutDil": 503400000,
    "link": "https://www.sec.gov/Archives/edgar/data/27419/000002741921000017/0000027419-21-000017-index.htm",
    "finalLink": "https://www.sec.gov/Archives/edgar/data/27419/000002741921000017/tgt-20210501.htm"
  },
  {
    "date": "2021-01-30",
    "symbol": "TGT",
    "reportedCurrency": "USD",
    "cik": "0000027419",
    "fillingDate": "2021-03-10",
    "acceptedDate": "2021-03-10 14:49:10",
    "calendarYear": "2022",
    "period": "Q4",
    "revenue": 28339000000,
    "costOfRevenue": 21045000000,
    "grossProfit": 7294000000,
    "grossProfitRatio": 0.2573838174,
    "researchAndDevelopmentExpenses": 0,
    "generalAndAdministrativeExpenses": 0,
    "sellingAndMarketingExpenses": 0,
    "sellingGeneralAndAdministrativeExpenses": 5448000000,
    "otherExpenses": 0,
    "operatingExpenses": 5448000000,
    "costAndExpenses": 26493000000,
    "interestIncome": 0,
    "interestExpense": 106000000,
    "depreciationAndAmortization": 637000000,
    "ebitda": 2367000000,
    "ebitdaratio": 0.0835244716,
    "operatingIncome": 1846000000,
    "operatingIncomeRatio": 0.0651399132,
    "totalOtherIncomeExpensesNet": -116000000,
    "incomeBeforeTax": 1730000000,
    "incomeBeforeTaxRatio": 0.0610466142,
    "incomeTaxExpense": 350000000,
    "netIncome": 1380000000,
    "netIncomeRatio": 0.0486961431,
    "eps": 2.76,
    "epsdiluted": 2.73,
    "weightedAverageShsOut": 500800000,
    "weightedAverageShsOutDil": 506000000,
    "link": "https://www.sec.gov/Archives/edgar/data/27419/000002741921000010/0000027419-21-000010-index.htm",
    "finalLink": "https://www.sec.gov/Archives/edgar/data/27419/000002741921000010/tgt-20210130.htm"
  },
  {
    "date": "2020-10-31",
    "symbol": "TGT",
    "reportedCurrency": "USD",
    "cik": "0000027419",
    "fillingDate": "2020-11-25",
    "acceptedDate": "2020-11-25 12:11:05",
    "calendarYear": "2022",
    "period": "Q3",
    "revenue": 22632000000,
    "costOfRevenue": 16050000000,
    "grossProfit": 6582000000,
    "grossProfitRatio": 0.2908271474,
    "researchAndDevelopmentExpenses": 0,
    "generalAndAdministrativeExpenses": 0,
    "sellingAndMarketingExpenses": 0,
    "sellingGeneralAndAdministrativeExpenses": 4645000000,
    "otherExpenses": 0,
    "operatingExpenses": 4645000000,
    "costAndExpenses": 20695000000,
    "interestIncome": 0,
    "interestExpense": 632000000,
    "depreciationAndAmortization": 603000000,
    "ebitda": 2533000000,
    "ebitdaratio": 0.1119211736,
    "operatingIncome": 1937000000,
    "operatingIncomeRatio": 0.0855867798,
    "totalOtherIncomeExpensesNet": -639000000,
    "incomeBeforeTax": 1298000000,
    "incomeBeforeTaxRatio": 0.0573524214,
    "incomeTaxExpense": 284000000,
    "netIncome": 1014000000,
    "netIncomeRatio": 0.0448038176,
    "eps": 2.02,
    "epsdiluted": 2.01,
    "weightedAverageShsOut": 500600000,
    "weightedAverageShsOutDil": 505400000,
    "link": "https://www.sec.gov/Archives/edgar/data/27419/000002741920000034/0000027419-20-000034-index.htm",
    "finalLink": "https://www.sec.gov/Archives/edgar/data/27419/000002741920000034/tgt-20201031.htm"
  },
  {
    "date": "2020-08-01",
    "symbol": "TGT",
    "reportedCurrency": "USD",
    "cik": "0000027419",
    "fillingDate": "2020-08-28",
    "acceptedDate": "2020-08-28 12:13:37",
    "calendarYear": "2022",
    "period": "Q2",
    "revenue": 22975000000,
    "costOfRevenue": 16215000000,
    "grossProfit": 6760000000,
    "grossProfitRatio": 0.2942328618,
    "researchAndDevelopmentExpenses": 0,
    "generalAndAdministrativeExpenses": 0,
    "sellingAndMarketingExpenses": 0,
    "sellingGeneralAndAdministrativeExpenses": 4435000000,
    "otherExpenses": 0,
    "operatingExpenses": 4435000000,
    "costAndExpenses": 20650000000,
    "interestIncome": 0,
    "interestExpense": 122000000,
    "depreciationAndAmortization": 604000000,
    "ebitda": 2915000000,
    "ebitdaratio": 0.1268770403,
    "operatingIncome": 2325000000,
    "operatingIncomeRatio": 0.1011969532,
    "totalOtherIncomeExpensesNet": -136000000,
    "incomeBeforeTax": 2189000000,
    "incomeBeforeTaxRatio": 0.0952774755,
    "incomeTaxExpense": 499000000,
    "netIncome": 1690000000,
    "netIncomeRatio": 0.0735582155,
    "eps": 3.38,
    "epsdiluted": 3.35,
    "weightedAverageShsOut": 500100000,
    "weightedAverageShsOutDil": 504400000,
    "link": "https://www.sec.gov/Archives/edgar/data/27419/000002741920000023/0000027419-20-000023-index.htm",
    "finalLink": "https://www.sec.gov/Archives/edgar/data/27419/000002741920000023/tgt-20200801.htm"
  },
  {
    "date": "2020-05-02",
    "symbol": "TGT",
    "reportedCurrency": "USD",
    "cik": "0000027419",
    "fillingDate": "2020-05-29",
    "acceptedDate": "2020-05-29 15:54:17",
    "calendarYear": "2022",
    "period": "Q1",
    "revenue": 19615000000,
    "costOfRevenue": 15087000000,
    "grossProfit": 4528000000,
    "grossProfitRatio": 0.230843742,
    "researchAndDevelopmentExpenses": 0,
    "generalAndAdministrativeExpenses": 0,
    "sellingAndMarketingExpenses": 0,
    "sellingGeneralAndAdministrativeExpenses": 4025000000,
    "otherExpenses": 0,
    "operatingExpenses": 4025000000,
    "costAndExpenses": 19112000000,
    "interestIncome": 0,
    "interestExpense": 117000000,
    "depreciationAndAmortization": 641000000,
    "ebitda": 1087000000,
    "ebitdaratio": 0.0554167729,
    "operatingIncome": 503000000,
    "operatingIncomeRatio": 0.0256436401,
    "totalOtherIncomeExpensesNet": -174000000,
    "incomeBeforeTax": 329000000,
    "incomeBeforeTaxRatio": 0.0167728779,
    "incomeTaxExpense": 45000000,
    "netIncome": 284000000,
    "netIncomeRatio": 0.0144787153,
    "eps": 0.57,
    "epsdiluted": 0.56,
    "weightedAverageShsOut": 501000000,
    "weightedAverageShsOutDil": 505800000,
    "link": "https://www.sec.gov/Archives/edgar/data/27419/000002741920000014/0000027419-20-000014-index.htm",
    "finalLink": "https://www.sec.gov/Archives/edgar/data/27419/000002741920000014/tgt-20200502.htm"
  },
  {
    "date": "2020-02-01",
    "symbol": "TGT",
    "reportedCurrency": "USD",
    "cik": "0000027419",
    "fillingDate": "2020-03-11",
    "acceptedDate": "2020-03-11 16:14:26",
    "calendarYear": "2021",
    "period": "Q4",
    "revenue": 23399000000,
    "costOfRevenue": 17696000000,
    "grossProfit": 5702000000,
    "grossProfitRatio": 0.2436856276,
    "researchAndDevelopmentExpenses": 0,
    "generalAndAdministrativeExpenses": 0,
    "sellingAndMarketingExpenses": 0,
    "sellingGeneralAndAdministrativeExpenses": 4502000000,
    "otherExpenses": 0,
    "operatingExpenses": 4502000000,
    "costAndExpenses": 22198000000,
    "interestIncome": 0,
    "interestExpense": 118000000,
    "depreciationAndAmortization": 699000000,
    "ebitda": 1858000000,
    "ebitdaratio": 0.0794051028,
    "operatingIncome": 1200000000,
    "operatingIncomeRatio": 0.0512842429,
    "totalOtherIncomeExpensesNet": -149000000,
    "incomeBeforeTax": 1051000000,
    "incomeBeforeTaxRatio": 0.0449164494,
    "incomeTaxExpense": 218000000,
    "netIncome": 834000000,
    "netIncomeRatio": 0.0356425488,
    "eps": 1.65,
    "epsdiluted": 1.63,
    "weightedAverageShsOut": 506200000,
    "weightedAverageShsOutDil": 511900000,
    "link": "https://www.sec.gov/Archives/edgar/data/27419/000002741920000008/0000027419-20-000008-index.htm",
    "finalLink": "https://www.sec.gov/Archives/edgar/data/27419/000002741920000008/tgt-20200201.htm"
  },
  {
    "date": "2019-11-02",
    "symbol": "TGT",
    "reportedCurrency": "USD",
    "cik": "0000027419",
    "fillingDate": "2019-11-27",
    "acceptedDate": "2019-11-27 12:59:13",
    "calendarYear": "2021",
    "period": "Q3",
    "revenue": 18665000000,
    "costOfRevenue": 13510000000,
    "grossProfit": 5155000000,
    "grossProfitRatio": 0.2761853737,
    "researchAndDevelopmentExpenses": 0,
    "generalAndAdministrativeExpenses": 0,
    "sellingAndMarketingExpenses": 0,
    "sellingGeneralAndAdministrativeExpenses": 4146000000,
    "otherExpenses": 0,
    "operatingExpenses": 4146000000,
    "costAndExpenses": 17656000000,
    "interestIncome": 0,
    "interestExpense": 113000000,
    "depreciationAndAmortization": 638000000,
    "ebitda": 1652000000,
    "ebitdaratio": 0.0885079025,
    "operatingIncome": 1009000000,
    "operatingIncomeRatio": 0.0540583981,
    "totalOtherIncomeExpensesNet": -108000000,
    "incomeBeforeTax": 901000000,
    "incomeBeforeTaxRatio": 0.0482721672,
    "incomeTaxExpense": 195000000,
    "netIncome": 714000000,
    "netIncomeRatio": 0.0382534155,
    "eps": 1.4,
    "epsdiluted": 1.39,
    "weightedAverageShsOut": 509700000,
    "weightedAverageShsOutDil": 514800000,
    "link": "https://www.sec.gov/Archives/edgar/data/27419/000002741919000026/0000027419-19-000026-index.htm",
    "finalLink": "https://www.sec.gov/Archives/edgar/data/27419/000002741919000026/tgt-20191102x10xq.htm"
  },
  {
    "date": "2019-08-03",
    "symbol": "TGT",
    "reportedCurrency": "USD",
    "cik": "0000027419",
    "fillingDate": "2019-08-30",
    "acceptedDate": "2019-08-30 13:00:12",
    "calendarYear": "2021",
    "period": "Q2",
    "revenue": 18422000000,
    "costOfRevenue": 13186000000,
    "grossProfit": 5236000000,
    "grossProfitRatio": 0.2842253827,
    "researchAndDevelopmentExpenses": 0,
    "generalAndAdministrativeExpenses": 0,
    "sellingAndMarketingExpenses": 0,
    "sellingGeneralAndAdministrativeExpenses": 3902000000,
    "otherExpenses": 0,
    "operatingExpenses": 3902000000,
    "costAndExpenses": 17088000000,
    "interestIncome": 0,
    "interestExpense": 120000000,
    "depreciationAndAmortization": 623000000,
    "ebitda": 1960000000,
    "ebitdaratio": 0.1063945283,
    "operatingIncome": 1334000000,
    "operatingIncomeRatio": 0.0724134187,
    "totalOtherIncomeExpensesNet": -117000000,
    "incomeBeforeTax": 1217000000,
    "incomeBeforeTaxRatio": 0.0660623168,
    "incomeTaxExpense": 279000000,
    "netIncome": 938000000,
    "netIncomeRatio": 0.0509173814,
    "eps": 1.83,
    "epsdiluted": 1.82,
    "weightedAverageShsOut": 512100000,
    "weightedAverageShsOutDil": 516100000,
    "link": "https://www.sec.gov/Archives/edgar/data/27419/000002741919000021/0000027419-19-000021-index.htm",
    "finalLink": "https://www.sec.gov/Archives/edgar/data/27419/000002741919000021/tgt-20190803x10xq.htm"
  },
  {
    "date": "2019-05-04",
    "symbol": "TGT",
    "reportedCurrency": "USD",
    "cik": "0000027419",
    "fillingDate": "2019-05-31",
    "acceptedDate": "2019-05-31 15:50:58",
    "calendarYear": "2021",
    "period": "Q1",
    "revenue": 17627000000,
    "costOfRevenue": 12829000000,
    "grossProfit": 4798000000,
    "grossProfitRatio": 0.2721960629,
    "researchAndDevelopmentExpenses": 0,
    "generalAndAdministrativeExpenses": 0,
    "sellingAndMarketingExpenses": 0,
    "sellingGeneralAndAdministrativeExpenses": 3663000000,
    "otherExpenses": 0,
    "operatingExpenses": 3663000000,
    "costAndExpenses": 16492000000,
    "interestIncome": 0,
    "interestExpense": 126000000,
    "depreciationAndAmortization": 644000000,
    "ebitda": 1791000000,
    "ebitdaratio": 0.1016054916,
    "operatingIncome": 1135000000,
    "operatingIncomeRatio": 0.0643898565,
    "totalOtherIncomeExpensesNet": -114000000,
    "incomeBeforeTax": 1021000000,
    "incomeBeforeTaxRatio": 0.0579225052,
    "incomeTaxExpense": 229000000,
    "netIncome": 795000000,
    "netIncomeRatio": 0.0451012651,
    "eps": 1.54,
    "epsdiluted": 1.53,
    "weightedAverageShsOut": 515700000,
    "weightedAverageShsOutDil": 519500000,
    "link": "https://www.sec.gov/Archives/edgar/data/27419/000002741919000013/0000027419-19-000013-index.htm",
    "finalLink": "https://www.sec.gov/Archives/edgar/data/27419/000002741919000013/tgt-20190504x10xq.htm"
  },
  {
    "date": "2019-02-02",
    "symbol": "TGT",
    "reportedCurrency": "USD",
    "cik": "0000027419",
    "fillingDate": "2019-03-13",
    "acceptedDate": "2019-03-13 16:27:49",
    "calendarYear": "2020",
    "period": "Q4",
    "revenue": 22977000000,
    "costOfRevenue": 17484000000,
    "grossProfit": 5493000000,
    "grossProfitRatio": 0.2390651521,
    "researchAndDevelopmentExpenses": 0,
    "generalAndAdministrativeExpenses": 0,
    "sellingAndMarketingExpenses": 0,
    "sellingGeneralAndAdministrativeExpenses": 4369000000,
    "otherExpenses": 0,
    "operatingExpenses": 4369000000,
    "costAndExpenses": 21853000000,
    "interestIncome": 0,
    "interestExpense": 109000000,
    "depreciationAndAmortization": 648000000,
    "ebitda": 1771000000,
    "ebitdaratio": 0.0770770771,
    "operatingIncome": 1124000000,
    "operatingIncomeRatio": 0.0489184837,
    "totalOtherIncomeExpensesNet": -110000000,
    "incomeBeforeTax": 1014000000,
    "incomeBeforeTaxRatio": 0.0441310876,
    "incomeTaxExpense": 216000000,
    "netIncome": 799000000,
    "netIncomeRatio": 0.0347739043,
    "eps": 1.54,
    "epsdiluted": 1.52,
    "weightedAverageShsOut": 519900000,
    "weightedAverageShsOutDil": 524300000,
    "link": "https://www.sec.gov/Archives/edgar/data/27419/000002741919000006/0000027419-19-000006-index.htm",
    "finalLink": "https://www.sec.gov/Archives/edgar/data/27419/000002741919000006/tgt-20190202x10k.htm"
  },
  {
    "date": "2018-11-03",
    "symbol": "TGT",
    "reportedCurrency": "USD",
    "cik": "0000027419",
    "fillingDate": "2018-11-27",
    "acceptedDate": "2018-11-27 16:25:07",
    "calendarYear": "2020",
    "period": "Q3",
    "revenue": 17821000000,
    "costOfRevenue": 13065000000,
    "grossProfit": 4756000000,
    "grossProfitRatio": 0.2668761573,
    "researchAndDevelopmentExpenses": 0,
    "generalAndAdministrativeExpenses": 0,
    "sellingAndMarketingExpenses": 0,
    "sellingGeneralAndAdministrativeExpenses": 3937000000,
    "otherExpenses": 0,
    "operatingExpenses": 3937000000,
    "costAndExpenses": 17002000000,
    "interestIncome": 0,
    "interestExpense": 115000000,
    "depreciationAndAmortization": 592000000,
    "ebitda": 1419000000,
    "ebitdaratio": 0.0796251613,
    "operatingIncome": 819000000,
    "operatingIncomeRatio": 0.045957017,
    "totalOtherIncomeExpensesNet": -106000000,
    "incomeBeforeTax": 713000000,
    "incomeBeforeTaxRatio": 0.0400089782,
    "incomeTaxExpense": 97000000,
    "netIncome": 622000000,
    "netIncomeRatio": 0.0349026429,
    "eps": 1.18,
    "epsdiluted": 1.17,
    "weightedAverageShsOut": 525900000,
    "weightedAverageShsOutDil": 531200000,
    "link": "https://www.sec.gov/Archives/edgar/data/27419/000002741918000036/0000027419-18-000036-index.htm",
    "finalLink": "https://www.sec.gov/Archives/edgar/data/27419/000002741918000036/tgt-20181103x10xq.htm"
  },
  {
    "date": "2018-08-04",
    "symbol": "TGT",
    "reportedCurrency": "USD",
    "cik": "0000027419",
    "fillingDate": "2018-08-27",
    "acceptedDate": "2018-08-27 15:14:29",
    "calendarYear": "2020",
    "period": "Q2",
    "revenue": 17776000000,
    "costOfRevenue": 12778000000,
    "grossProfit": 4998000000,
    "grossProfitRatio": 0.2811656166,
    "researchAndDevelopmentExpenses": 0,
    "generalAndAdministrativeExpenses": 0,
    "sellingAndMarketingExpenses": 0,
    "sellingGeneralAndAdministrativeExpenses": 3787000000,
    "otherExpenses": 0,
    "operatingExpenses": 3787000000,
    "costAndExpenses": 16565000000,
    "interestIncome": 0,
    "interestExpense": 115000000,
    "depreciationAndAmortization": 603000000,
    "ebitda": 1739000000,
    "ebitdaratio": 0.0978285329,
    "operatingIncome": 1211000000,
    "operatingIncomeRatio": 0.0681255626,
    "totalOtherIncomeExpensesNet": -189000000,
    "incomeBeforeTax": 1022000000,
    "incomeBeforeTaxRatio": 0.0574932493,
    "incomeTaxExpense": 223000000,
    "netIncome": 799000000,
    "netIncomeRatio": 0.0449482448,
    "eps": 1.5,
    "epsdiluted": 1.49,
    "weightedAverageShsOut": 531700000,
    "weightedAverageShsOutDil": 536300000,
    "link": "https://www.sec.gov/Archives/edgar/data/27419/000002741918000027/0000027419-18-000027-index.htm",
    "finalLink": "https://www.sec.gov/Archives/edgar/data/27419/000002741918000027/tgt-20180804x10xq.htm"
  },
  {
    "date": "2018-05-05",
    "symbol": "TGT",
    "reportedCurrency": "USD",
    "cik": "0000027419",
    "fillingDate": "2018-05-29",
    "acceptedDate": "2018-05-29 15:05:03",
    "calendarYear": "2020",
    "period": "Q1",
    "revenue": 16781000000,
    "costOfRevenue": 12195000000,
    "grossProfit": 4586000000,
    "grossProfitRatio": 0.2732852631,
    "researchAndDevelopmentExpenses": 0,
    "generalAndAdministrativeExpenses": 0,
    "sellingAndMarketingExpenses": 0,
    "sellingGeneralAndAdministrativeExpenses": 3545000000,
    "otherExpenses": 0,
    "operatingExpenses": 3545000000,
    "costAndExpenses": 15740000000,
    "interestIncome": 0,
    "interestExpense": 121000000,
    "depreciationAndAmortization": 631000000,
    "ebitda": 1679000000,
    "ebitdaratio": 0.1000536321,
    "operatingIncome": 1041000000,
    "operatingIncomeRatio": 0.0620344437,
    "totalOtherIncomeExpensesNet": -114000000,
    "incomeBeforeTax": 927000000,
    "incomeBeforeTaxRatio": 0.0552410464,
    "incomeTaxExpense": 210000000,
    "netIncome": 718000000,
    "netIncomeRatio": 0.0427864847,
    "eps": 1.34,
    "epsdiluted": 1.33,
    "weightedAverageShsOut": 536900000,
    "weightedAverageShsOutDil": 541000000,
    "link": "https://www.sec.gov/Archives/edgar/data/27419/000002741918000018/0000027419-18-000018-index.htm",
    "finalLink": "https://www.sec.gov/Archives/edgar/data/27419/000002741918000018/tgt-201855x10xq.htm"
  },
  {
    "date": "2018-02-03",
    "symbol": "TGT",
    "reportedCurrency": "USD",
    "cik": "0000027419",
    "fillingDate": "2018-03-14",
    "acceptedDate": "2018-03-14 14:09:12",
    "calendarYear": "2019",
    "period": "Q4",
    "revenue": 22766000000,
    "costOfRevenue": 17400000000,
    "grossProfit": 5583000000,
    "grossProfitRatio": 0.2452341211,
    "researchAndDevelopmentExpenses": 0,
    "generalAndAdministrativeExpenses": 0,
    "sellingAndMarketingExpenses": 0,
    "sellingGeneralAndAdministrativeExpenses": 4452000000,
    "otherExpenses": 0,
    "operatingExpenses": 4452000000,
    "costAndExpenses": 21852000000,
    "interestIncome": 0,
    "interestExpense": 134000000,
    "depreciationAndAmortization": 667000000,
    "ebitda": 1811000000,
    "ebitdaratio": 0.0795484494,
    "operatingIncome": 1131000000,
    "operatingIncomeRatio": 0.0496793464,
    "totalOtherIncomeExpensesNet": -119000000,
    "incomeBeforeTax": 1018000000,
    "incomeBeforeTaxRatio": 0.0447158043,
    "incomeTaxExpense": -84000000,
    "netIncome": 1101000000,
    "netIncomeRatio": 0.0483615918,
    "eps": 2.03,
    "epsdiluted": 2.02,
    "weightedAverageShsOut": 541500000,
    "weightedAverageShsOutDil": 545900000,
    "link": "https://www.sec.gov/Archives/edgar/data/27419/000002741918000010/0000027419-18-000010-index.htm",
    "finalLink": "https://www.sec.gov/Archives/edgar/data/27419/000002741918000010/tgt-20180203x10k.htm"
  },
  {
    "date": "2017-10-28",
    "symbol": "TGT",
    "reportedCurrency": "USD",
    "cik": "0000027419",
    "fillingDate": "2017-11-20",
    "acceptedDate": "2017-11-20 15:53:26",
    "calendarYear": "2019",
    "period": "Q3",
    "revenue": 16874000000,
    "costOfRevenue": 12294000000,
    "grossProfit": 4580000000,
    "grossProfitRatio": 0.2714234918,
    "researchAndDevelopmentExpenses": 0,
    "generalAndAdministrativeExpenses": 0,
    "sellingAndMarketingExpenses": 0,
    "sellingGeneralAndAdministrativeExpenses": 3732000000,
    "otherExpenses": 0,
    "operatingExpenses": 3732000000,
    "costAndExpenses": 16026000000,
    "interestIncome": 0,
    "interestExpense": 251000000,
    "depreciationAndAmortization": 643000000,
    "ebitda": 1507000000,
    "ebitdaratio": 0.0893089961,
    "operatingIncome": 848000000,
    "operatingIncomeRatio": 0.0502548299,
    "totalOtherIncomeExpensesNet": -237000000,
    "incomeBeforeTax": 615000000,
    "incomeBeforeTaxRatio": 0.0364466042,
    "incomeTaxExpense": 137000000,
    "netIncome": 480000000,
    "netIncomeRatio": 0.0284461301,
    "eps": 0.88,
    "epsdiluted": 0.88,
    "weightedAverageShsOut": 544500000,
    "weightedAverageShsOutDil": 547900000,
    "link": "https://www.sec.gov/Archives/edgar/data/27419/000002741917000034/0000027419-17-000034-index.htm",
    "finalLink": "https://www.sec.gov/Archives/edgar/data/27419/000002741917000034/tgt-20171028x10xq.htm"
  },
  {
    "date": "2017-07-29",
    "symbol": "TGT",
    "reportedCurrency": "USD",
    "cik": "0000027419",
    "fillingDate": "2017-08-21",
    "acceptedDate": "2017-08-21 14:29:32",
    "calendarYear": "2019",
    "period": "Q2",
    "revenue": 16634000000,
    "costOfRevenue": 11940000000,
    "grossProfit": 4694000000,
    "grossProfitRatio": 0.2821930985,
    "researchAndDevelopmentExpenses": 0,
    "generalAndAdministrativeExpenses": 0,
    "sellingAndMarketingExpenses": 0,
    "sellingGeneralAndAdministrativeExpenses": 3514000000,
    "otherExpenses": 0,
    "operatingExpenses": 3514000000,
    "costAndExpenses": 15454000000,
    "interestIncome": 0,
    "interestExpense": 131000000,
    "depreciationAndAmortization": 521000000,
    "ebitda": 1629000000,
    "ebitdaratio": 0.0979319466,
    "operatingIncome": 1180000000,
    "operatingIncomeRatio": 0.0709390405,
    "totalOtherIncomeExpensesNet": -203000000,
    "incomeBeforeTax": 979000000,
    "incomeBeforeTaxRatio": 0.0588553565,
    "incomeTaxExpense": 308000000,
    "netIncome": 672000000,
    "netIncomeRatio": 0.0403991824,
    "eps": 1.22,
    "epsdiluted": 1.22,
    "weightedAverageShsOut": 549300000,
    "weightedAverageShsOutDil": 551900000,
    "link": "https://www.sec.gov/Archives/edgar/data/27419/000002741917000027/0000027419-17-000027-index.htm",
    "finalLink": "https://www.sec.gov/Archives/edgar/data/27419/000002741917000027/tgt-2017729x10xq.htm"
  },
  {
    "date": "2017-04-29",
    "symbol": "TGT",
    "reportedCurrency": "USD",
    "cik": "0000027419",
    "fillingDate": "2017-05-22",
    "acceptedDate": "2017-05-22 12:00:38",
    "calendarYear": "2019",
    "period": "Q1",
    "revenue": 16223000000,
    "costOfRevenue": 11707000000,
    "grossProfit": 4310000000,
    "grossProfitRatio": 0.2656721938,
    "researchAndDevelopmentExpenses": 0,
    "generalAndAdministrativeExpenses": 0,
    "sellingAndMarketingExpenses": 0,
    "sellingGeneralAndAdministrativeExpenses": 3303000000,
    "otherExpenses": 0,
    "operatingExpenses": 3303000000,
    "costAndExpenses": 15010000000,
    "interestIncome": 0,
    "interestExpense": 140000000,
    "depreciationAndAmortization": 573000000,
    "ebitda": 1756000000,
    "ebitdaratio": 0.1082413857,
    "operatingIncome": 1007000000,
    "operatingIncomeRatio": 0.0620723664,
    "totalOtherIncomeExpensesNet": 27000000,
    "incomeBeforeTax": 1034000000,
    "incomeBeforeTaxRatio": 0.0637366702,
    "incomeTaxExpense": 357000000,
    "netIncome": 681000000,
    "netIncomeRatio": 0.0419774394,
    "eps": 1.23,
    "epsdiluted": 1.23,
    "weightedAverageShsOut": 552400000,
    "weightedAverageShsOutDil": 555200000,
    "link": "https://www.sec.gov/Archives/edgar/data/27419/000002741917000014/0000027419-17-000014-index.htm",
    "finalLink": "https://www.sec.gov/Archives/edgar/data/27419/000002741917000014/tgt-2017429x10xq.htm"
  },
  {
    "date": "2017-01-28",
    "symbol": "TGT",
    "reportedCurrency": "USD",
    "cik": "0000027419",
    "fillingDate": "2017-03-08",
    "acceptedDate": "2017-03-08 16:22:08",
    "calendarYear": "2018",
    "period": "Q4",
    "revenue": 20690000000,
    "costOfRevenue": 15728000000,
    "grossProfit": 4962000000,
    "grossProfitRatio": 0.2398260029,
    "researchAndDevelopmentExpenses": 0,
    "generalAndAdministrativeExpenses": 0,
    "sellingAndMarketingExpenses": 0,
    "sellingGeneralAndAdministrativeExpenses": 3788000000,
    "otherExpenses": 0,
    "operatingExpenses": 3788000000,
    "costAndExpenses": 19516000000,
    "interestIncome": 0,
    "interestExpense": 140000000,
    "depreciationAndAmortization": 612000000,
    "ebitda": 1966000000,
    "ebitdaratio": 0.0950217496,
    "operatingIncome": 1174000000,
    "operatingIncomeRatio": 0.0567423876,
    "totalOtherIncomeExpensesNet": 34000000,
    "incomeBeforeTax": 1208000000,
    "incomeBeforeTaxRatio": 0.0583856936,
    "incomeTaxExpense": 387000000,
    "netIncome": 817000000,
    "netIncomeRatio": 0.0394876752,
    "eps": 1.46,
    "epsdiluted": 1.45,
    "weightedAverageShsOut": 559700000,
    "weightedAverageShsOutDil": 564500000,
    "link": "https://www.sec.gov/Archives/edgar/data/27419/000002741917000008/0000027419-17-000008-index.htm",
    "finalLink": "https://www.sec.gov/Archives/edgar/data/27419/000002741917000008/tgt-20170128x10k.htm"
  },
  {
    "date": "2016-10-29",
    "symbol": "TGT",
    "reportedCurrency": "USD",
    "cik": "0000027419",
    "fillingDate": "2016-11-23",
    "acceptedDate": "2016-11-23 07:56:44",
    "calendarYear": "2018",
    "period": "Q3",
    "revenue": 16441000000,
    "costOfRevenue": 12041000000,
    "grossProfit": 4400000000,
    "grossProfitRatio": 0.2676236239,
    "researchAndDevelopmentExpenses": 0,
    "generalAndAdministrativeExpenses": 0,
    "sellingAndMarketingExpenses": 0,
    "sellingGeneralAndAdministrativeExpenses": 3511000000,
    "otherExpenses": 0,
    "operatingExpenses": 3511000000,
    "costAndExpenses": 15552000000,
    "interestIncome": 0,
    "interestExpense": 142000000,
    "depreciationAndAmortization": 570000000,
    "ebitda": 1637000000,
    "ebitdaratio": 0.0995681528,
    "operatingIncome": 889000000,
    "operatingIncomeRatio": 0.0540721367,
    "totalOtherIncomeExpensesNet": 30000000,
    "incomeBeforeTax": 919000000,
    "incomeBeforeTaxRatio": 0.0558968433,
    "incomeTaxExpense": 311000000,
    "netIncome": 608000000,
    "netIncomeRatio": 0.0369807189,
    "eps": 1.07,
    "epsdiluted": 1.06,
    "weightedAverageShsOut": 570100000,
    "weightedAverageShsOutDil": 574800000,
    "link": "https://www.sec.gov/Archives/edgar/data/27419/000002741916000066/0000027419-16-000066-index.htm",
    "finalLink": "https://www.sec.gov/Archives/edgar/data/27419/000002741916000066/tgt-20161029x10xq.htm"
  },
  {
    "date": "2016-07-30",
    "symbol": "TGT",
    "reportedCurrency": "USD",
    "cik": "0000027419",
    "fillingDate": "2016-08-24",
    "acceptedDate": "2016-08-24 11:46:09",
    "calendarYear": "2018",
    "period": "Q2",
    "revenue": 16169000000,
    "costOfRevenue": 11672000000,
    "grossProfit": 4497000000,
    "grossProfitRatio": 0.2781248067,
    "researchAndDevelopmentExpenses": 0,
    "generalAndAdministrativeExpenses": 0,
    "sellingAndMarketingExpenses": 0,
    "sellingGeneralAndAdministrativeExpenses": 3419000000,
    "otherExpenses": 0,
    "operatingExpenses": 3419000000,
    "costAndExpenses": 15091000000,
    "interestIncome": 0,
    "interestExpense": 307000000,
    "depreciationAndAmortization": 570000000,
    "ebitda": 1648000000,
    "ebitdaratio": 0.1019234337,
    "operatingIncome": 1078000000,
    "operatingIncomeRatio": 0.0666707898,
    "totalOtherIncomeExpensesNet": -137000000,
    "incomeBeforeTax": 941000000,
    "incomeBeforeTaxRatio": 0.0581977859,
    "incomeTaxExpense": 316000000,
    "netIncome": 680000000,
    "netIncomeRatio": 0.0420557858,
    "eps": 1.17,
    "epsdiluted": 1.16,
    "weightedAverageShsOut": 582200000,
    "weightedAverageShsOutDil": 586800000,
    "link": "https://www.sec.gov/Archives/edgar/data/27419/000002741916000058/0000027419-16-000058-index.htm",
    "finalLink": "https://www.sec.gov/Archives/edgar/data/27419/000002741916000058/tgt-2016730x10xq.htm"
  },
  {
    "date": "2016-04-30",
    "symbol": "TGT",
    "reportedCurrency": "USD",
    "cik": "0000027419",
    "fillingDate": "2016-05-25",
    "acceptedDate": "2016-05-25 13:22:41",
    "calendarYear": "2018",
    "period": "Q1",
    "revenue": 16196000000,
    "costOfRevenue": 11185000000,
    "grossProfit": 5011000000,
    "grossProfitRatio": 0.3093973821,
    "researchAndDevelopmentExpenses": 0,
    "generalAndAdministrativeExpenses": 3153000000,
    "sellingAndMarketingExpenses": 0,
    "sellingGeneralAndAdministrativeExpenses": 3153000000,
    "otherExpenses": 546000000,
    "operatingExpenses": 3699000000,
    "costAndExpenses": 14884000000,
    "interestIncome": 0,
    "interestExpense": 415000000,
    "depreciationAndAmortization": 546000000,
    "ebitda": 1858000000,
    "ebitdaratio": 0.1147196839,
    "operatingIncome": 1312000000,
    "operatingIncomeRatio": 0.0810076562,
    "totalOtherIncomeExpensesNet": -415000000,
    "incomeBeforeTax": 897000000,
    "incomeBeforeTaxRatio": 0.0553840454,
    "incomeTaxExpense": 283000000,
    "netIncome": 632000000,
    "netIncomeRatio": 0.0390219807,
    "eps": 1.06,
    "epsdiluted": 1.05,
    "weightedAverageShsOut": 598300000,
    "weightedAverageShsOutDil": 603800000,
    "link": "https://www.sec.gov/Archives/edgar/data/27419/000002741916000051/0000027419-16-000051-index.htm",
    "finalLink": "https://www.sec.gov/Archives/edgar/data/27419/000002741916000051/tgt-2016430x10xq.htm"
  },
  {
    "date": "2016-01-30",
    "symbol": "TGT",
    "reportedCurrency": "USD",
    "cik": "0000027419",
    "fillingDate": "2016-03-11",
    "acceptedDate": "2016-03-11 13:48:36",
    "calendarYear": "2017",
    "period": "Q4",
    "revenue": 21626000000,
    "costOfRevenue": 15594000000,
    "grossProfit": 6032000000,
    "grossProfitRatio": 0.278923518,
    "researchAndDevelopmentExpenses": 0,
    "generalAndAdministrativeExpenses": 3921000000,
    "sellingAndMarketingExpenses": 0,
    "sellingGeneralAndAdministrativeExpenses": 3921000000,
    "otherExpenses": 620000000,
    "operatingExpenses": 4483000000,
    "costAndExpenses": 20077000000,
    "interestIncome": 0,
    "interestExpense": 152000000,
    "depreciationAndAmortization": 562000000,
    "ebitda": 2085000000,
    "ebitdaratio": 0.0964117266,
    "operatingIncome": 1549000000,
    "operatingIncomeRatio": 0.0716267456,
    "totalOtherIncomeExpensesNet": 468000000,
    "incomeBeforeTax": 2017000000,
    "incomeBeforeTaxRatio": 0.0932673634,
    "incomeTaxExpense": 596000000,
    "netIncome": 1426000000,
    "netIncomeRatio": 0.0659391473,
    "eps": 2.33,
    "epsdiluted": 2.32,
    "weightedAverageShsOut": 610500000,
    "weightedAverageShsOutDil": 615300000,
    "link": "https://www.sec.gov/Archives/edgar/data/27419/000002741916000043/0000027419-16-000043-index.htm",
    "finalLink": "https://www.sec.gov/Archives/edgar/data/27419/000002741916000043/tgt-20160130x10k.htm"
  },
  {
    "date": "2015-10-31",
    "symbol": "TGT",
    "reportedCurrency": "USD",
    "cik": "0000027419",
    "fillingDate": "2015-11-25",
    "acceptedDate": "2015-11-25 11:03:53",
    "calendarYear": "2017",
    "period": "Q3",
    "revenue": 17613000000,
    "costOfRevenue": 12440000000,
    "grossProfit": 5173000000,
    "grossProfitRatio": 0.2937035144,
    "researchAndDevelopmentExpenses": 0,
    "generalAndAdministrativeExpenses": 3736000000,
    "sellingAndMarketingExpenses": 0,
    "sellingGeneralAndAdministrativeExpenses": 3736000000,
    "otherExpenses": 561000000,
    "operatingExpenses": 4297000000,
    "costAndExpenses": 16737000000,
    "interestIncome": 0,
    "interestExpense": 151000000,
    "depreciationAndAmortization": 561000000,
    "ebitda": 1437000000,
    "ebitdaratio": 0.0815874638,
    "operatingIncome": 876000000,
    "operatingIncomeRatio": 0.0497359905,
    "totalOtherIncomeExpensesNet": -151000000,
    "incomeBeforeTax": 725000000,
    "incomeBeforeTaxRatio": 0.0411627775,
    "incomeTaxExpense": 249000000,
    "netIncome": 549000000,
    "netIncomeRatio": 0.0311701584,
    "eps": 0.88,
    "epsdiluted": 0.87,
    "weightedAverageShsOut": 623700000,
    "weightedAverageShsOutDil": 628800000,
    "link": "https://www.sec.gov/Archives/edgar/data/27419/000002741915000036/0000027419-15-000036-index.htm",
    "finalLink": "https://www.sec.gov/Archives/edgar/data/27419/000002741915000036/tgt-20151031x10xq.htm"
  },
  {
    "date": "2015-08-01",
    "symbol": "TGT",
    "reportedCurrency": "USD",
    "cik": "0000027419",
    "fillingDate": "2015-08-25",
    "acceptedDate": "2015-08-25 15:41:44",
    "calendarYear": "2017",
    "period": "Q2",
    "revenue": 17427000000,
    "costOfRevenue": 12051000000,
    "grossProfit": 5376000000,
    "grossProfitRatio": 0.3084868308,
    "researchAndDevelopmentExpenses": 0,
    "generalAndAdministrativeExpenses": 3495000000,
    "sellingAndMarketingExpenses": 0,
    "sellingGeneralAndAdministrativeExpenses": 3495000000,
    "otherExpenses": 551000000,
    "operatingExpenses": 4046000000,
    "costAndExpenses": 16097000000,
    "interestIncome": 0,
    "interestExpense": 148000000,
    "depreciationAndAmortization": 550000000,
    "ebitda": 1881000000,
    "ebitdaratio": 0.1079359614,
    "operatingIncome": 1330000000,
    "operatingIncomeRatio": 0.0763183566,
    "totalOtherIncomeExpensesNet": -148000000,
    "incomeBeforeTax": 1182000000,
    "incomeBeforeTaxRatio": 0.0678257876,
    "incomeTaxExpense": 409000000,
    "netIncome": 753000000,
    "netIncomeRatio": 0.0432088139,
    "eps": 1.18,
    "epsdiluted": 1.18,
    "weightedAverageShsOut": 635800000,
    "weightedAverageShsOutDil": 641000000,
    "link": "https://www.sec.gov/Archives/edgar/data/27419/000002741915000029/0000027419-15-000029-index.htm",
    "finalLink": "https://www.sec.gov/Archives/edgar/data/27419/000002741915000029/tgt-20150801x10xq.htm"
  },
  {
    "date": "2015-05-02",
    "symbol": "TGT",
    "reportedCurrency": "USD",
    "cik": "0000027419",
    "fillingDate": "2015-05-28",
    "acceptedDate": "2015-05-28 14:44:14",
    "calendarYear": "2017",
    "period": "Q1",
    "revenue": 17119000000,
    "costOfRevenue": 11911000000,
    "grossProfit": 5208000000,
    "grossProfitRatio": 0.3042233775,
    "researchAndDevelopmentExpenses": 0,
    "generalAndAdministrativeExpenses": 3514000000,
    "sellingAndMarketingExpenses": 0,
    "sellingGeneralAndAdministrativeExpenses": 3514000000,
    "otherExpenses": 540000000,
    "operatingExpenses": 4054000000,
    "costAndExpenses": 15965000000,
    "interestIncome": 0,
    "interestExpense": 155000000,
    "depreciationAndAmortization": 540000000,
    "ebitda": 1694000000,
    "ebitdaratio": 0.0989543782,
    "operatingIncome": 1154000000,
    "operatingIncomeRatio": 0.0674104796,
    "totalOtherIncomeExpensesNet": -155000000,
    "incomeBeforeTax": 999000000,
    "incomeBeforeTaxRatio": 0.0583562124,
    "incomeTaxExpense": 348000000,
    "netIncome": 635000000,
    "netIncomeRatio": 0.0370932882,
    "eps": 0.99,
    "epsdiluted": 0.98,
    "weightedAverageShsOut": 640900000,
    "weightedAverageShsOutDil": 646400000,
    "link": "https://www.sec.gov/Archives/edgar/data/27419/000002741915000018/0000027419-15-000018-index.htm",
    "finalLink": "https://www.sec.gov/Archives/edgar/data/27419/000002741915000018/tgt-20150502x10xq.htm"
  },
  {
    "date": "2015-01-31",
    "symbol": "TGT",
    "reportedCurrency": "USD",
    "cik": "0000027419",
    "fillingDate": "2015-03-13",
    "acceptedDate": "2015-03-13 15:24:22",
    "calendarYear": "2016",
    "period": "Q4",
    "revenue": 21751000000,
    "costOfRevenue": 15563000000,
    "grossProfit": 6188000000,
    "grossProfitRatio": 0.284492667,
    "researchAndDevelopmentExpenses": 0,
    "generalAndAdministrativeExpenses": 3373000000,
    "sellingAndMarketingExpenses": 685000000,
    "sellingGeneralAndAdministrativeExpenses": 4058000000,
    "otherExpenses": 338000000,
    "operatingExpenses": 4603000000,
    "costAndExpenses": 20166000000,
    "interestIncome": 0,
    "interestExpense": 151000000,
    "depreciationAndAmortization": 338000000,
    "ebitda": 2566000000,
    "ebitdaratio": 0.1179715875,
    "operatingIncome": 2228000000,
    "operatingIncomeRatio": 0.1024320721,
    "totalOtherIncomeExpensesNet": -94000000,
    "incomeBeforeTax": 1434000000,
    "incomeBeforeTaxRatio": 0.0659280033,
    "incomeTaxExpense": 474000000,
    "netIncome": -2640000000,
    "netIncomeRatio": -0.1213737299,
    "eps": -4.14,
    "epsdiluted": -4.1,
    "weightedAverageShsOut": 637900000,
    "weightedAverageShsOutDil": 644000000,
    "link": "https://www.sec.gov/Archives/edgar/data/27419/000002741915000012/0000027419-15-000012-index.htm",
    "finalLink": "https://www.sec.gov/Archives/edgar/data/27419/000002741915000012/tgt-20150131x10k.htm"
  },
  {
    "date": "2014-11-01",
    "symbol": "TGT",
    "reportedCurrency": "USD",
    "cik": "0000027419",
    "fillingDate": "2014-11-26",
    "acceptedDate": "2014-11-26 10:40:19",
    "calendarYear": "2016",
    "period": "Q3",
    "revenue": 17732000000,
    "costOfRevenue": 12555000000,
    "grossProfit": 5177000000,
    "grossProfitRatio": 0.291958042,
    "researchAndDevelopmentExpenses": 0,
    "generalAndAdministrativeExpenses": 3644000000,
    "sellingAndMarketingExpenses": 250000000,
    "sellingGeneralAndAdministrativeExpenses": 3894000000,
    "otherExpenses": 285000000,
    "operatingExpenses": 4500000000,
    "costAndExpenses": 17055000000,
    "interestIncome": 0,
    "interestExpense": 165000000,
    "depreciationAndAmortization": 605000000,
    "ebitda": 1283000000,
    "ebitdaratio": 0.0723550643,
    "operatingIncome": 677000000,
    "operatingIncomeRatio": 0.0381795624,
    "totalOtherIncomeExpensesNet": 81000000,
    "incomeBeforeTax": 512000000,
    "incomeBeforeTaxRatio": 0.0288743515,
    "incomeTaxExpense": 160000000,
    "netIncome": 352000000,
    "netIncomeRatio": 0.0198511166,
    "eps": 0.55,
    "epsdiluted": 0.55,
    "weightedAverageShsOut": 634000000,
    "weightedAverageShsOutDil": 639600000,
    "link": "https://www.sec.gov/Archives/edgar/data/27419/000002741914000036/0000027419-14-000036-index.htm",
    "finalLink": "https://www.sec.gov/Archives/edgar/data/27419/000002741914000036/tgt-20141101x10xq.htm"
  },
  {
    "date": "2014-08-02",
    "symbol": "TGT",
    "reportedCurrency": "USD",
    "cik": "0000027419",
    "fillingDate": "2014-08-27",
    "acceptedDate": "2014-08-27 08:38:44",
    "calendarYear": "2016",
    "period": "Q2",
    "revenue": 17406000000,
    "costOfRevenue": 12165000000,
    "grossProfit": 5241000000,
    "grossProfitRatio": 0.3011030679,
    "researchAndDevelopmentExpenses": 0,
    "generalAndAdministrativeExpenses": 3599000000,
    "sellingAndMarketingExpenses": 217000000,
    "sellingGeneralAndAdministrativeExpenses": 3816000000,
    "otherExpenses": 320000000,
    "operatingExpenses": 4422000000,
    "costAndExpenses": 16587000000,
    "interestIncome": 0,
    "interestExpense": 453000000,
    "depreciationAndAmortization": 607000000,
    "ebitda": 1426000000,
    "ebitdaratio": 0.0819257727,
    "operatingIncome": 819000000,
    "operatingIncomeRatio": 0.0470527404,
    "totalOtherIncomeExpensesNet": -229000000,
    "incomeBeforeTax": 366000000,
    "incomeBeforeTaxRatio": 0.021027232,
    "incomeTaxExpense": 132000000,
    "netIncome": 234000000,
    "netIncomeRatio": 0.0134436401,
    "eps": 0.37,
    "epsdiluted": 0.37,
    "weightedAverageShsOut": 633500000,
    "weightedAverageShsOutDil": 638400000,
    "link": "https://www.sec.gov/Archives/edgar/data/27419/000002741914000028/0000027419-14-000028-index.htm",
    "finalLink": "https://www.sec.gov/Archives/edgar/data/27419/000002741914000028/tgt-20140802x10xq.htm"
  },
  {
    "date": "2014-05-03",
    "symbol": "TGT",
    "reportedCurrency": "USD",
    "cik": "0000027419",
    "fillingDate": "2014-05-29",
    "acceptedDate": "2014-05-29 13:40:59",
    "calendarYear": "2016",
    "period": "Q1",
    "revenue": 17050000000,
    "costOfRevenue": 12067000000,
    "grossProfit": 4983000000,
    "grossProfitRatio": 0.2922580645,
    "researchAndDevelopmentExpenses": 0,
    "generalAndAdministrativeExpenses": 3376000000,
    "sellingAndMarketingExpenses": 217000000,
    "sellingGeneralAndAdministrativeExpenses": 3593000000,
    "otherExpenses": 294000000,
    "operatingExpenses": 4172000000,
    "costAndExpenses": 16239000000,
    "interestIncome": 0,
    "interestExpense": 170000000,
    "depreciationAndAmortization": 579000000,
    "ebitda": 1390000000,
    "ebitdaratio": 0.0815249267,
    "operatingIncome": 811000000,
    "operatingIncomeRatio": 0.0475659824,
    "totalOtherIncomeExpensesNet": 59000000,
    "incomeBeforeTax": 641000000,
    "incomeBeforeTaxRatio": 0.0375953079,
    "incomeTaxExpense": 223000000,
    "netIncome": 418000000,
    "netIncomeRatio": 0.024516129,
    "eps": 0.66,
    "epsdiluted": 0.66,
    "weightedAverageShsOut": 633300000,
    "weightedAverageShsOutDil": 638200000,
    "link": "https://www.sec.gov/Archives/edgar/data/27419/000002741914000021/0000027419-14-000021-index.htm",
    "finalLink": "https://www.sec.gov/Archives/edgar/data/27419/000002741914000021/tgt-20140503x10q.htm"
  },
  {
    "date": "2014-02-01",
    "symbol": "TGT",
    "reportedCurrency": "USD",
    "cik": "0000027419",
    "fillingDate": "2014-03-14",
    "acceptedDate": "2014-03-14 12:54:17",
    "calendarYear": "2015",
    "period": "Q4",
    "revenue": 21516000000,
    "costOfRevenue": 15719000000,
    "grossProfit": 5797000000,
    "grossProfitRatio": 0.2694274029,
    "researchAndDevelopmentExpenses": 0,
    "generalAndAdministrativeExpenses": 3946000000,
    "sellingAndMarketingExpenses": 289000000,
    "sellingGeneralAndAdministrativeExpenses": 4235000000,
    "otherExpenses": 219000000,
    "operatingExpenses": 4811000000,
    "costAndExpenses": 20530000000,
    "interestIncome": 0,
    "interestExpense": 161000000,
    "depreciationAndAmortization": 575000000,
    "ebitda": 1561000000,
    "ebitdaratio": 0.07255066,
    "operatingIncome": 986000000,
    "operatingIncomeRatio": 0.0458263618,
    "totalOtherIncomeExpensesNet": -161000000,
    "incomeBeforeTax": 825000000,
    "incomeBeforeTaxRatio": 0.0383435583,
    "incomeTaxExpense": 305000000,
    "netIncome": 520000000,
    "netIncomeRatio": 0.024168061,
    "eps": 0.82,
    "epsdiluted": 0.81,
    "weightedAverageShsOut": 632300000,
    "weightedAverageShsOutDil": 638100000,
    "link": "https://www.sec.gov/Archives/edgar/data/27419/000002741914000014/0000027419-14-000014-index.htm",
    "finalLink": "https://www.sec.gov/Archives/edgar/data/27419/000002741914000014/tgt-20140201x10k.htm"
  },
  {
    "date": "2013-11-02",
    "symbol": "TGT",
    "reportedCurrency": "USD",
    "cik": "0000027419",
    "fillingDate": "2013-11-27",
    "acceptedDate": "2013-11-27 11:24:03",
    "calendarYear": "2015",
    "period": "Q3",
    "revenue": 17258000000,
    "costOfRevenue": 12133000000,
    "grossProfit": 5125000000,
    "grossProfitRatio": 0.296963727,
    "researchAndDevelopmentExpenses": 0,
    "generalAndAdministrativeExpenses": 3231000000,
    "sellingAndMarketingExpenses": 622000000,
    "sellingGeneralAndAdministrativeExpenses": 3853000000,
    "otherExpenses": -657000000,
    "operatingExpenses": 4422000000,
    "costAndExpenses": 16555000000,
    "interestIncome": 0,
    "interestExpense": 165000000,
    "depreciationAndAmortization": 569000000,
    "ebitda": 1272000000,
    "ebitdaratio": 0.0737049484,
    "operatingIncome": 703000000,
    "operatingIncomeRatio": 0.0407347317,
    "totalOtherIncomeExpensesNet": -165000000,
    "incomeBeforeTax": 538000000,
    "incomeBeforeTaxRatio": 0.0311739483,
    "incomeTaxExpense": 197000000,
    "netIncome": 341000000,
    "netIncomeRatio": 0.0197589524,
    "eps": 0.54,
    "epsdiluted": 0.54,
    "weightedAverageShsOut": 631300000,
    "weightedAverageShsOutDil": 637400000,
    "link": "https://www.sec.gov/Archives/edgar/data/27419/000002741913000007/0000027419-13-000007-index.htm",
    "finalLink": "https://www.sec.gov/Archives/edgar/data/27419/000002741913000007/tgt-20131102x10q.htm"
  },
  {
    "date": "2013-08-03",
    "symbol": "TGT",
    "reportedCurrency": "USD",
    "cik": "0000027419",
    "fillingDate": "2013-08-28",
    "acceptedDate": "2013-08-28 10:37:32",
    "calendarYear": "2015",
    "period": "Q2",
    "revenue": 17117000000,
    "costOfRevenue": 11745000000,
    "grossProfit": 5372000000,
    "grossProfitRatio": 0.3138400421,
    "researchAndDevelopmentExpenses": 0,
    "generalAndAdministrativeExpenses": 3698000000,
    "sellingAndMarketingExpenses": 0,
    "sellingGeneralAndAdministrativeExpenses": 3698000000,
    "otherExpenses": 542000000,
    "operatingExpenses": 4240000000,
    "costAndExpenses": 15985000000,
    "interestIncome": 0,
    "interestExpense": 171000000,
    "depreciationAndAmortization": 543000000,
    "ebitda": 1675000000,
    "ebitdaratio": 0.0978559327,
    "operatingIncome": 1132000000,
    "operatingIncomeRatio": 0.0661330841,
    "totalOtherIncomeExpensesNet": -171000000,
    "incomeBeforeTax": 961000000,
    "incomeBeforeTaxRatio": 0.0561430157,
    "incomeTaxExpense": 350000000,
    "netIncome": 611000000,
    "netIncomeRatio": 0.0356955074,
    "eps": 0.96,
    "epsdiluted": 0.95,
    "weightedAverageShsOut": 634800000,
    "weightedAverageShsOutDil": 642000000,
    "link": "https://www.sec.gov/Archives/edgar/data/27419/000110465913066569/0001104659-13-066569-index.htm",
    "finalLink": "https://www.sec.gov/Archives/edgar/data/27419/000110465913066569/a13-16907_110q.htm"
  },
  {
    "date": "2013-05-04",
    "symbol": "TGT",
    "reportedCurrency": "USD",
    "cik": "0000027419",
    "fillingDate": "2013-05-30",
    "acceptedDate": "2013-05-30 12:56:13",
    "calendarYear": "2015",
    "period": "Q1",
    "revenue": 16706000000,
    "costOfRevenue": 11563000000,
    "grossProfit": 5143000000,
    "grossProfitRatio": 0.3078534658,
    "researchAndDevelopmentExpenses": 0,
    "generalAndAdministrativeExpenses": 3590000000,
    "sellingAndMarketingExpenses": 0,
    "sellingGeneralAndAdministrativeExpenses": 3590000000,
    "otherExpenses": 391000000,
    "operatingExpenses": 4126000000,
    "costAndExpenses": 15689000000,
    "interestIncome": 0,
    "interestExpense": 629000000,
    "depreciationAndAmortization": 536000000,
    "ebitda": 1944000000,
    "ebitdaratio": 0.1163653777,
    "operatingIncome": 1017000000,
    "operatingIncomeRatio": 0.0608763319,
    "totalOtherIncomeExpensesNet": -238000000,
    "incomeBeforeTax": 779000000,
    "incomeBeforeTaxRatio": 0.0466299533,
    "incomeTaxExpense": 281000000,
    "netIncome": 498000000,
    "netIncomeRatio": 0.0298096492,
    "eps": 0.78,
    "epsdiluted": 0.77,
    "weightedAverageShsOut": 642100000,
    "weightedAverageShsOutDil": 649500000,
    "link": "https://www.sec.gov/Archives/edgar/data/27419/000110465913045630/0001104659-13-045630-index.htm",
    "finalLink": "https://www.sec.gov/Archives/edgar/data/27419/000110465913045630/a13-9231_110q.htm"
  },
  {
    "date": "2013-02-02",
    "symbol": "TGT",
    "reportedCurrency": "USD",
    "cik": "0000027419",
    "fillingDate": "2013-03-20",
    "acceptedDate": "2013-03-20 10:25:16",
    "calendarYear": "2014",
    "period": "Q4",
    "revenue": 22726000000,
    "costOfRevenue": 16295000000,
    "grossProfit": 6431000000,
    "grossProfitRatio": 0.2829798469,
    "researchAndDevelopmentExpenses": 0,
    "generalAndAdministrativeExpenses": 4229000000,
    "sellingAndMarketingExpenses": 0,
    "sellingGeneralAndAdministrativeExpenses": 4229000000,
    "otherExpenses": 5000000,
    "operatingExpenses": 4768000000,
    "costAndExpenses": 21063000000,
    "interestIncome": 0,
    "interestExpense": 204000000,
    "depreciationAndAmortization": 539000000,
    "ebitda": 2207000000,
    "ebitdaratio": 0.0971134384,
    "operatingIncome": 1663000000,
    "operatingIncomeRatio": 0.0731760979,
    "totalOtherIncomeExpensesNet": -199000000,
    "incomeBeforeTax": 1464000000,
    "incomeBeforeTaxRatio": 0.0644196075,
    "incomeTaxExpense": 503000000,
    "netIncome": 961000000,
    "netIncomeRatio": 0.042286368,
    "eps": 1.48,
    "epsdiluted": 1.47,
    "weightedAverageShsOut": 648800000,
    "weightedAverageShsOutDil": 655800000,
    "link": "https://www.sec.gov/Archives/edgar/data/27419/000104746913003100/0001047469-13-003100-index.htm",
    "finalLink": "https://www.sec.gov/Archives/edgar/data/27419/000104746913003100/a2213506z10-k.htm"
  },
  {
    "date": "2012-10-27",
    "symbol": "TGT",
    "reportedCurrency": "USD",
    "cik": "0000027419",
    "fillingDate": "2012-11-21",
    "acceptedDate": "2012-11-21 11:06:31",
    "calendarYear": "2014",
    "period": "Q3",
    "revenue": 16929000000,
    "costOfRevenue": 11675000000,
    "grossProfit": 5254000000,
    "grossProfitRatio": 0.3103550121,
    "researchAndDevelopmentExpenses": 0,
    "generalAndAdministrativeExpenses": 3704000000,
    "sellingAndMarketingExpenses": 0,
    "sellingGeneralAndAdministrativeExpenses": 3704000000,
    "otherExpenses": 156000000,
    "operatingExpenses": 4246000000,
    "costAndExpenses": 15921000000,
    "interestIncome": 0,
    "interestExpense": 192000000,
    "depreciationAndAmortization": 543000000,
    "ebitda": 1707000000,
    "ebitdaratio": 0.1008328903,
    "operatingIncome": 1008000000,
    "operatingIncomeRatio": 0.0595427964,
    "totalOtherIncomeExpensesNet": -36000000,
    "incomeBeforeTax": 972000000,
    "incomeBeforeTaxRatio": 0.0574162679,
    "incomeTaxExpense": 335000000,
    "netIncome": 637000000,
    "netIncomeRatio": 0.0376277394,
    "eps": 0.97,
    "epsdiluted": 0.96,
    "weightedAverageShsOut": 654800000,
    "weightedAverageShsOutDil": 662200000,
    "link": "https://www.sec.gov/Archives/edgar/data/27419/000110465912079507/0001104659-12-079507-index.htm",
    "finalLink": "https://www.sec.gov/Archives/edgar/data/27419/000110465912079507/a12-21775_110q.htm"
  },
  {
    "date": "2012-07-28",
    "symbol": "TGT",
    "reportedCurrency": "USD",
    "cik": "0000027419",
    "fillingDate": "2012-08-23",
    "acceptedDate": "2012-08-23 12:46:38",
    "calendarYear": "2014",
    "period": "Q2",
    "revenue": 16779000000,
    "costOfRevenue": 11297000000,
    "grossProfit": 5482000000,
    "grossProfitRatio": 0.3267179212,
    "researchAndDevelopmentExpenses": 0,
    "generalAndAdministrativeExpenses": 3588000000,
    "sellingAndMarketingExpenses": 108000000,
    "sellingGeneralAndAdministrativeExpenses": 3696000000,
    "otherExpenses": 639000000,
    "operatingExpenses": 4227000000,
    "costAndExpenses": 15524000000,
    "interestIncome": 0,
    "interestExpense": 184000000,
    "depreciationAndAmortization": 531000000,
    "ebitda": 1786000000,
    "ebitdaratio": 0.106442577,
    "operatingIncome": 1255000000,
    "operatingIncomeRatio": 0.0747958758,
    "totalOtherIncomeExpensesNet": -184000000,
    "incomeBeforeTax": 1071000000,
    "incomeBeforeTaxRatio": 0.0638297872,
    "incomeTaxExpense": 367000000,
    "netIncome": 704000000,
    "netIncomeRatio": 0.0419572084,
    "eps": 1.07,
    "epsdiluted": 1.06,
    "weightedAverageShsOut": 656700000,
    "weightedAverageShsOutDil": 662900000,
    "link": "https://www.sec.gov/Archives/edgar/data/27419/000110465912059766/0001104659-12-059766-index.htm",
    "finalLink": "https://www.sec.gov/Archives/edgar/data/27419/000110465912059766/a12-16067_110q.htm"
  },
  {
    "date": "2012-04-28",
    "symbol": "TGT",
    "reportedCurrency": "USD",
    "cik": "0000027419",
    "fillingDate": "2012-05-23",
    "acceptedDate": "2012-05-23 10:31:05",
    "calendarYear": "2014",
    "period": "Q1",
    "revenue": 16867000000,
    "costOfRevenue": 11661000000,
    "grossProfit": 5206000000,
    "grossProfitRatio": 0.3086500267,
    "researchAndDevelopmentExpenses": 0,
    "generalAndAdministrativeExpenses": 3392000000,
    "sellingAndMarketingExpenses": 0,
    "sellingGeneralAndAdministrativeExpenses": 3392000000,
    "otherExpenses": 649000000,
    "operatingExpenses": 3921000000,
    "costAndExpenses": 15582000000,
    "interestIncome": 0,
    "interestExpense": 184000000,
    "depreciationAndAmortization": 529000000,
    "ebitda": 1814000000,
    "ebitdaratio": 0.1075472817,
    "operatingIncome": 1285000000,
    "operatingIncomeRatio": 0.0761842651,
    "totalOtherIncomeExpensesNet": -184000000,
    "incomeBeforeTax": 1101000000,
    "incomeBeforeTaxRatio": 0.0652753898,
    "incomeTaxExpense": 404000000,
    "netIncome": 697000000,
    "netIncomeRatio": 0.041323294,
    "eps": 1.05,
    "epsdiluted": 1.04,
    "weightedAverageShsOut": 666300000,
    "weightedAverageShsOutDil": 672400000,
    "link": "https://www.sec.gov/Archives/edgar/data/27419/000110465912039309/0001104659-12-039309-index.htm",
    "finalLink": "https://www.sec.gov/Archives/edgar/data/27419/000110465912039309/a12-8158_110q.htm"
  },
  {
    "date": "2012-01-28",
    "symbol": "TGT",
    "reportedCurrency": "USD",
    "cik": "0000027419",
    "fillingDate": "2012-03-15",
    "acceptedDate": "2012-03-15 12:49:28",
    "calendarYear": "2013",
    "period": "Q4",
    "revenue": 21288000000,
    "costOfRevenue": 15149000000,
    "grossProfit": 6139000000,
    "grossProfitRatio": 0.2883784292,
    "researchAndDevelopmentExpenses": 0,
    "generalAndAdministrativeExpenses": 3876000000,
    "sellingAndMarketingExpenses": 0,
    "sellingGeneralAndAdministrativeExpenses": 3876000000,
    "otherExpenses": 726000000,
    "operatingExpenses": 4439000000,
    "costAndExpenses": 19588000000,
    "interestIncome": 0,
    "interestExpense": 292000000,
    "depreciationAndAmortization": 563000000,
    "ebitda": 2263000000,
    "ebitdaratio": 0.106304021,
    "operatingIncome": 1700000000,
    "operatingIncomeRatio": 0.0798571965,
    "totalOtherIncomeExpensesNet": -292000000,
    "incomeBeforeTax": 1408000000,
    "incomeBeforeTaxRatio": 0.0661405487,
    "incomeTaxExpense": 427000000,
    "netIncome": 981000000,
    "netIncomeRatio": 0.0460822999,
    "eps": 1.47,
    "epsdiluted": 1.46,
    "weightedAverageShsOut": 666300000,
    "weightedAverageShsOutDil": 672400000,
    "link": "https://www.sec.gov/Archives/edgar/data/27419/000104746912002714/0001047469-12-002714-index.htm",
    "finalLink": "https://www.sec.gov/Archives/edgar/data/27419/000104746912002714/a2207838z10-k.htm"
  },
  {
    "date": "2011-10-29",
    "symbol": "TGT",
    "reportedCurrency": "USD",
    "cik": "0000027419",
    "fillingDate": "2011-11-23",
    "acceptedDate": "2011-11-23 15:05:43",
    "calendarYear": "2013",
    "period": "Q3",
    "revenue": 16402000000,
    "costOfRevenue": 11274000000,
    "grossProfit": 5128000000,
    "grossProfitRatio": 0.3126447994,
    "researchAndDevelopmentExpenses": 0,
    "generalAndAdministrativeExpenses": 3525000000,
    "sellingAndMarketingExpenses": 0,
    "sellingGeneralAndAdministrativeExpenses": 3525000000,
    "otherExpenses": 688000000,
    "operatingExpenses": 4071000000,
    "costAndExpenses": 15345000000,
    "interestIncome": 2000000,
    "interestExpense": 202000000,
    "depreciationAndAmortization": 546000000,
    "ebitda": 1603000000,
    "ebitdaratio": 0.0977319839,
    "operatingIncome": 1057000000,
    "operatingIncomeRatio": 0.0644433606,
    "totalOtherIncomeExpensesNet": -200000000,
    "incomeBeforeTax": 857000000,
    "incomeBeforeTaxRatio": 0.0522497256,
    "incomeTaxExpense": 302000000,
    "netIncome": 555000000,
    "netIncomeRatio": 0.0338373369,
    "eps": 0.82,
    "epsdiluted": 0.82,
    "weightedAverageShsOut": 673200000,
    "weightedAverageShsOutDil": 678300000,
    "link": "https://www.sec.gov/Archives/edgar/data/27419/000110465911066091/0001104659-11-066091-index.htm",
    "finalLink": "https://www.sec.gov/Archives/edgar/data/27419/000110465911066091/a11-26597_110q.htm"
  },
  {
    "date": "2011-07-30",
    "symbol": "TGT",
    "reportedCurrency": "USD",
    "cik": "0000027419",
    "fillingDate": "2011-08-25",
    "acceptedDate": "2011-08-25 09:36:14",
    "calendarYear": "2013",
    "period": "Q2",
    "revenue": 16240000000,
    "costOfRevenue": 10958000000,
    "grossProfit": 5282000000,
    "grossProfitRatio": 0.3252463054,
    "researchAndDevelopmentExpenses": 0,
    "generalAndAdministrativeExpenses": 3472000000,
    "sellingAndMarketingExpenses": 1000000,
    "sellingGeneralAndAdministrativeExpenses": 3473000000,
    "otherExpenses": 595000000,
    "operatingExpenses": 3982000000,
    "costAndExpenses": 14940000000,
    "interestIncome": 1000000,
    "interestExpense": 192000000,
    "depreciationAndAmortization": 510000000,
    "ebitda": 1810000000,
    "ebitdaratio": 0.111453202,
    "operatingIncome": 1300000000,
    "operatingIncomeRatio": 0.0800492611,
    "totalOtherIncomeExpensesNet": -191000000,
    "incomeBeforeTax": 1109000000,
    "incomeBeforeTaxRatio": 0.0682881773,
    "incomeTaxExpense": 405000000,
    "netIncome": 704000000,
    "netIncomeRatio": 0.0433497537,
    "eps": 1.03,
    "epsdiluted": 1.03,
    "weightedAverageShsOut": 680800000,
    "weightedAverageShsOutDil": 685100000,
    "link": "https://www.sec.gov/Archives/edgar/data/27419/000110465911048645/0001104659-11-048645-index.htm",
    "finalLink": "https://www.sec.gov/Archives/edgar/data/27419/000110465911048645/a11-14163_110q.htm"
  },
  {
    "date": "2011-04-30",
    "symbol": "TGT",
    "reportedCurrency": "USD",
    "cik": "0000027419",
    "fillingDate": "2011-05-26",
    "acceptedDate": "2011-05-26 15:06:16",
    "calendarYear": "2013",
    "period": "Q1",
    "revenue": 15935000000,
    "costOfRevenue": 10926000000,
    "grossProfit": 5009000000,
    "grossProfitRatio": 0.3143395042,
    "researchAndDevelopmentExpenses": 0,
    "generalAndAdministrativeExpenses": 3233000000,
    "sellingAndMarketingExpenses": 0,
    "sellingGeneralAndAdministrativeExpenses": 3233000000,
    "otherExpenses": 512000000,
    "operatingExpenses": 3745000000,
    "costAndExpenses": 14671000000,
    "interestIncome": 0,
    "interestExpense": 183000000,
    "depreciationAndAmortization": 512000000,
    "ebitda": 1776000000,
    "ebitdaratio": 0.1114527769,
    "operatingIncome": 1264000000,
    "operatingIncomeRatio": 0.0793222466,
    "totalOtherIncomeExpensesNet": -183000000,
    "incomeBeforeTax": 1081000000,
    "incomeBeforeTaxRatio": 0.0678380922,
    "incomeTaxExpense": 392000000,
    "netIncome": 689000000,
    "netIncomeRatio": 0.043238155,
    "eps": 0.99,
    "epsdiluted": 0.99,
    "weightedAverageShsOut": 692600000,
    "weightedAverageShsOutDil": 697400000,
    "link": "https://www.sec.gov/Archives/edgar/data/27419/000110465911031717/0001104659-11-031717-index.htm",
    "finalLink": "https://www.sec.gov/Archives/edgar/data/27419/000110465911031717/a11-10173_110q.htm"
  },
  {
    "date": "2011-01-29",
    "symbol": "TGT",
    "reportedCurrency": "USD",
    "cik": "0000027419",
    "fillingDate": "2011-03-11",
    "acceptedDate": "2011-03-11 13:51:51",
    "calendarYear": "2012",
    "period": "Q4",
    "revenue": 20661000000,
    "costOfRevenue": 14625000000,
    "grossProfit": 6036000000,
    "grossProfitRatio": 0.2921446203,
    "researchAndDevelopmentExpenses": 0,
    "generalAndAdministrativeExpenses": 3720000000,
    "sellingAndMarketingExpenses": 0,
    "sellingGeneralAndAdministrativeExpenses": 3720000000,
    "otherExpenses": 705000000,
    "operatingExpenses": 4259000000,
    "costAndExpenses": 18884000000,
    "interestIncome": 1000000,
    "interestExpense": 193000000,
    "depreciationAndAmortization": 539000000,
    "ebitda": 2319000000,
    "ebitdaratio": 0.112240453,
    "operatingIncome": 1777000000,
    "operatingIncomeRatio": 0.0860074537,
    "totalOtherIncomeExpensesNet": -190000000,
    "incomeBeforeTax": 1587000000,
    "incomeBeforeTaxRatio": 0.0768113838,
    "incomeTaxExpense": 552000000,
    "netIncome": 1035000000,
    "netIncomeRatio": 0.0500943807,
    "eps": 1.49,
    "epsdiluted": 1.48,
    "weightedAverageShsOut": 692600000,
    "weightedAverageShsOutDil": 697400000,
    "link": "https://www.sec.gov/Archives/edgar/data/27419/000104746911002032/0001047469-11-002032-index.htm",
    "finalLink": "https://www.sec.gov/Archives/edgar/data/27419/000104746911002032/a2201861z10-k.htm"
  },
  {
    "date": "2010-10-30",
    "symbol": "TGT",
    "reportedCurrency": "USD",
    "cik": "0000027419",
    "fillingDate": "2010-12-03",
    "acceptedDate": "2010-12-03 09:45:49",
    "calendarYear": "2012",
    "period": "Q3",
    "revenue": 15605000000,
    "costOfRevenue": 10760000000,
    "grossProfit": 4845000000,
    "grossProfitRatio": 0.3104774111,
    "researchAndDevelopmentExpenses": 0,
    "generalAndAdministrativeExpenses": 3345000000,
    "sellingAndMarketingExpenses": 0,
    "sellingGeneralAndAdministrativeExpenses": 3345000000,
    "otherExpenses": 731000000,
    "operatingExpenses": 3878000000,
    "costAndExpenses": 14638000000,
    "interestIncome": 1000000,
    "interestExpense": 195000000,
    "depreciationAndAmortization": 533000000,
    "ebitda": 1501000000,
    "ebitdaratio": 0.0961871195,
    "operatingIncome": 967000000,
    "operatingIncomeRatio": 0.0619673182,
    "totalOtherIncomeExpensesNet": -194000000,
    "incomeBeforeTax": 773000000,
    "incomeBeforeTaxRatio": 0.0495354053,
    "incomeTaxExpense": 238000000,
    "netIncome": 535000000,
    "netIncomeRatio": 0.0342838834,
    "eps": 0.75,
    "epsdiluted": 0.74,
    "weightedAverageShsOut": 715400000,
    "weightedAverageShsOutDil": 721000000,
    "link": "https://www.sec.gov/Archives/edgar/data/27419/000110465910061015/0001104659-10-061015-index.htm",
    "finalLink": "https://www.sec.gov/Archives/edgar/data/27419/000110465910061015/a10-17636_110q.htm"
  },
  {
    "date": "2010-07-31",
    "symbol": "TGT",
    "reportedCurrency": "USD",
    "cik": "0000027419",
    "fillingDate": "2010-08-27",
    "acceptedDate": "2010-08-27 11:08:05",
    "calendarYear": "2012",
    "period": "Q2",
    "revenue": 15532000000,
    "costOfRevenue": 10507000000,
    "grossProfit": 5025000000,
    "grossProfitRatio": 0.3235256245,
    "researchAndDevelopmentExpenses": 0,
    "generalAndAdministrativeExpenses": 3263000000,
    "sellingAndMarketingExpenses": 0,
    "sellingGeneralAndAdministrativeExpenses": 3263000000,
    "otherExpenses": 496000000,
    "operatingExpenses": 3759000000,
    "costAndExpenses": 14266000000,
    "interestIncome": 1000000,
    "interestExpense": 186000000,
    "depreciationAndAmortization": 496000000,
    "ebitda": 1763000000,
    "ebitdaratio": 0.1135075972,
    "operatingIncome": 1266000000,
    "operatingIncomeRatio": 0.0815091424,
    "totalOtherIncomeExpensesNet": -185000000,
    "incomeBeforeTax": 1081000000,
    "incomeBeforeTaxRatio": 0.0695982488,
    "incomeTaxExpense": 402000000,
    "netIncome": 679000000,
    "netIncomeRatio": 0.0437161988,
    "eps": 0.93,
    "epsdiluted": 0.92,
    "weightedAverageShsOut": 731100000,
    "weightedAverageShsOutDil": 736600000,
    "link": "https://www.sec.gov/Archives/edgar/data/27419/000110465910046222/0001104659-10-046222-index.htm",
    "finalLink": "https://www.sec.gov/Archives/edgar/data/27419/000110465910046222/a10-13020_110q.htm"
  },
  {
    "date": "2010-05-01",
    "symbol": "TGT",
    "reportedCurrency": "USD",
    "cik": "0000027419",
    "fillingDate": "2010-05-28",
    "acceptedDate": "2010-05-28 11:06:46",
    "calendarYear": "2012",
    "period": "Q1",
    "revenue": 15593000000,
    "costOfRevenue": 10692000000,
    "grossProfit": 4901000000,
    "grossProfitRatio": 0.3143077022,
    "researchAndDevelopmentExpenses": 0,
    "generalAndAdministrativeExpenses": 3143000000,
    "sellingAndMarketingExpenses": 0,
    "sellingGeneralAndAdministrativeExpenses": 3143000000,
    "otherExpenses": 796000000,
    "operatingExpenses": 3659000000,
    "costAndExpenses": 14351000000,
    "interestIncome": 1000000,
    "interestExpense": 188000000,
    "depreciationAndAmortization": 516000000,
    "ebitda": 1759000000,
    "ebitdaratio": 0.1128070288,
    "operatingIncome": 1242000000,
    "operatingIncomeRatio": 0.0796511255,
    "totalOtherIncomeExpensesNet": -187000000,
    "incomeBeforeTax": 1055000000,
    "incomeBeforeTaxRatio": 0.0676585647,
    "incomeTaxExpense": 384000000,
    "netIncome": 671000000,
    "netIncomeRatio": 0.0430321298,
    "eps": 0.91,
    "epsdiluted": 0.9,
    "weightedAverageShsOut": 739900000,
    "weightedAverageShsOutDil": 745700000,
    "link": "https://www.sec.gov/Archives/edgar/data/27419/000110465910031430/0001104659-10-031430-index.htm",
    "finalLink": "https://www.sec.gov/Archives/edgar/data/27419/000110465910031430/a10-8550_110q.htm"
  },
  {
    "date": "2010-01-30",
    "symbol": "TGT",
    "reportedCurrency": "USD",
    "cik": "0000027419",
    "fillingDate": "2010-03-12",
    "acceptedDate": "2010-03-12 12:10:33",
    "calendarYear": "2011",
    "period": "Q4",
    "revenue": 20181000000,
    "costOfRevenue": 14350000000,
    "grossProfit": 5831000000,
    "grossProfitRatio": 0.288935137,
    "researchAndDevelopmentExpenses": 0,
    "generalAndAdministrativeExpenses": 3673000000,
    "sellingAndMarketingExpenses": 0,
    "sellingGeneralAndAdministrativeExpenses": 3673000000,
    "otherExpenses": 904000000,
    "operatingExpenses": 4209000000,
    "costAndExpenses": 18559000000,
    "interestIncome": 0,
    "interestExpense": 213000000,
    "depreciationAndAmortization": 536000000,
    "ebitda": 2158000000,
    "ebitdaratio": 0.106932263,
    "operatingIncome": 1622000000,
    "operatingIncomeRatio": 0.0803726277,
    "totalOtherIncomeExpensesNet": -213000000,
    "incomeBeforeTax": 1409000000,
    "incomeBeforeTaxRatio": 0.0698181458,
    "incomeTaxExpense": 473000000,
    "netIncome": 936000000,
    "netIncomeRatio": 0.0463802587,
    "eps": 1.27,
    "epsdiluted": 1.26,
    "weightedAverageShsOut": 739900000,
    "weightedAverageShsOutDil": 745700000,
    "link": "https://www.sec.gov/Archives/edgar/data/27419/000104746910002121/0001047469-10-002121-index.htm",
    "finalLink": "https://www.sec.gov/Archives/edgar/data/27419/000104746910002121/a2196751z10-k.htm"
  },
  {
    "date": "2009-10-31",
    "symbol": "TGT",
    "reportedCurrency": "USD",
    "cik": "0000027419",
    "fillingDate": "2009-12-04",
    "acceptedDate": "2009-12-04 13:55:09",
    "calendarYear": "2011",
    "period": "Q3",
    "revenue": 15276000000,
    "costOfRevenue": 10610000000,
    "grossProfit": 4666000000,
    "grossProfitRatio": 0.305446452,
    "researchAndDevelopmentExpenses": 0,
    "generalAndAdministrativeExpenses": 3255000000,
    "sellingAndMarketingExpenses": 0,
    "sellingGeneralAndAdministrativeExpenses": 3255000000,
    "otherExpenses": 537000000,
    "operatingExpenses": 3792000000,
    "costAndExpenses": 14402000000,
    "interestIncome": 0,
    "interestExpense": 191000000,
    "depreciationAndAmortization": 537000000,
    "ebitda": 1411000000,
    "ebitdaratio": 0.0923671118,
    "operatingIncome": 874000000,
    "operatingIncomeRatio": 0.0572139303,
    "totalOtherIncomeExpensesNet": -191000000,
    "incomeBeforeTax": 683000000,
    "incomeBeforeTaxRatio": 0.0447106572,
    "incomeTaxExpense": 247000000,
    "netIncome": 436000000,
    "netIncomeRatio": 0.028541503,
    "eps": 0.58,
    "epsdiluted": 0.58,
    "weightedAverageShsOut": 751800000,
    "weightedAverageShsOutDil": 755700000,
    "link": "https://www.sec.gov/Archives/edgar/data/27419/000110465909068572/0001104659-09-068572-index.htm",
    "finalLink": "https://www.sec.gov/Archives/edgar/data/27419/000110465909068572/a09-30774_110q.htm"
  },
  {
    "date": "2009-08-01",
    "symbol": "TGT",
    "reportedCurrency": "USD",
    "cik": "0000027419",
    "fillingDate": "2009-08-28",
    "acceptedDate": "2009-08-28 13:04:27",
    "calendarYear": "2011",
    "period": "Q2",
    "revenue": 15067000000,
    "costOfRevenue": 10302000000,
    "grossProfit": 4765000000,
    "grossProfitRatio": 0.3162540652,
    "researchAndDevelopmentExpenses": 0,
    "generalAndAdministrativeExpenses": 3136000000,
    "sellingAndMarketingExpenses": 0,
    "sellingGeneralAndAdministrativeExpenses": 3136000000,
    "otherExpenses": 866000000,
    "operatingExpenses": 3614000000,
    "costAndExpenses": 13916000000,
    "interestIncome": 1000000,
    "interestExpense": 195000000,
    "depreciationAndAmortization": 478000000,
    "ebitda": 1630000000,
    "ebitdaratio": 0.1081834473,
    "operatingIncome": 1151000000,
    "operatingIncomeRatio": 0.0763921152,
    "totalOtherIncomeExpensesNet": -194000000,
    "incomeBeforeTax": 957000000,
    "incomeBeforeTaxRatio": 0.0635162939,
    "incomeTaxExpense": 363000000,
    "netIncome": 594000000,
    "netIncomeRatio": 0.0394239066,
    "eps": 0.79,
    "epsdiluted": 0.79,
    "weightedAverageShsOut": 752000000,
    "weightedAverageShsOutDil": 754400000,
    "link": "https://www.sec.gov/Archives/edgar/data/27419/000110465909052321/0001104659-09-052321-index.htm",
    "finalLink": "https://www.sec.gov/Archives/edgar/data/27419/000110465909052321/a09-18121_110q.htm"
  },
  {
    "date": "2009-05-02",
    "symbol": "TGT",
    "reportedCurrency": "USD",
    "cik": "0000027419",
    "fillingDate": "2009-06-05",
    "acceptedDate": "2009-06-05 10:13:01",
    "calendarYear": "2011",
    "period": "Q1",
    "revenue": 14833000000,
    "costOfRevenue": 10320000000,
    "grossProfit": 4513000000,
    "grossProfitRatio": 0.3042540282,
    "researchAndDevelopmentExpenses": 0,
    "generalAndAdministrativeExpenses": 3015000000,
    "sellingAndMarketingExpenses": 0,
    "sellingGeneralAndAdministrativeExpenses": 3015000000,
    "otherExpenses": 856000000,
    "operatingExpenses": 3487000000,
    "costAndExpenses": 13807000000,
    "interestIncome": 1000000,
    "interestExpense": 203000000,
    "depreciationAndAmortization": 472000000,
    "ebitda": 1499000000,
    "ebitdaratio": 0.1010584508,
    "operatingIncome": 1026000000,
    "operatingIncomeRatio": 0.0691700937,
    "totalOtherIncomeExpensesNet": -202000000,
    "incomeBeforeTax": 824000000,
    "incomeBeforeTaxRatio": 0.0555518102,
    "incomeTaxExpense": 302000000,
    "netIncome": 522000000,
    "netIncomeRatio": 0.0351918021,
    "eps": 0.69,
    "epsdiluted": 0.69,
    "weightedAverageShsOut": 752200000,
    "weightedAverageShsOutDil": 753000000,
    "link": "https://www.sec.gov/Archives/edgar/data/27419/000110465909036787/0001104659-09-036787-index.htm",
    "finalLink": "https://www.sec.gov/Archives/edgar/data/27419/000110465909036787/a09-10339_110q.htm"
  },
  {
    "date": "2009-01-31",
    "symbol": "TGT",
    "reportedCurrency": "USD",
    "cik": "0000027419",
    "fillingDate": "2009-03-13",
    "acceptedDate": "2009-03-13 12:16:17",
    "calendarYear": "2010",
    "period": "Q4",
    "revenue": 19560000000,
    "costOfRevenue": 13825000000,
    "grossProfit": 5735000000,
    "grossProfitRatio": 0.293200409,
    "researchAndDevelopmentExpenses": 0,
    "generalAndAdministrativeExpenses": 4104000000,
    "sellingAndMarketingExpenses": 0,
    "sellingGeneralAndAdministrativeExpenses": 4104000000,
    "otherExpenses": 474000000,
    "operatingExpenses": 4578000000,
    "costAndExpenses": 18403000000,
    "interestIncome": 0,
    "interestExpense": 0,
    "depreciationAndAmortization": 474000000,
    "ebitda": 1631000000,
    "ebitdaratio": 0.0833844581,
    "operatingIncome": 1157000000,
    "operatingIncomeRatio": 0.0591513292,
    "totalOtherIncomeExpensesNet": -214000000,
    "incomeBeforeTax": 943000000,
    "incomeBeforeTaxRatio": 0.0482106339,
    "incomeTaxExpense": 334000000,
    "netIncome": 609000000,
    "netIncomeRatio": 0.0311349693,
    "eps": 0.81,
    "epsdiluted": 0.81,
    "weightedAverageShsOut": 752200000,
    "weightedAverageShsOutDil": 753000000,
    "link": "https://www.sec.gov/Archives/edgar/data/27419/000104746909002623/0001047469-09-002623-index.htm",
    "finalLink": "https://www.sec.gov/Archives/edgar/data/27419/000104746909002623/a2190597z10-k.htm"
  },
  {
    "date": "2008-11-01",
    "symbol": "TGT",
    "reportedCurrency": "USD",
    "cik": "0000027419",
    "fillingDate": "2008-12-05",
    "acceptedDate": "2008-12-05 14:41:25",
    "calendarYear": "2010",
    "period": "Q3",
    "revenue": 15114000000,
    "costOfRevenue": 10130000000,
    "grossProfit": 4984000000,
    "grossProfitRatio": 0.329760487,
    "researchAndDevelopmentExpenses": 0,
    "generalAndAdministrativeExpenses": 3245000000,
    "sellingAndMarketingExpenses": 403000000,
    "sellingGeneralAndAdministrativeExpenses": 3648000000,
    "otherExpenses": 469000000,
    "operatingExpenses": 4117000000,
    "costAndExpenses": 14247000000,
    "interestIncome": 0,
    "interestExpense": 0,
    "depreciationAndAmortization": 468000000,
    "ebitda": 1336000000,
    "ebitdaratio": 0.0883948657,
    "operatingIncome": 867000000,
    "operatingIncomeRatio": 0.0573640333,
    "totalOtherIncomeExpensesNet": -234000000,
    "incomeBeforeTax": 633000000,
    "incomeBeforeTaxRatio": 0.0418816991,
    "incomeTaxExpense": 264000000,
    "netIncome": 369000000,
    "netIncomeRatio": 0.0244144502,
    "eps": 0.49,
    "epsdiluted": 0.49,
    "weightedAverageShsOut": 753500000,
    "weightedAverageShsOutDil": 756600000,
    "link": "https://www.sec.gov/Archives/edgar/data/27419/000110465908074987/0001104659-08-074987-index.htm",
    "finalLink": "https://www.sec.gov/Archives/edgar/data/27419/000110465908074987/a08-25915_110q.htm"
  },
  {
    "date": "2008-08-02",
    "symbol": "TGT",
    "reportedCurrency": "USD",
    "cik": "0000027419",
    "fillingDate": "2008-08-29",
    "acceptedDate": "2008-08-29 14:31:04",
    "calendarYear": "2010",
    "period": "Q2",
    "revenue": 15472000000,
    "costOfRevenue": 10304000000,
    "grossProfit": 5168000000,
    "grossProfitRatio": 0.3340227508,
    "researchAndDevelopmentExpenses": 0,
    "generalAndAdministrativeExpenses": 3153000000,
    "sellingAndMarketingExpenses": 347000000,
    "sellingGeneralAndAdministrativeExpenses": 3500000000,
    "otherExpenses": 448000000,
    "operatingExpenses": 3948000000,
    "costAndExpenses": 14252000000,
    "interestIncome": 0,
    "interestExpense": 0,
    "depreciationAndAmortization": 449000000,
    "ebitda": 1669000000,
    "ebitdaratio": 0.1078722854,
    "operatingIncome": 1220000000,
    "operatingIncomeRatio": 0.07885212,
    "totalOtherIncomeExpensesNet": -217000000,
    "incomeBeforeTax": 1003000000,
    "incomeBeforeTaxRatio": 0.0648267839,
    "incomeTaxExpense": 369000000,
    "netIncome": 634000000,
    "netIncomeRatio": 0.0409772492,
    "eps": 0.82,
    "epsdiluted": 0.82,
    "weightedAverageShsOut": 770300000,
    "weightedAverageShsOutDil": 773900000,
    "link": "https://www.sec.gov/Archives/edgar/data/27419/000110465908056091/0001104659-08-056091-index.htm",
    "finalLink": "https://www.sec.gov/Archives/edgar/data/27419/000110465908056091/a08-17332_110q.htm"
  },
  {
    "date": "2008-05-03",
    "symbol": "TGT",
    "reportedCurrency": "USD",
    "cik": "0000027419",
    "fillingDate": "2008-06-02",
    "acceptedDate": "2008-06-02 17:19:48",
    "calendarYear": "2010",
    "period": "Q1",
    "revenue": 14802000000,
    "costOfRevenue": 9898000000,
    "grossProfit": 4904000000,
    "grossProfitRatio": 0.3313065802,
    "researchAndDevelopmentExpenses": 0,
    "generalAndAdministrativeExpenses": 3037000000,
    "sellingAndMarketingExpenses": 274000000,
    "sellingGeneralAndAdministrativeExpenses": 3311000000,
    "otherExpenses": 435000000,
    "operatingExpenses": 3746000000,
    "costAndExpenses": 13644000000,
    "interestIncome": 0,
    "interestExpense": 0,
    "depreciationAndAmortization": 435000000,
    "ebitda": 435000000,
    "ebitdaratio": 0.0293879206,
    "operatingIncome": 1158000000,
    "operatingIncomeRatio": 0.0782326713,
    "totalOtherIncomeExpensesNet": -201000000,
    "incomeBeforeTax": 957000000,
    "incomeBeforeTaxRatio": 0.0646534252,
    "incomeTaxExpense": 355000000,
    "netIncome": 602000000,
    "netIncomeRatio": 0.0406701797,
    "eps": 0.75,
    "epsdiluted": 0.74,
    "weightedAverageShsOut": 805500000,
    "weightedAverageShsOutDil": 809600000,
    "link": "https://www.sec.gov/Archives/edgar/data/27419/000110465908037310/0001104659-08-037310-index.htm",
    "finalLink": "https://www.sec.gov/Archives/edgar/data/27419/000110465908037310/a08-11722_110q.htm"
  },
  {
    "date": "2008-02-02",
    "symbol": "TGT",
    "reportedCurrency": "USD",
    "cik": "0000027419",
    "fillingDate": "2008-03-13",
    "acceptedDate": "2008-03-13 16:24:10",
    "calendarYear": "2009",
    "period": "Q4",
    "revenue": 19871000000,
    "costOfRevenue": 13762000000,
    "grossProfit": 6109000000,
    "grossProfitRatio": 0.3074329425,
    "researchAndDevelopmentExpenses": 0,
    "generalAndAdministrativeExpenses": 3546000000,
    "sellingAndMarketingExpenses": 283000000,
    "sellingGeneralAndAdministrativeExpenses": 3829000000,
    "otherExpenses": 415000000,
    "operatingExpenses": 4263000000,
    "costAndExpenses": 18025000000,
    "interestIncome": 0,
    "interestExpense": 0,
    "depreciationAndAmortization": 434000000,
    "ebitda": 2280000000,
    "ebitdaratio": 0.1147400735,
    "operatingIncome": 1846000000,
    "operatingIncomeRatio": 0.0928991998,
    "totalOtherIncomeExpensesNet": -180000000,
    "incomeBeforeTax": 1666000000,
    "incomeBeforeTaxRatio": 0.083840773,
    "incomeTaxExpense": 638000000,
    "netIncome": 1028000000,
    "netIncomeRatio": 0.0517336823,
    "eps": 1.28,
    "epsdiluted": 1.27,
    "weightedAverageShsOut": 805500000,
    "weightedAverageShsOutDil": 809600000,
    "link": "https://www.sec.gov/Archives/edgar/data/27419/000104746908002681/0001047469-08-002681-index.htm",
    "finalLink": "https://www.sec.gov/Archives/edgar/data/27419/000104746908002681/a2183529z10-k.htm"
  },
  {
    "date": "2007-11-03",
    "symbol": "TGT",
    "reportedCurrency": "USD",
    "cik": "0000027419",
    "fillingDate": "2007-11-30",
    "acceptedDate": "2007-11-30 15:55:24",
    "calendarYear": "2009",
    "period": "Q3",
    "revenue": 14835000000,
    "costOfRevenue": 9993000000,
    "grossProfit": 4842000000,
    "grossProfitRatio": 0.3263902932,
    "researchAndDevelopmentExpenses": 0,
    "generalAndAdministrativeExpenses": 3191000000,
    "sellingAndMarketingExpenses": 264000000,
    "sellingGeneralAndAdministrativeExpenses": 3455000000,
    "otherExpenses": 387000000,
    "operatingExpenses": 3884000000,
    "costAndExpenses": 13877000000,
    "interestIncome": 0,
    "interestExpense": 958000,
    "depreciationAndAmortization": 429000000,
    "ebitda": 1387000000,
    "ebitdaratio": 0.0934951129,
    "operatingIncome": 958000000,
    "operatingIncomeRatio": 0.0645770138,
    "totalOtherIncomeExpensesNet": -177000000,
    "incomeBeforeTax": 781000000,
    "incomeBeforeTaxRatio": 0.0526457701,
    "incomeTaxExpense": 298000000,
    "netIncome": 483000000,
    "netIncomeRatio": 0.0325581395,
    "eps": 0.57,
    "epsdiluted": 0.56,
    "weightedAverageShsOut": 845600000,
    "weightedAverageShsOutDil": 851000000,
    "link": "https://www.sec.gov/Archives/edgar/data/27419/000110465907086320/0001104659-07-086320-index.htm",
    "finalLink": "https://www.sec.gov/Archives/edgar/data/27419/000110465907086320/a07-26121_110q.htm"
  },
  {
    "date": "2007-08-04",
    "symbol": "TGT",
    "reportedCurrency": "USD",
    "cik": "0000027419",
    "fillingDate": "2007-08-31",
    "acceptedDate": "2007-08-31 15:02:15",
    "calendarYear": "2009",
    "period": "Q2",
    "revenue": 14620000000,
    "costOfRevenue": 9621000000,
    "grossProfit": 4999000000,
    "grossProfitRatio": 0.3419288646,
    "researchAndDevelopmentExpenses": 0,
    "generalAndAdministrativeExpenses": 3071000000,
    "sellingAndMarketingExpenses": 257000000,
    "sellingGeneralAndAdministrativeExpenses": 3328000000,
    "otherExpenses": 329000000,
    "operatingExpenses": 3732000000,
    "costAndExpenses": 13353000000,
    "interestIncome": 0,
    "interestExpense": 1267000,
    "depreciationAndAmortization": 404000000,
    "ebitda": 1671000000,
    "ebitdaratio": 0.1142954856,
    "operatingIncome": 1267000000,
    "operatingIncomeRatio": 0.0866621067,
    "totalOtherIncomeExpensesNet": -154000000,
    "incomeBeforeTax": 1113000000,
    "incomeBeforeTaxRatio": 0.076128591,
    "incomeTaxExpense": 427000000,
    "netIncome": 686000000,
    "netIncomeRatio": 0.0469220246,
    "eps": 0.81,
    "epsdiluted": 0.8,
    "weightedAverageShsOut": 850800000,
    "weightedAverageShsOutDil": 857400000,
    "link": "https://www.sec.gov/Archives/edgar/data/27419/000110465907066514/0001104659-07-066514-index.htm",
    "finalLink": "https://www.sec.gov/Archives/edgar/data/27419/000110465907066514/a07-22786_110q.htm"
  },
  {
    "date": "2007-05-05",
    "symbol": "TGT",
    "reportedCurrency": "USD",
    "cik": "0000027419",
    "fillingDate": "2007-06-01",
    "acceptedDate": "2007-06-01 11:36:45",
    "calendarYear": "2009",
    "period": "Q1",
    "revenue": 14041000000,
    "costOfRevenue": 9356000000,
    "grossProfit": 4685000000,
    "grossProfitRatio": 0.3336656933,
    "researchAndDevelopmentExpenses": 0,
    "generalAndAdministrativeExpenses": 2863000000,
    "sellingAndMarketingExpenses": 230000000,
    "sellingGeneralAndAdministrativeExpenses": 3093000000,
    "otherExpenses": 332000000,
    "operatingExpenses": 3485000000,
    "costAndExpenses": 12841000000,
    "interestIncome": 0,
    "interestExpense": 1200000,
    "depreciationAndAmortization": 392000000,
    "ebitda": 1592000000,
    "ebitdaratio": 0.1133822377,
    "operatingIncome": 1200000000,
    "operatingIncomeRatio": 0.0854639983,
    "totalOtherIncomeExpensesNet": -136000000,
    "incomeBeforeTax": 1064000000,
    "incomeBeforeTaxRatio": 0.0757780785,
    "incomeTaxExpense": 413000000,
    "netIncome": 651000000,
    "netIncomeRatio": 0.0463642191,
    "eps": 0.76,
    "epsdiluted": 0.75,
    "weightedAverageShsOut": 855900000,
    "weightedAverageShsOutDil": 862800000,
    "link": "https://www.sec.gov/Archives/edgar/data/27419/000110465907044551/0001104659-07-044551-index.htm",
    "finalLink": "https://www.sec.gov/Archives/edgar/data/27419/000110465907044551/a07-15574_110q.htm"
  },
  {
    "date": "2007-02-03",
    "symbol": "TGT",
    "reportedCurrency": "USD",
    "cik": "0000027419",
    "fillingDate": "2007-03-15",
    "acceptedDate": "2007-03-15 15:08:50",
    "calendarYear": "2008",
    "period": "Q4",
    "revenue": 19710000000,
    "costOfRevenue": 12837000000,
    "grossProfit": 6873000000,
    "grossProfitRatio": 0.3487062405,
    "researchAndDevelopmentExpenses": 0,
    "generalAndAdministrativeExpenses": 3804000000,
    "sellingAndMarketingExpenses": 706000000,
    "sellingGeneralAndAdministrativeExpenses": 4510000000,
    "otherExpenses": -108000000,
    "operatingExpenses": 4912000000,
    "costAndExpenses": 17749000000,
    "interestIncome": 0,
    "interestExpense": 0,
    "depreciationAndAmortization": 402000000,
    "ebitda": 2363000000,
    "ebitdaratio": 0.1198883815,
    "operatingIncome": 1961000000,
    "operatingIncomeRatio": 0.0994926433,
    "totalOtherIncomeExpensesNet": -151000000,
    "incomeBeforeTax": 1810000000,
    "incomeBeforeTaxRatio": 0.0918315576,
    "incomeTaxExpense": 691000000,
    "netIncome": 1119000000,
    "netIncomeRatio": 0.0567732116,
    "eps": 1.31,
    "epsdiluted": 1.29,
    "weightedAverageShsOut": 855900000,
    "weightedAverageShsOutDil": 862800000,
    "link": "https://www.sec.gov/Archives/edgar/data/27419/000104746907001800/0001047469-07-001800-index.htm",
    "finalLink": "https://www.sec.gov/Archives/edgar/data/27419/000104746907001800/a2176656z10-k.htm"
  },
  {
    "date": "2006-10-28",
    "symbol": "TGT",
    "reportedCurrency": "USD",
    "cik": "0000027419",
    "fillingDate": "2006-12-01",
    "acceptedDate": "2006-12-01 12:33:27",
    "calendarYear": "2008",
    "period": "Q3",
    "revenue": 13570000000,
    "costOfRevenue": 9073000000,
    "grossProfit": 4497000000,
    "grossProfitRatio": 0.3313927782,
    "researchAndDevelopmentExpenses": 0,
    "generalAndAdministrativeExpenses": 3151000000,
    "sellingAndMarketingExpenses": 0,
    "sellingGeneralAndAdministrativeExpenses": 3151000000,
    "otherExpenses": 571000000,
    "operatingExpenses": 3540000000,
    "costAndExpenses": 12613000000,
    "interestIncome": 0,
    "interestExpense": 957000,
    "depreciationAndAmortization": 390000000,
    "ebitda": 1347000000,
    "ebitdaratio": 0.0992630803,
    "operatingIncome": 957000000,
    "operatingIncomeRatio": 0.070523213,
    "totalOtherIncomeExpensesNet": -149000000,
    "incomeBeforeTax": 808000000,
    "incomeBeforeTaxRatio": 0.0595431098,
    "incomeTaxExpense": 302000000,
    "netIncome": 506000000,
    "netIncomeRatio": 0.0372881356,
    "eps": 0.59,
    "epsdiluted": 0.59,
    "weightedAverageShsOut": 857800000,
    "weightedAverageShsOutDil": 864400000,
    "link": "https://www.sec.gov/Archives/edgar/data/27419/000110465906078877/0001104659-06-078877-index.htm",
    "finalLink": "https://www.sec.gov/Archives/edgar/data/27419/000110465906078877/a06-24613_110q.htm"
  },
  {
    "date": "2006-07-29",
    "symbol": "TGT",
    "reportedCurrency": "USD",
    "cik": "0000027419",
    "fillingDate": "2006-09-01",
    "acceptedDate": "2006-09-01 14:42:12",
    "calendarYear": "2008",
    "period": "Q2",
    "revenue": 13347000000,
    "costOfRevenue": 8856000000,
    "grossProfit": 4491000000,
    "grossProfitRatio": 0.3364801079,
    "researchAndDevelopmentExpenses": 0,
    "generalAndAdministrativeExpenses": 2987000000,
    "sellingAndMarketingExpenses": 0,
    "sellingGeneralAndAdministrativeExpenses": 2987000000,
    "otherExpenses": 540000000,
    "operatingExpenses": 3357000000,
    "costAndExpenses": 12213000000,
    "interestIncome": 0,
    "interestExpense": 1134000,
    "depreciationAndAmortization": 370000000,
    "ebitda": 1504000000,
    "ebitdaratio": 0.1126844984,
    "operatingIncome": 1134000000,
    "operatingIncomeRatio": 0.084962913,
    "totalOtherIncomeExpensesNet": -140000000,
    "incomeBeforeTax": 994000000,
    "incomeBeforeTaxRatio": 0.0744736645,
    "incomeTaxExpense": 385000000,
    "netIncome": 609000000,
    "netIncomeRatio": 0.0456282311,
    "eps": 0.71,
    "epsdiluted": 0.7,
    "weightedAverageShsOut": 860800000,
    "weightedAverageShsOutDil": 867200000,
    "link": "https://www.sec.gov/Archives/edgar/data/27419/000110465906059167/0001104659-06-059167-index.htm",
    "finalLink": "https://www.sec.gov/Archives/edgar/data/27419/000110465906059167/a06-17279_110q.htm"
  },
  {
    "date": "2006-04-29",
    "symbol": "TGT",
    "reportedCurrency": "USD",
    "cik": "0000027419",
    "fillingDate": "2006-06-02",
    "acceptedDate": "2006-06-02 15:28:49",
    "calendarYear": "2008",
    "period": "Q1",
    "revenue": 12863000000,
    "costOfRevenue": 8633000000,
    "grossProfit": 4230000000,
    "grossProfitRatio": 0.3288501905,
    "researchAndDevelopmentExpenses": 0,
    "generalAndAdministrativeExpenses": 2879000000,
    "sellingAndMarketingExpenses": 0,
    "sellingGeneralAndAdministrativeExpenses": 2879000000,
    "otherExpenses": 494000000,
    "operatingExpenses": 3213000000,
    "costAndExpenses": 11846000000,
    "interestIncome": 0,
    "interestExpense": 1017000,
    "depreciationAndAmortization": 334000000,
    "ebitda": 1351000000,
    "ebitdaratio": 0.1050299308,
    "operatingIncome": 1017000000,
    "operatingIncomeRatio": 0.079063982,
    "totalOtherIncomeExpensesNet": -131000000,
    "incomeBeforeTax": 886000000,
    "incomeBeforeTaxRatio": 0.0688797326,
    "incomeTaxExpense": 332000000,
    "netIncome": 554000000,
    "netIncomeRatio": 0.0430692684,
    "eps": 0.64,
    "epsdiluted": 0.63,
    "weightedAverageShsOut": 870700000,
    "weightedAverageShsOutDil": 877600000,
    "link": "https://www.sec.gov/Archives/edgar/data/27419/000110465906039145/0001104659-06-039145-index.htm",
    "finalLink": "https://www.sec.gov/Archives/edgar/data/27419/000110465906039145/a06-12660_110q.htm"
  },
  {
    "date": "2006-01-28",
    "symbol": "TGT",
    "reportedCurrency": "USD",
    "cik": "0000027419",
    "fillingDate": "2006-04-10",
    "acceptedDate": "2006-04-10 16:08:14",
    "calendarYear": "2007",
    "period": "Q4",
    "revenue": 16947000000,
    "costOfRevenue": 11509000000,
    "grossProfit": 5438000000,
    "grossProfitRatio": 0.3208827521,
    "researchAndDevelopmentExpenses": 0,
    "generalAndAdministrativeExpenses": 3254000000,
    "sellingAndMarketingExpenses": 209000000,
    "sellingGeneralAndAdministrativeExpenses": 3463000000,
    "otherExpenses": 369000000,
    "operatingExpenses": 3832000000,
    "costAndExpenses": 15341000000,
    "interestIncome": 0,
    "interestExpense": 0,
    "depreciationAndAmortization": 369000000,
    "ebitda": 1975000000,
    "ebitdaratio": 0.1165398006,
    "operatingIncome": 1606000000,
    "operatingIncomeRatio": 0.0947660353,
    "totalOtherIncomeExpensesNet": -124000000,
    "incomeBeforeTax": 1482000000,
    "incomeBeforeTaxRatio": 0.087449106,
    "incomeTaxExpense": 543000000,
    "netIncome": 939000000,
    "netIncomeRatio": 0.0554080368,
    "eps": 1.08,
    "epsdiluted": 1.07,
    "weightedAverageShsOut": 870700000,
    "weightedAverageShsOutDil": 877600000,
    "link": "https://www.sec.gov/Archives/edgar/data/27419/000110465906024036/0001104659-06-024036-index.htm",
    "finalLink": "https://www.sec.gov/Archives/edgar/data/27419/000110465906024036/a06-2369_110k.htm"
  },
  {
    "date": "2005-10-29",
    "symbol": "TGT",
    "reportedCurrency": "USD",
    "cik": "0000027419",
    "fillingDate": "2005-12-02",
    "acceptedDate": "2005-12-02 16:07:46",
    "calendarYear": "2007",
    "period": "Q3",
    "revenue": 12206000000,
    "costOfRevenue": 8034000000,
    "grossProfit": 4172000000,
    "grossProfitRatio": 0.3417991152,
    "researchAndDevelopmentExpenses": 0,
    "generalAndAdministrativeExpenses": 2786000000,
    "sellingAndMarketingExpenses": 201000000,
    "sellingGeneralAndAdministrativeExpenses": 2987000000,
    "otherExpenses": 354000000,
    "operatingExpenses": 3341000000,
    "costAndExpenses": 11375000000,
    "interestIncome": 0,
    "interestExpense": 831000,
    "depreciationAndAmortization": 354000000,
    "ebitda": 1185000000,
    "ebitdaratio": 0.0970834016,
    "operatingIncome": 831000000,
    "operatingIncomeRatio": 0.0680812715,
    "totalOtherIncomeExpensesNet": -118000000,
    "incomeBeforeTax": 713000000,
    "incomeBeforeTaxRatio": 0.0584138948,
    "incomeTaxExpense": 278000000,
    "netIncome": 435000000,
    "netIncomeRatio": 0.0356382107,
    "eps": 0.49,
    "epsdiluted": 0.49,
    "weightedAverageShsOut": 881200000,
    "weightedAverageShsOutDil": 887000000,
    "link": "https://www.sec.gov/Archives/edgar/data/27419/000110465905058862/0001104659-05-058862-index.htm",
    "finalLink": "https://www.sec.gov/Archives/edgar/data/27419/000110465905058862/a05-20846_110q.htm"
  },
  {
    "date": "2005-07-30",
    "symbol": "TGT",
    "reportedCurrency": "USD",
    "cik": "0000027419",
    "fillingDate": "2005-09-02",
    "acceptedDate": "2005-09-02 09:46:07",
    "calendarYear": "2007",
    "period": "Q2",
    "revenue": 11990000000,
    "costOfRevenue": 8015000000,
    "grossProfit": 3975000000,
    "grossProfitRatio": 0.3315262719,
    "researchAndDevelopmentExpenses": 0,
    "generalAndAdministrativeExpenses": 2650000000,
    "sellingAndMarketingExpenses": 0,
    "sellingGeneralAndAdministrativeExpenses": 2650000000,
    "otherExpenses": 533000000,
    "operatingExpenses": 2996000000,
    "costAndExpenses": 11011000000,
    "interestIncome": 0,
    "interestExpense": 0,
    "depreciationAndAmortization": 346000000,
    "ebitda": 1325000000,
    "ebitdaratio": 0.1105087573,
    "operatingIncome": 979000000,
    "operatingIncomeRatio": 0.0816513761,
    "totalOtherIncomeExpensesNet": -110000000,
    "incomeBeforeTax": 869000000,
    "incomeBeforeTaxRatio": 0.0724770642,
    "incomeTaxExpense": 329000000,
    "netIncome": 540000000,
    "netIncomeRatio": 0.0450375313,
    "eps": 0.61,
    "epsdiluted": 0.61,
    "weightedAverageShsOut": 883300000,
    "weightedAverageShsOutDil": 891200000,
    "link": "https://www.sec.gov/Archives/edgar/data/27419/000110465905042625/0001104659-05-042625-index.htm",
    "finalLink": "https://www.sec.gov/Archives/edgar/data/27419/000110465905042625/a05-15499_110q.htm"
  },
  {
    "date": "2005-04-30",
    "symbol": "TGT",
    "reportedCurrency": "USD",
    "cik": "0000027419",
    "fillingDate": "2005-06-03",
    "acceptedDate": "2005-06-03 12:20:37",
    "calendarYear": "2007",
    "period": "Q1",
    "revenue": 11477000000,
    "costOfRevenue": 7556000000,
    "grossProfit": 3921000000,
    "grossProfitRatio": 0.3416398013,
    "researchAndDevelopmentExpenses": 0,
    "generalAndAdministrativeExpenses": 2674000000,
    "sellingAndMarketingExpenses": 0,
    "sellingGeneralAndAdministrativeExpenses": 2674000000,
    "otherExpenses": 340000000,
    "operatingExpenses": 3014000000,
    "costAndExpenses": 10570000000,
    "interestIncome": 0,
    "interestExpense": 907000,
    "depreciationAndAmortization": 340000000,
    "ebitda": 1247000000,
    "ebitdaratio": 0.1086520868,
    "operatingIncome": 907000000,
    "operatingIncomeRatio": 0.0790276205,
    "totalOtherIncomeExpensesNet": -111000000,
    "incomeBeforeTax": 796000000,
    "incomeBeforeTaxRatio": 0.0693561035,
    "incomeTaxExpense": 302000000,
    "netIncome": 494000000,
    "netIncomeRatio": 0.043042607,
    "eps": 0.56,
    "epsdiluted": 0.55,
    "weightedAverageShsOut": 887000000,
    "weightedAverageShsOutDil": 893500000,
    "link": "https://www.sec.gov/Archives/edgar/data/27419/000110465905026703/0001104659-05-026703-index.htm",
    "finalLink": "https://www.sec.gov/Archives/edgar/data/27419/000110465905026703/a05-8469_110q.htm"
  },
  {
    "date": "2005-01-29",
    "symbol": "TGT",
    "reportedCurrency": "USD",
    "cik": "0000027419",
    "fillingDate": "2005-04-11",
    "acceptedDate": "2005-04-11 17:15:04",
    "calendarYear": "2006",
    "period": "Q4",
    "revenue": 15194000000,
    "costOfRevenue": 10348000000,
    "grossProfit": 4846000000,
    "grossProfitRatio": 0.3189416875,
    "researchAndDevelopmentExpenses": 0,
    "generalAndAdministrativeExpenses": 2888000000,
    "sellingAndMarketingExpenses": 235000000,
    "sellingGeneralAndAdministrativeExpenses": 3123000000,
    "otherExpenses": 314000000,
    "operatingExpenses": 3467000000,
    "costAndExpenses": 13815000000,
    "interestIncome": 0,
    "interestExpense": 0,
    "depreciationAndAmortization": 344000000,
    "ebitda": 1723000000,
    "ebitdaratio": 0.1134000263,
    "operatingIncome": 1379000000,
    "operatingIncomeRatio": 0.0907595103,
    "totalOtherIncomeExpensesNet": -107000000,
    "incomeBeforeTax": 1272000000,
    "incomeBeforeTaxRatio": 0.0837172568,
    "incomeTaxExpense": 481000000,
    "netIncome": 807000000,
    "netIncomeRatio": 0.0531130709,
    "eps": 0.93,
    "epsdiluted": 0.92,
    "weightedAverageShsOut": 887000000,
    "weightedAverageShsOutDil": 893500000,
    "link": "https://www.sec.gov/Archives/edgar/data/27419/000110465905015954/0001104659-05-015954-index.htm",
    "finalLink": "https://www.sec.gov/Archives/edgar/data/27419/000110465905015954/a05-4599_110k.htm"
  },
  {
    "date": "2004-10-30",
    "symbol": "TGT",
    "reportedCurrency": "USD",
    "cik": "0000027419",
    "fillingDate": "2004-12-03",
    "acceptedDate": "2004-12-03 16:45:30",
    "calendarYear": "2006",
    "period": "Q3",
    "revenue": 10909000000,
    "costOfRevenue": 7319000000,
    "grossProfit": 3590000000,
    "grossProfitRatio": 0.3290860757,
    "researchAndDevelopmentExpenses": 0,
    "generalAndAdministrativeExpenses": 2448000000,
    "sellingAndMarketingExpenses": 174000000,
    "sellingGeneralAndAdministrativeExpenses": 2622000000,
    "otherExpenses": 335000000,
    "operatingExpenses": 2946000000,
    "costAndExpenses": 10265000000,
    "interestIncome": 0,
    "interestExpense": 644000,
    "depreciationAndAmortization": 324000000,
    "ebitda": 968000000,
    "ebitdaratio": 0.0887340728,
    "operatingIncome": 644000000,
    "operatingIncomeRatio": 0.0590338253,
    "totalOtherIncomeExpensesNet": -113000000,
    "incomeBeforeTax": 531000000,
    "incomeBeforeTaxRatio": 0.0486754056,
    "incomeTaxExpense": 201000000,
    "netIncome": 537000000,
    "netIncomeRatio": 0.0492254102,
    "eps": 0.59,
    "epsdiluted": 0.59,
    "weightedAverageShsOut": 896000000,
    "weightedAverageShsOutDil": 905000000,
    "link": "https://www.sec.gov/Archives/edgar/data/27419/000110465904038358/0001104659-04-038358-index.htm",
    "finalLink": "https://www.sec.gov/Archives/edgar/data/27419/000110465904038358/a04-14165_110q.htm"
  },
  {
    "date": "2004-07-31",
    "symbol": "TGT",
    "reportedCurrency": "USD",
    "cik": "0000027419",
    "fillingDate": "2004-09-03",
    "acceptedDate": "2004-09-03 14:58:40",
    "calendarYear": "2006",
    "period": "Q2",
    "revenue": 10556000000,
    "costOfRevenue": 7009000000,
    "grossProfit": 3547000000,
    "grossProfitRatio": 0.3360174308,
    "researchAndDevelopmentExpenses": 0,
    "generalAndAdministrativeExpenses": 2453000000,
    "sellingAndMarketingExpenses": 0,
    "sellingGeneralAndAdministrativeExpenses": 2453000000,
    "otherExpenses": 299000000,
    "operatingExpenses": 2752000000,
    "costAndExpenses": 9761000000,
    "interestIncome": 0,
    "interestExpense": 795000000,
    "depreciationAndAmortization": 246000000,
    "ebitda": 1094000000,
    "ebitdaratio": 0.1036377416,
    "operatingIncome": 795000000,
    "operatingIncomeRatio": 0.0753126184,
    "totalOtherIncomeExpensesNet": -216000000,
    "incomeBeforeTax": 588000000,
    "incomeBeforeTaxRatio": 0.0557029178,
    "incomeTaxExpense": 222000000,
    "netIncome": 1416000000,
    "netIncomeRatio": 0.1341417203,
    "eps": 1.55,
    "epsdiluted": 1.53,
    "weightedAverageShsOut": 911500000,
    "weightedAverageShsOutDil": 919200000,
    "link": "https://www.sec.gov/Archives/edgar/data/27419/000110465904026876/0001104659-04-026876-index.htm",
    "finalLink": "https://www.sec.gov/Archives/edgar/data/27419/000110465904026876/a04-10061_110q.htm"
  },
  {
    "date": "2004-05-01",
    "symbol": "TGT",
    "reportedCurrency": "USD",
    "cik": "0000027419",
    "fillingDate": "2004-06-02",
    "acceptedDate": "2004-06-02 09:44:37",
    "calendarYear": "2006",
    "period": "Q1",
    "revenue": 11587000000,
    "costOfRevenue": 7556000000,
    "grossProfit": 4031000000,
    "grossProfitRatio": 0.3478898766,
    "researchAndDevelopmentExpenses": 0,
    "generalAndAdministrativeExpenses": 2172000000,
    "sellingAndMarketingExpenses": 666000000,
    "sellingGeneralAndAdministrativeExpenses": 2838000000,
    "otherExpenses": -200000000,
    "operatingExpenses": 3183000000,
    "costAndExpenses": 10739000000,
    "interestIncome": 0,
    "interestExpense": 144000,
    "depreciationAndAmortization": 345000000,
    "ebitda": 1193000000,
    "ebitdaratio": 0.102960214,
    "operatingIncome": 848000000,
    "operatingIncomeRatio": 0.0731854665,
    "totalOtherIncomeExpensesNet": -143000000,
    "incomeBeforeTax": 704000000,
    "incomeBeforeTaxRatio": 0.0607577457,
    "incomeTaxExpense": 266000000,
    "netIncome": 438000000,
    "netIncomeRatio": 0.0378009839,
    "eps": 0.47,
    "epsdiluted": 0.47,
    "weightedAverageShsOut": 912600000,
    "weightedAverageShsOutDil": 921400000,
    "link": "https://www.sec.gov/Archives/edgar/data/27419/000104746904019088/0001047469-04-019088-index.htm",
    "finalLink": "https://www.sec.gov/Archives/edgar/data/27419/000104746904019088/a2137550z10-q.htm"
  },
  {
    "date": "2004-01-31",
    "symbol": "TGT",
    "reportedCurrency": "USD",
    "cik": "0000027419",
    "fillingDate": "2004-04-05",
    "acceptedDate": "2004-04-05 16:06:32",
    "calendarYear": "2005",
    "period": "Q4",
    "revenue": 15571000000,
    "costOfRevenue": 10404000000,
    "grossProfit": 5167000000,
    "grossProfitRatio": 0.3318348211,
    "researchAndDevelopmentExpenses": 0,
    "generalAndAdministrativeExpenses": 3355000000,
    "sellingAndMarketingExpenses": 0,
    "sellingGeneralAndAdministrativeExpenses": 3355000000,
    "otherExpenses": 344000000,
    "operatingExpenses": 3699000000,
    "costAndExpenses": 14103000000,
    "interestIncome": 0,
    "interestExpense": 0,
    "depreciationAndAmortization": 344000000,
    "ebitda": 1812000000,
    "ebitdaratio": 0.1163701753,
    "operatingIncome": 1468000000,
    "operatingIncomeRatio": 0.0942778242,
    "totalOtherIncomeExpensesNet": -130000000,
    "incomeBeforeTax": 1338000000,
    "incomeBeforeTaxRatio": 0.0859289705,
    "incomeTaxExpense": 506000000,
    "netIncome": 832000000,
    "netIncomeRatio": 0.0534326633,
    "eps": 0.91,
    "epsdiluted": 0.9,
    "weightedAverageShsOut": 912600000,
    "weightedAverageShsOutDil": 920500000,
    "link": "https://www.sec.gov/Archives/edgar/data/27419/000104746904010838/0001047469-04-010838-index.htm",
    "finalLink": "https://www.sec.gov/Archives/edgar/data/27419/000104746904010838/a2130364z10-k.htm"
  },
  {
    "date": "2003-11-01",
    "symbol": "TGT",
    "reportedCurrency": "USD",
    "cik": "0000027419",
    "fillingDate": "2003-12-09",
    "acceptedDate": "2003-12-09 10:34:24",
    "calendarYear": "2005",
    "period": "Q3",
    "revenue": 11286000000,
    "costOfRevenue": 7444000000,
    "grossProfit": 3842000000,
    "grossProfitRatio": 0.3404217615,
    "researchAndDevelopmentExpenses": 0,
    "generalAndAdministrativeExpenses": 2202000000,
    "sellingAndMarketingExpenses": 698000000,
    "sellingGeneralAndAdministrativeExpenses": 2900000000,
    "otherExpenses": -241000000,
    "operatingExpenses": 3230000000,
    "costAndExpenses": 10674000000,
    "interestIncome": 0,
    "interestExpense": 131000,
    "depreciationAndAmortization": 330000000,
    "ebitda": 942000000,
    "ebitdaratio": 0.0834662414,
    "operatingIncome": 612000000,
    "operatingIncomeRatio": 0.0542264753,
    "totalOtherIncomeExpensesNet": -131000000,
    "incomeBeforeTax": 481000000,
    "incomeBeforeTaxRatio": 0.0426191742,
    "incomeTaxExpense": 179000000,
    "netIncome": 302000000,
    "netIncomeRatio": 0.0267588162,
    "eps": 0.33,
    "epsdiluted": 0.33,
    "weightedAverageShsOut": 911300000,
    "weightedAverageShsOutDil": 918000000,
    "link": "https://www.sec.gov/Archives/edgar/data/27419/000104746903039810/0001047469-03-039810-index.htm",
    "finalLink": "https://www.sec.gov/Archives/edgar/data/27419/000104746903039810/a2124061z10-q.htm"
  },
  {
    "date": "2003-08-02",
    "symbol": "TGT",
    "reportedCurrency": "USD",
    "cik": "0000027419",
    "fillingDate": "2003-09-10",
    "acceptedDate": "2003-09-10 16:44:38",
    "calendarYear": "2005",
    "period": "Q2",
    "revenue": 10984000000,
    "costOfRevenue": 7245000000,
    "grossProfit": 3739000000,
    "grossProfitRatio": 0.3404042243,
    "researchAndDevelopmentExpenses": 0,
    "generalAndAdministrativeExpenses": 2010000000,
    "sellingAndMarketingExpenses": 666000000,
    "sellingGeneralAndAdministrativeExpenses": 2676000000,
    "otherExpenses": -217000000,
    "operatingExpenses": 3005000000,
    "costAndExpenses": 10250000000,
    "interestIncome": 0,
    "interestExpense": 156000,
    "depreciationAndAmortization": 329000000,
    "ebitda": 959000000,
    "ebitdaratio": 0.0873088128,
    "operatingIncome": 734000000,
    "operatingIncomeRatio": 0.066824472,
    "totalOtherIncomeExpensesNet": -154000000,
    "incomeBeforeTax": 578000000,
    "incomeBeforeTaxRatio": 0.0526219956,
    "incomeTaxExpense": 220000000,
    "netIncome": 358000000,
    "netIncomeRatio": 0.0325928623,
    "eps": 0.39,
    "epsdiluted": 0.39,
    "weightedAverageShsOut": 910800000,
    "weightedAverageShsOutDil": 918100000,
    "link": "https://www.sec.gov/Archives/edgar/data/27419/000104746903030304/0001047469-03-030304-index.htm",
    "finalLink": "https://www.sec.gov/Archives/edgar/data/27419/000104746903030304/a2118182z10-q.htm"
  },
  {
    "date": "2003-05-03",
    "symbol": "TGT",
    "reportedCurrency": "USD",
    "cik": "0000027419",
    "fillingDate": "2003-06-04",
    "acceptedDate": "2003-06-04 13:02:26",
    "calendarYear": "2005",
    "period": "Q1",
    "revenue": 10322000000,
    "costOfRevenue": 6764000000,
    "grossProfit": 3558000000,
    "grossProfitRatio": 0.3447006394,
    "researchAndDevelopmentExpenses": 0,
    "generalAndAdministrativeExpenses": 1877000000,
    "sellingAndMarketingExpenses": 659000000,
    "sellingGeneralAndAdministrativeExpenses": 2536000000,
    "otherExpenses": -223000000,
    "operatingExpenses": 2853000000,
    "costAndExpenses": 9617000000,
    "interestIncome": 0,
    "interestExpense": 142000,
    "depreciationAndAmortization": 317000000,
    "ebitda": 1022000000,
    "ebitdaratio": 0.0990118194,
    "operatingIncome": 705000000,
    "operatingIncomeRatio": 0.0683007169,
    "totalOtherIncomeExpensesNet": -142000000,
    "incomeBeforeTax": 563000000,
    "incomeBeforeTaxRatio": 0.0545436931,
    "incomeTaxExpense": 214000000,
    "netIncome": 349000000,
    "netIncomeRatio": 0.0338112769,
    "eps": 0.38,
    "epsdiluted": 0.38,
    "weightedAverageShsOut": 910300000,
    "weightedAverageShsOutDil": 915100000,
    "link": "https://www.sec.gov/Archives/edgar/data/27419/000104746903020491/0001047469-03-020491-index.htm",
    "finalLink": "https://www.sec.gov/Archives/edgar/data/27419/000104746903020491/a2112298z10-q.htm"
  },
  {
    "date": "2003-02-01",
    "symbol": "TGT",
    "reportedCurrency": "USD",
    "cik": "0000027419",
    "fillingDate": "2003-04-14",
    "acceptedDate": "2003-04-14 13:34:06",
    "calendarYear": "2004",
    "period": "Q4",
    "revenue": 14061000000,
    "costOfRevenue": 9562000000,
    "grossProfit": 4499000000,
    "grossProfitRatio": 0.3199630183,
    "researchAndDevelopmentExpenses": 0,
    "generalAndAdministrativeExpenses": 2676000000,
    "sellingAndMarketingExpenses": 233000000,
    "sellingGeneralAndAdministrativeExpenses": 2909000000,
    "otherExpenses": 323000000,
    "operatingExpenses": 3232000000,
    "costAndExpenses": 12794000000,
    "interestIncome": 0,
    "interestExpense": 0,
    "depreciationAndAmortization": 323000000,
    "ebitda": 1590000000,
    "ebitdaratio": 0.1130787284,
    "operatingIncome": 1267000000,
    "operatingIncomeRatio": 0.0901073892,
    "totalOtherIncomeExpensesNet": -154000000,
    "incomeBeforeTax": 1113000000,
    "incomeBeforeTaxRatio": 0.0791551099,
    "incomeTaxExpense": 425000000,
    "netIncome": 688000000,
    "netIncomeRatio": 0.0489296636,
    "eps": 0.76,
    "epsdiluted": 0.75,
    "weightedAverageShsOut": 910300000,
    "weightedAverageShsOutDil": 915100000,
    "link": "https://www.sec.gov/Archives/edgar/data/27419/000104746903013199/0001047469-03-013199-index.htm",
    "finalLink": "https://www.sec.gov/Archives/edgar/data/27419/000104746903013199/a2105670z10-k.htm"
  },
  {
    "date": "2002-11-02",
    "symbol": "TGT",
    "reportedCurrency": "USD",
    "cik": "0000027419",
    "fillingDate": "2002-12-10",
    "acceptedDate": "2002-12-10 15:31:09",
    "calendarYear": "2004",
    "period": "Q3",
    "revenue": 10194000000,
    "costOfRevenue": 6736000000,
    "grossProfit": 3458000000,
    "grossProfitRatio": 0.3392191485,
    "researchAndDevelopmentExpenses": 0,
    "generalAndAdministrativeExpenses": 2364000000,
    "sellingAndMarketingExpenses": 196000000,
    "sellingGeneralAndAdministrativeExpenses": 2560000000,
    "otherExpenses": 305000000,
    "operatingExpenses": 2865000000,
    "costAndExpenses": 9601000000,
    "interestIncome": 0,
    "interestExpense": 145000,
    "depreciationAndAmortization": 305000000,
    "ebitda": 898000000,
    "ebitdaratio": 0.0880910339,
    "operatingIncome": 593000000,
    "operatingIncomeRatio": 0.0581714734,
    "totalOtherIncomeExpensesNet": -145000000,
    "incomeBeforeTax": 448000000,
    "incomeBeforeTaxRatio": 0.0439474201,
    "incomeTaxExpense": 171000000,
    "netIncome": 277000000,
    "netIncomeRatio": 0.0271728468,
    "eps": 0.31,
    "epsdiluted": 0.3,
    "weightedAverageShsOut": 908500000,
    "weightedAverageShsOutDil": 914000000,
    "link": "https://www.sec.gov/Archives/edgar/data/27419/000104746902006380/0001047469-02-006380-index.htm",
    "finalLink": "https://www.sec.gov/Archives/edgar/data/27419/000104746902006380/a2095337z10-q.htm"
  },
  {
    "date": "2002-08-03",
    "symbol": "TGT",
    "reportedCurrency": "USD",
    "cik": "0000027419",
    "fillingDate": "2002-09-13",
    "acceptedDate": "2002-09-13 14:07:16",
    "calendarYear": "2004",
    "period": "Q2",
    "revenue": 10068000000,
    "costOfRevenue": 6640000000,
    "grossProfit": 3428000000,
    "grossProfitRatio": 0.340484704,
    "researchAndDevelopmentExpenses": 0,
    "generalAndAdministrativeExpenses": 2249000000,
    "sellingAndMarketingExpenses": 171000000,
    "sellingGeneralAndAdministrativeExpenses": 2420000000,
    "otherExpenses": 295000000,
    "operatingExpenses": 2715000000,
    "costAndExpenses": 9355000000,
    "interestIncome": 0,
    "interestExpense": 154000,
    "depreciationAndAmortization": 295000000,
    "ebitda": 1008000000,
    "ebitdaratio": 0.1001191895,
    "operatingIncome": 713000000,
    "operatingIncomeRatio": 0.0708184346,
    "totalOtherIncomeExpensesNet": -154000000,
    "incomeBeforeTax": 559000000,
    "incomeBeforeTaxRatio": 0.0555224474,
    "incomeTaxExpense": 215000000,
    "netIncome": 344000000,
    "netIncomeRatio": 0.0341676599,
    "eps": 0.38,
    "epsdiluted": 0.38,
    "weightedAverageShsOut": 907900000,
    "weightedAverageShsOutDil": 913000000,
    "link": "https://www.sec.gov/Archives/edgar/data/27419/000091205702035461/0000912057-02-035461-index.htm",
    "finalLink": "https://www.sec.gov/Archives/edgar/data/27419/000091205702035461/a2089176z10-q.htm"
  },
  {
    "date": "2002-05-04",
    "symbol": "TGT",
    "reportedCurrency": "USD",
    "cik": "0000027419",
    "fillingDate": "2002-06-12",
    "acceptedDate": "2002-06-12 16:05:57",
    "calendarYear": "2004",
    "period": "Q1",
    "revenue": 9594000000,
    "costOfRevenue": 6322000000,
    "grossProfit": 3272000000,
    "grossProfitRatio": 0.3410464874,
    "researchAndDevelopmentExpenses": 0,
    "generalAndAdministrativeExpenses": 2127000000,
    "sellingAndMarketingExpenses": 165000000,
    "sellingGeneralAndAdministrativeExpenses": 2292000000,
    "otherExpenses": 289000000,
    "operatingExpenses": 2581000000,
    "costAndExpenses": 8903000000,
    "interestIncome": 0,
    "interestExpense": 135000,
    "depreciationAndAmortization": 289000000,
    "ebitda": 980000000,
    "ebitdaratio": 0.1021471753,
    "operatingIncome": 691000000,
    "operatingIncomeRatio": 0.0720241818,
    "totalOtherIncomeExpensesNet": -135000000,
    "incomeBeforeTax": 556000000,
    "incomeBeforeTaxRatio": 0.0579528872,
    "incomeTaxExpense": 211000000,
    "netIncome": 345000000,
    "netIncomeRatio": 0.035959975,
    "eps": 0.38,
    "epsdiluted": 0.38,
    "weightedAverageShsOut": 906400000,
    "weightedAverageShsOutDil": 914700000,
    "link": "https://www.sec.gov/Archives/edgar/data/27419/000091205702023968/0000912057-02-023968-index.htm",
    "finalLink": "https://www.sec.gov/Archives/edgar/data/27419/000091205702023968/a2082130z10-q.htm"
  },
  {
    "date": "2002-02-02",
    "symbol": "TGT",
    "reportedCurrency": "USD",
    "cik": "0000027419",
    "fillingDate": "2002-04-15",
    "acceptedDate": "2002-04-15 00:00:00",
    "calendarYear": "2003",
    "period": "Q4",
    "revenue": 13237000000,
    "costOfRevenue": 9150000000,
    "grossProfit": 4087000000,
    "grossProfitRatio": 0.3087557604,
    "researchAndDevelopmentExpenses": 0,
    "generalAndAdministrativeExpenses": 2457000000,
    "sellingAndMarketingExpenses": 151000000,
    "sellingGeneralAndAdministrativeExpenses": 2608000000,
    "otherExpenses": 295000000,
    "operatingExpenses": 2891000000,
    "costAndExpenses": 12041000000,
    "interestIncome": 0,
    "interestExpense": 0,
    "depreciationAndAmortization": 283000000,
    "ebitda": 1479000000,
    "ebitdaratio": 0.1117322656,
    "operatingIncome": 1196000000,
    "operatingIncomeRatio": 0.090352799,
    "totalOtherIncomeExpensesNet": -127000000,
    "incomeBeforeTax": 1069000000,
    "incomeBeforeTaxRatio": 0.08075848,
    "incomeTaxExpense": 406000000,
    "netIncome": 658000000,
    "netIncomeRatio": 0.0497091486,
    "eps": 0.73,
    "epsdiluted": 0.72,
    "weightedAverageShsOut": 906400000,
    "weightedAverageShsOutDil": 914700000,
    "link": "https://www.sec.gov/Archives/edgar/data/27419/000091205702015068/0000912057-02-015068-index.htm",
    "finalLink": "https://www.sec.gov/Archives/edgar/data/27419/000091205702015068/a2076063z10-k.htm"
  },
  {
    "date": "2001-11-03",
    "symbol": "TGT",
    "reportedCurrency": "USD",
    "cik": "0000027419",
    "fillingDate": "2001-12-13",
    "acceptedDate": "2001-12-13 00:00:00",
    "calendarYear": "2003",
    "period": "Q3",
    "revenue": 9354000000,
    "costOfRevenue": 6374000000,
    "grossProfit": 2980000000,
    "grossProfitRatio": 0.3185802865,
    "researchAndDevelopmentExpenses": 0,
    "generalAndAdministrativeExpenses": 2143000000,
    "sellingAndMarketingExpenses": 136000000,
    "sellingGeneralAndAdministrativeExpenses": 2279000000,
    "otherExpenses": 295000000,
    "operatingExpenses": 2560000000,
    "costAndExpenses": 8934000000,
    "interestIncome": 0,
    "interestExpense": 122000,
    "depreciationAndAmortization": 281000000,
    "ebitda": 701000000,
    "ebitdaratio": 0.0749412016,
    "operatingIncome": 420000000,
    "operatingIncomeRatio": 0.0449005773,
    "totalOtherIncomeExpensesNet": -122000000,
    "incomeBeforeTax": 298000000,
    "incomeBeforeTaxRatio": 0.0318580287,
    "incomeTaxExpense": 113000000,
    "netIncome": 185000000,
    "netIncomeRatio": 0.0197776352,
    "eps": 0.2,
    "epsdiluted": 0.2,
    "weightedAverageShsOut": 902300000,
    "weightedAverageShsOutDil": 908300000,
    "link": "https://www.sec.gov/Archives/edgar/data/27419/000091205701543049/0000912057-01-543049-index.htm",
    "finalLink": "https://www.sec.gov/Archives/edgar/data/27419/000091205701543049/a2065860z10-q.htm"
  },
  {
    "date": "2001-08-04",
    "symbol": "TGT",
    "reportedCurrency": "USD",
    "cik": "0000027419",
    "fillingDate": "2001-09-13",
    "acceptedDate": "2001-09-13 00:00:00",
    "calendarYear": "2003",
    "period": "Q2",
    "revenue": 8952000000,
    "costOfRevenue": 6100000000,
    "grossProfit": 2852000000,
    "grossProfitRatio": 0.318588025,
    "researchAndDevelopmentExpenses": 0,
    "generalAndAdministrativeExpenses": 1974000000,
    "sellingAndMarketingExpenses": 71000000,
    "sellingGeneralAndAdministrativeExpenses": 2045000000,
    "otherExpenses": 266000000,
    "operatingExpenses": 2304000000,
    "costAndExpenses": 8404000000,
    "interestIncome": 0,
    "interestExpense": 109000,
    "depreciationAndAmortization": 259000000,
    "ebitda": 807000000,
    "ebitdaratio": 0.0901474531,
    "operatingIncome": 548000000,
    "operatingIncomeRatio": 0.0612153709,
    "totalOtherIncomeExpensesNet": -109000000,
    "incomeBeforeTax": 439000000,
    "incomeBeforeTaxRatio": 0.0490393208,
    "incomeTaxExpense": 167000000,
    "netIncome": 271000000,
    "netIncomeRatio": 0.0302725648,
    "eps": 0.3,
    "epsdiluted": 0.3,
    "weightedAverageShsOut": 901000000,
    "weightedAverageShsOutDil": 908900000,
    "link": "https://www.sec.gov/Archives/edgar/data/27419/000091205701532112/0000912057-01-532112-index.htm",
    "finalLink": "https://www.sec.gov/Archives/edgar/data/27419/000091205701532112/a2059183z10-q.htm"
  },
  {
    "date": "2001-05-05",
    "symbol": "TGT",
    "reportedCurrency": "USD",
    "cik": "0000027419",
    "fillingDate": "2001-06-15",
    "acceptedDate": "2001-06-15 00:00:00",
    "calendarYear": "2003",
    "period": "Q1",
    "revenue": 8345000000,
    "costOfRevenue": 5622000000,
    "grossProfit": 2723000000,
    "grossProfitRatio": 0.3263031756,
    "researchAndDevelopmentExpenses": 0,
    "generalAndAdministrativeExpenses": 1887000000,
    "sellingAndMarketingExpenses": 64000000,
    "sellingGeneralAndAdministrativeExpenses": 1951000000,
    "otherExpenses": 264000000,
    "operatingExpenses": 2207000000,
    "costAndExpenses": 7829000000,
    "interestIncome": 0,
    "interestExpense": 106000,
    "depreciationAndAmortization": 256000000,
    "ebitda": 772000000,
    "ebitdaratio": 0.0925104853,
    "operatingIncome": 516000000,
    "operatingIncomeRatio": 0.0618334332,
    "totalOtherIncomeExpensesNet": -106000000,
    "incomeBeforeTax": 410000000,
    "incomeBeforeTaxRatio": 0.0491312163,
    "incomeTaxExpense": 156000000,
    "netIncome": 254000000,
    "netIncomeRatio": 0.0304373877,
    "eps": 0.28,
    "epsdiluted": 0.28,
    "weightedAverageShsOut": 899000000,
    "weightedAverageShsOutDil": 908500000,
    "link": "https://www.sec.gov/Archives/edgar/data/27419/000091205701520033/0000912057-01-520033-index.htm",
    "finalLink": "https://www.sec.gov/Archives/edgar/data/27419/000091205701520033/a2051790z10-q.htm"
  },
  {
    "date": "2001-02-03",
    "symbol": "TGT",
    "reportedCurrency": "USD",
    "cik": "0000027419",
    "fillingDate": "2001-04-16",
    "acceptedDate": "2001-04-16 00:00:00",
    "calendarYear": "2002",
    "period": "Q4",
    "revenue": 12324000000,
    "costOfRevenue": 8639000000,
    "grossProfit": 3685000000,
    "grossProfitRatio": 0.2990100617,
    "researchAndDevelopmentExpenses": 0,
    "generalAndAdministrativeExpenses": 2422000000,
    "sellingAndMarketingExpenses": 0,
    "sellingGeneralAndAdministrativeExpenses": 2422000000,
    "otherExpenses": 247000000,
    "operatingExpenses": 2669000000,
    "costAndExpenses": 11308000000,
    "interestIncome": 0,
    "interestExpense": 0,
    "depreciationAndAmortization": 247000000,
    "ebitda": 1263000000,
    "ebitdaratio": 0.1024829601,
    "operatingIncome": 1016000000,
    "operatingIncomeRatio": 0.082440766,
    "totalOtherIncomeExpensesNet": -121000000,
    "incomeBeforeTax": 895000000,
    "incomeBeforeTaxRatio": 0.0726225252,
    "incomeTaxExpense": 343000000,
    "netIncome": 552000000,
    "netIncomeRatio": 0.0447906524,
    "eps": 0.61,
    "epsdiluted": 0.61,
    "weightedAverageShsOut": 899000000,
    "weightedAverageShsOutDil": 908500000,
    "link": "https://www.sec.gov/Archives/edgar/data/27419/000091205701508754/0000912057-01-508754-index.htm",
    "finalLink": "https://www.sec.gov/Archives/edgar/data/27419/000091205701508754/a2040678z10-k.htm"
  },
  {
    "date": "2000-10-28",
    "symbol": "TGT",
    "reportedCurrency": "USD",
    "cik": "0000027419",
    "fillingDate": "2000-12-06",
    "acceptedDate": "2000-12-06 00:00:00",
    "calendarYear": "2002",
    "period": "Q3",
    "revenue": 8582000000,
    "costOfRevenue": 5860000000,
    "grossProfit": 2722000000,
    "grossProfitRatio": 0.3171754836,
    "researchAndDevelopmentExpenses": 0,
    "generalAndAdministrativeExpenses": 2024000000,
    "sellingAndMarketingExpenses": 0,
    "sellingGeneralAndAdministrativeExpenses": 2024000000,
    "otherExpenses": 239000000,
    "operatingExpenses": 2263000000,
    "costAndExpenses": 8123000000,
    "interestIncome": 0,
    "interestExpense": 108000,
    "depreciationAndAmortization": 239000000,
    "ebitda": 698000000,
    "ebitdaratio": 0.0813330226,
    "operatingIncome": 459000000,
    "operatingIncomeRatio": 0.0534840364,
    "totalOtherIncomeExpensesNet": -108000000,
    "incomeBeforeTax": 351000000,
    "incomeBeforeTaxRatio": 0.0408995572,
    "incomeTaxExpense": 135000000,
    "netIncome": 217000000,
    "netIncomeRatio": 0.0252854812,
    "eps": 0.24,
    "epsdiluted": 0.24,
    "weightedAverageShsOut": 900400000,
    "weightedAverageShsOutDil": 907800000,
    "link": "https://www.sec.gov/Archives/edgar/data/27419/000091205700052351/0000912057-00-052351-index.htm",
    "finalLink": "https://www.sec.gov/Archives/edgar/data/27419/000091205700052351/a2032423z10-q.htm"
  },
  {
    "date": "2000-07-29",
    "symbol": "TGT",
    "reportedCurrency": "USD",
    "cik": "0000027419",
    "fillingDate": "2000-09-08",
    "acceptedDate": "2000-09-08 00:00:00",
    "calendarYear": "2002",
    "period": "Q2",
    "revenue": 8251000000,
    "costOfRevenue": 5593000000,
    "grossProfit": 2658000000,
    "grossProfitRatio": 0.3221427706,
    "researchAndDevelopmentExpenses": 0,
    "generalAndAdministrativeExpenses": 1910000000,
    "sellingAndMarketingExpenses": 0,
    "sellingGeneralAndAdministrativeExpenses": 1910000000,
    "otherExpenses": 230000000,
    "operatingExpenses": 2140000000,
    "costAndExpenses": 7733000000,
    "interestIncome": 0,
    "interestExpense": 100000,
    "depreciationAndAmortization": 230000000,
    "ebitda": 748000000,
    "ebitdaratio": 0.0906556781,
    "operatingIncome": 518000000,
    "operatingIncomeRatio": 0.0627802691,
    "totalOtherIncomeExpensesNet": -100000000,
    "incomeBeforeTax": 418000000,
    "incomeBeforeTaxRatio": 0.050660526,
    "incomeTaxExpense": 161000000,
    "netIncome": 258000000,
    "netIncomeRatio": 0.0312689371,
    "eps": 0.28,
    "epsdiluted": 0.28,
    "weightedAverageShsOut": 906600000,
    "weightedAverageShsOutDil": 915200000,
    "link": "https://www.sec.gov/Archives/edgar/data/27419/000091205700040538/0000912057-00-040538-index.htm",
    "finalLink": "https://www.sec.gov/Archives/edgar/data/27419/000091205700040538/a2024993z10-q.htm"
  },
  {
    "date": "2000-04-29",
    "symbol": "TGT",
    "reportedCurrency": "USD",
    "cik": "0000027419",
    "fillingDate": "2000-06-09",
    "acceptedDate": "2000-06-09 00:00:00",
    "calendarYear": "2002",
    "period": "Q1",
    "revenue": 7746000000,
    "costOfRevenue": 5203000000,
    "grossProfit": 2543000000,
    "grossProfitRatio": 0.3282984766,
    "researchAndDevelopmentExpenses": 0,
    "generalAndAdministrativeExpenses": 1834000000,
    "sellingAndMarketingExpenses": 0,
    "sellingGeneralAndAdministrativeExpenses": 1834000000,
    "otherExpenses": 224000000,
    "operatingExpenses": 2058000000,
    "costAndExpenses": 7261000000,
    "interestIncome": 0,
    "interestExpense": 96000,
    "depreciationAndAmortization": 224000000,
    "ebitda": 709000000,
    "ebitdaratio": 0.0915311128,
    "operatingIncome": 485000000,
    "operatingIncomeRatio": 0.0626129615,
    "totalOtherIncomeExpensesNet": -96000000,
    "incomeBeforeTax": 389000000,
    "incomeBeforeTaxRatio": 0.0502194681,
    "incomeTaxExpense": 150000000,
    "netIncome": 239000000,
    "netIncomeRatio": 0.0308546347,
    "eps": 0.26,
    "epsdiluted": 0.26,
    "weightedAverageShsOut": 910400000,
    "weightedAverageShsOutDil": 921200000,
    "link": "https://www.sec.gov/Archives/edgar/data/27419/000091205700027958/0000912057-00-027958-index.htm",
    "finalLink": "https://www.sec.gov/Archives/edgar/data/27419/000091205700027958/a10-q.htm"
  },
  {
    "date": "2000-01-29",
    "symbol": "TGT",
    "reportedCurrency": "USD",
    "cik": "0000027419",
    "fillingDate": "2000-04-10",
    "acceptedDate": "2000-04-10 00:00:00",
    "calendarYear": "2001",
    "period": "Q4",
    "revenue": 10727000000,
    "costOfRevenue": 6387000000,
    "grossProfit": 4340000000,
    "grossProfitRatio": 0.4045865573,
    "researchAndDevelopmentExpenses": 0,
    "generalAndAdministrativeExpenses": 2135000000,
    "sellingAndMarketingExpenses": 1430000000,
    "sellingGeneralAndAdministrativeExpenses": 3565000000,
    "otherExpenses": -1207000000,
    "operatingExpenses": 3388000000,
    "costAndExpenses": 9775000000,
    "interestIncome": 0,
    "interestExpense": 0,
    "depreciationAndAmortization": 223000000,
    "ebitda": 1175000000,
    "ebitdaratio": 0.1095366831,
    "operatingIncome": 952000000,
    "operatingIncomeRatio": 0.088748019,
    "totalOtherIncomeExpensesNet": -99000000,
    "incomeBeforeTax": 853000000,
    "incomeBeforeTaxRatio": 0.0795189708,
    "incomeTaxExpense": 331000000,
    "netIncome": 494000000,
    "netIncomeRatio": 0.0460520183,
    "eps": 0.54,
    "epsdiluted": 0.54,
    "weightedAverageShsOut": 910400000,
    "weightedAverageShsOutDil": 921200000,
    "link": "https://www.sec.gov/Archives/edgar/data/27419/000091205700017053/0000912057-00-017053-index.html",
    "finalLink": "https://www.sec.gov/Archives/edgar/data/27419/000091205700017053/0000912057-00-017053-d1.html"
  },
  {
    "date": "1999-10-30",
    "symbol": "TGT",
    "reportedCurrency": "USD",
    "cik": "0000027419",
    "fillingDate": "1999-12-10",
    "acceptedDate": "1999-12-10 00:00:00",
    "calendarYear": "2001",
    "period": "Q3",
    "revenue": 8009000000,
    "costOfRevenue": 5799000000,
    "grossProfit": 2210000000,
    "grossProfitRatio": 0.275939568,
    "researchAndDevelopmentExpenses": 0,
    "generalAndAdministrativeExpenses": 1855000000,
    "sellingAndMarketingExpenses": -487000000,
    "sellingGeneralAndAdministrativeExpenses": 1368000000,
    "otherExpenses": 700000000,
    "operatingExpenses": 1716000000,
    "costAndExpenses": 7515000000,
    "interestIncome": 0,
    "interestExpense": 102000000,
    "depreciationAndAmortization": 213000000,
    "ebitda": 707000000,
    "ebitdaratio": 0.0882756898,
    "operatingIncome": 494000000,
    "operatingIncomeRatio": 0.0616806093,
    "totalOtherIncomeExpensesNet": -102000000,
    "incomeBeforeTax": 392000000,
    "incomeBeforeTaxRatio": 0.0489449369,
    "incomeTaxExpense": 151000000,
    "netIncome": 232000000,
    "netIncomeRatio": 0.0289674117,
    "eps": 0.26,
    "epsdiluted": 0.25,
    "weightedAverageShsOut": 892307692,
    "weightedAverageShsOutDil": 928000000,
    "link": "https://www.sec.gov/Archives/edgar/data/27419/000091205799009003/0000912057-99-009003-index.html",
    "finalLink": "https://www.sec.gov/Archives/edgar/data/27419/000091205799009003/0000912057-99-009003-d1.html"
  },
  {
    "date": "1999-07-31",
    "symbol": "TGT",
    "reportedCurrency": "USD",
    "cik": "0000027419",
    "fillingDate": "1999-09-10",
    "acceptedDate": "1999-09-10 00:00:00",
    "calendarYear": "2001",
    "period": "Q2",
    "revenue": 7752000000,
    "costOfRevenue": 5603000000,
    "grossProfit": 2149000000,
    "grossProfitRatio": 0.2772187822,
    "researchAndDevelopmentExpenses": 0,
    "generalAndAdministrativeExpenses": 1333000000,
    "sellingAndMarketingExpenses": 0,
    "sellingGeneralAndAdministrativeExpenses": 1333000000,
    "otherExpenses": 344000000,
    "operatingExpenses": 1677000000,
    "costAndExpenses": 7280000000,
    "interestIncome": 0,
    "interestExpense": 0,
    "depreciationAndAmortization": 212000000,
    "ebitda": 684000000,
    "ebitdaratio": 0.0882352941,
    "operatingIncome": 472000000,
    "operatingIncomeRatio": 0.0608875129,
    "totalOtherIncomeExpensesNet": -98000000,
    "incomeBeforeTax": 374000000,
    "incomeBeforeTaxRatio": 0.048245614,
    "incomeTaxExpense": 146000000,
    "netIncome": 224000000,
    "netIncomeRatio": 0.0288957688,
    "eps": 0.25,
    "epsdiluted": 0.24,
    "weightedAverageShsOut": 882200000,
    "weightedAverageShsOutDil": 932700000,
    "link": "https://www.sec.gov/Archives/edgar/data/27419/000104746999035317/0001047469-99-035317-index.html",
    "finalLink": "https://www.sec.gov/Archives/edgar/data/27419/000104746999035317/"
  },
  {
    "date": "1999-05-01",
    "symbol": "TGT",
    "reportedCurrency": "USD",
    "cik": "0000027419",
    "fillingDate": "1999-06-11",
    "acceptedDate": "1999-06-11 00:00:00",
    "calendarYear": "2001",
    "period": "Q1",
    "revenue": 7214000000,
    "costOfRevenue": 5240000000,
    "grossProfit": 1974000000,
    "grossProfitRatio": 0.2736345994,
    "researchAndDevelopmentExpenses": 0,
    "generalAndAdministrativeExpenses": 1690000000,
    "sellingAndMarketingExpenses": -466000000,
    "sellingGeneralAndAdministrativeExpenses": 1224000000,
    "otherExpenses": 672000000,
    "operatingExpenses": 1563000000,
    "costAndExpenses": 6803000000,
    "interestIncome": 0,
    "interestExpense": 0,
    "depreciationAndAmortization": 206000000,
    "ebitda": 617000000,
    "ebitdaratio": 0.0855281397,
    "operatingIncome": 411000000,
    "operatingIncomeRatio": 0.0569725534,
    "totalOtherIncomeExpensesNet": -94000000,
    "incomeBeforeTax": 317000000,
    "incomeBeforeTaxRatio": 0.0439423343,
    "incomeTaxExpense": 123000000,
    "netIncome": 194000000,
    "netIncomeRatio": 0.0268921541,
    "eps": 0.22,
    "epsdiluted": 0.21,
    "weightedAverageShsOut": 884800000,
    "weightedAverageShsOutDil": 939000000,
    "link": "https://www.sec.gov/Archives/edgar/data/27419/000104746999023836/0001047469-99-023836-index.html",
    "finalLink": "https://www.sec.gov/Archives/edgar/data/27419/000104746999023836/"
  },
  {
    "date": "1999-01-30",
    "symbol": "TGT",
    "reportedCurrency": "USD",
    "cik": "0000027419",
    "fillingDate": "1999-04-12",
    "acceptedDate": "1999-04-12 00:00:00",
    "calendarYear": "2000",
    "period": "Q4",
    "revenue": 10139000000,
    "costOfRevenue": 7431000000,
    "grossProfit": 2708000000,
    "grossProfitRatio": 0.267087484,
    "researchAndDevelopmentExpenses": 0,
    "generalAndAdministrativeExpenses": 1703000000,
    "sellingAndMarketingExpenses": -142000000,
    "sellingGeneralAndAdministrativeExpenses": 1561000000,
    "otherExpenses": 345000000,
    "operatingExpenses": 1906000000,
    "costAndExpenses": 9337000000,
    "interestIncome": 0,
    "interestExpense": 0,
    "depreciationAndAmortization": 203000000,
    "ebitda": 1005000000,
    "ebitdaratio": 0.0991222014,
    "operatingIncome": 802000000,
    "operatingIncomeRatio": 0.079100503,
    "totalOtherIncomeExpensesNet": -97000000,
    "incomeBeforeTax": 705000000,
    "incomeBeforeTaxRatio": 0.0695334846,
    "incomeTaxExpense": 258000000,
    "netIncome": 423000000,
    "netIncomeRatio": 0.0417200907,
    "eps": 0.48,
    "epsdiluted": 0.46,
    "weightedAverageShsOut": 881818182,
    "weightedAverageShsOutDil": 923809524,
    "link": "https://www.sec.gov/Archives/edgar/data/27419/000104746999014435/0001047469-99-014435-index.html",
    "finalLink": "https://www.sec.gov/Archives/edgar/data/27419/"
  },
  {
    "date": "1998-10-31",
    "symbol": "TGT",
    "reportedCurrency": "USD",
    "cik": "0000027419",
    "fillingDate": "1998-12-11",
    "acceptedDate": "1998-12-11 00:00:00",
    "calendarYear": "2000",
    "period": "Q3",
    "revenue": 7288000000,
    "costOfRevenue": 5333000000,
    "grossProfit": 1955000000,
    "grossProfitRatio": 0.2682491767,
    "researchAndDevelopmentExpenses": 0,
    "generalAndAdministrativeExpenses": 1228000000,
    "sellingAndMarketingExpenses": 0,
    "sellingGeneralAndAdministrativeExpenses": 1228000000,
    "otherExpenses": 321000000,
    "operatingExpenses": 1549000000,
    "costAndExpenses": 6882000000,
    "interestIncome": 0,
    "interestExpense": 0,
    "depreciationAndAmortization": 200000000,
    "ebitda": 606000000,
    "ebitdaratio": 0.0831503842,
    "operatingIncome": 406000000,
    "operatingIncomeRatio": 0.0557080132,
    "totalOtherIncomeExpensesNet": -104000000,
    "incomeBeforeTax": 302000000,
    "incomeBeforeTaxRatio": 0.0414379802,
    "incomeTaxExpense": 119000000,
    "netIncome": 182000000,
    "netIncomeRatio": 0.0249725576,
    "eps": 0.2,
    "epsdiluted": 0.2,
    "weightedAverageShsOut": 910000000,
    "weightedAverageShsOutDil": 910000000,
    "link": "https://www.sec.gov/Archives/edgar/data/27419/000104746998043690/0001047469-98-043690-index.html",
    "finalLink": "https://www.sec.gov/Archives/edgar/data/27419/"
  },
  {
    "date": "1998-08-01",
    "symbol": "TGT",
    "reportedCurrency": "USD",
    "cik": "0000027419",
    "fillingDate": "1998-09-11",
    "acceptedDate": "1998-09-11 00:00:00",
    "calendarYear": "2000",
    "period": "Q2",
    "revenue": 7056000000,
    "costOfRevenue": 5143000000,
    "grossProfit": 1913000000,
    "grossProfitRatio": 0.27111678,
    "researchAndDevelopmentExpenses": 0,
    "generalAndAdministrativeExpenses": 1335000000,
    "sellingAndMarketingExpenses": -121000000,
    "sellingGeneralAndAdministrativeExpenses": 1214000000,
    "otherExpenses": 314000000,
    "operatingExpenses": 1528000000,
    "costAndExpenses": 6671000000,
    "interestIncome": 0,
    "interestExpense": 0,
    "depreciationAndAmortization": 193000000,
    "ebitda": 578000000,
    "ebitdaratio": 0.0819160998,
    "operatingIncome": 385000000,
    "operatingIncomeRatio": 0.0545634921,
    "totalOtherIncomeExpensesNet": -101000000,
    "incomeBeforeTax": 284000000,
    "incomeBeforeTaxRatio": 0.0402494331,
    "incomeTaxExpense": 112000000,
    "netIncome": 172000000,
    "netIncomeRatio": 0.0243764172,
    "eps": 0.19,
    "epsdiluted": 0.18,
    "weightedAverageShsOut": 905263158,
    "weightedAverageShsOutDil": 955555556,
    "link": "https://www.sec.gov/Archives/edgar/data/27419/000104746998034297/0001047469-98-034297-index.html",
    "finalLink": "https://www.sec.gov/Archives/edgar/data/27419/"
  },
  {
    "date": "1998-05-02",
    "symbol": "TGT",
    "reportedCurrency": "USD",
    "cik": "0000027419",
    "fillingDate": "1998-06-11",
    "acceptedDate": "1998-06-11 00:00:00",
    "calendarYear": "2000",
    "period": "Q1",
    "revenue": 6468000000,
    "costOfRevenue": 4727000000,
    "grossProfit": 1741000000,
    "grossProfitRatio": 0.2691713049,
    "researchAndDevelopmentExpenses": 0,
    "generalAndAdministrativeExpenses": 1196000000,
    "sellingAndMarketingExpenses": -122000000,
    "sellingGeneralAndAdministrativeExpenses": 1074000000,
    "otherExpenses": 306000000,
    "operatingExpenses": 1380000000,
    "costAndExpenses": 6107000000,
    "interestIncome": 0,
    "interestExpense": 0,
    "depreciationAndAmortization": 184000000,
    "ebitda": 545000000,
    "ebitdaratio": 0.0842609771,
    "operatingIncome": 361000000,
    "operatingIncomeRatio": 0.0558132344,
    "totalOtherIncomeExpensesNet": -96000000,
    "incomeBeforeTax": 265000000,
    "incomeBeforeTaxRatio": 0.0409709338,
    "incomeTaxExpense": 105000000,
    "netIncome": 158000000,
    "netIncomeRatio": 0.024427953,
    "eps": 0.17,
    "epsdiluted": 0.16,
    "weightedAverageShsOut": 929411765,
    "weightedAverageShsOutDil": 987500000,
    "link": "https://www.sec.gov/Archives/edgar/data/27419/000104746998023780/0001047469-98-023780-index.html",
    "finalLink": "https://www.sec.gov/Archives/edgar/data/27419/"
  },
  {
    "date": "1998-01-31",
    "symbol": "TGT",
    "reportedCurrency": "USD",
    "cik": "0000027419",
    "fillingDate": "1998-04-15",
    "acceptedDate": "1998-04-15 00:00:00",
    "calendarYear": "1999",
    "period": "Q4",
    "revenue": 8953000000,
    "costOfRevenue": 6666000000,
    "grossProfit": 2287000000,
    "grossProfitRatio": 0.2554451022,
    "researchAndDevelopmentExpenses": 0,
    "generalAndAdministrativeExpenses": 1307000000,
    "sellingAndMarketingExpenses": 0,
    "sellingGeneralAndAdministrativeExpenses": 1307000000,
    "otherExpenses": 297000000,
    "operatingExpenses": 1604000000,
    "costAndExpenses": 8270000000,
    "interestIncome": 0,
    "interestExpense": 0,
    "depreciationAndAmortization": 173000000,
    "ebitda": 856000000,
    "ebitdaratio": 0.0956104099,
    "operatingIncome": 683000000,
    "operatingIncomeRatio": 0.076287278,
    "totalOtherIncomeExpensesNet": -95000000,
    "incomeBeforeTax": 588000000,
    "incomeBeforeTaxRatio": 0.0656763096,
    "incomeTaxExpense": 232000000,
    "netIncome": 356000000,
    "netIncomeRatio": 0.0397632079,
    "eps": 0.38,
    "epsdiluted": 0.36,
    "weightedAverageShsOut": 929411765,
    "weightedAverageShsOutDil": 987500000,
    "link": "https://www.sec.gov/Archives/edgar/data/27419/000104746998015191/0001047469-98-015191-index.html",
    "finalLink": "https://www.sec.gov/Archives/edgar/data/27419/"
  },
  {
    "date": "1997-11-01",
    "symbol": "TGT",
    "reportedCurrency": "USD",
    "cik": "0000027419",
    "fillingDate": "1997-12-12",
    "acceptedDate": "1997-12-12 00:00:00",
    "calendarYear": "1999",
    "period": "Q3",
    "revenue": 6622000000,
    "costOfRevenue": 4815000000,
    "grossProfit": 1807000000,
    "grossProfitRatio": 0.2728782845,
    "researchAndDevelopmentExpenses": 0,
    "generalAndAdministrativeExpenses": 1227000000,
    "sellingAndMarketingExpenses": -116000000,
    "sellingGeneralAndAdministrativeExpenses": 1111000000,
    "otherExpenses": 292000000,
    "operatingExpenses": 1403000000,
    "costAndExpenses": 6218000000,
    "interestIncome": 0,
    "interestExpense": 0,
    "depreciationAndAmortization": 176000000,
    "ebitda": 580000000,
    "ebitdaratio": 0.0875868318,
    "operatingIncome": 404000000,
    "operatingIncomeRatio": 0.0610087587,
    "totalOtherIncomeExpensesNet": -107000000,
    "incomeBeforeTax": 297000000,
    "incomeBeforeTaxRatio": 0.0448504983,
    "incomeTaxExpense": 118000000,
    "netIncome": 160000000,
    "netIncomeRatio": 0.0241618846,
    "eps": 0.18,
    "epsdiluted": 0.17,
    "weightedAverageShsOut": 888888889,
    "weightedAverageShsOutDil": 941176471,
    "link": "https://www.sec.gov/Archives/edgar/data/27419/000104746997007655/0001047469-97-007655-index.html",
    "finalLink": "https://www.sec.gov/Archives/edgar/data/27419/"
  },
  {
    "date": "1997-08-02",
    "symbol": "TGT",
    "reportedCurrency": "USD",
    "cik": "0000027419",
    "fillingDate": "1997-09-12",
    "acceptedDate": "1997-09-12 00:00:00",
    "calendarYear": "1999",
    "period": "Q2",
    "revenue": 6293000000,
    "costOfRevenue": 4586000000,
    "grossProfit": 1707000000,
    "grossProfitRatio": 0.271253774,
    "researchAndDevelopmentExpenses": 0,
    "generalAndAdministrativeExpenses": 1193000000,
    "sellingAndMarketingExpenses": -113000000,
    "sellingGeneralAndAdministrativeExpenses": 1080000000,
    "otherExpenses": 287000000,
    "operatingExpenses": 1367000000,
    "costAndExpenses": 5953000000,
    "interestIncome": 0,
    "interestExpense": 0,
    "depreciationAndAmortization": 174000000,
    "ebitda": 514000000,
    "ebitdaratio": 0.081678055,
    "operatingIncome": 340000000,
    "operatingIncomeRatio": 0.0540282854,
    "totalOtherIncomeExpensesNet": -107000000,
    "incomeBeforeTax": 233000000,
    "incomeBeforeTaxRatio": 0.0370252662,
    "incomeTaxExpense": 92000000,
    "netIncome": 130000000,
    "netIncomeRatio": 0.0206578738,
    "eps": 0.14,
    "epsdiluted": 0.13,
    "weightedAverageShsOut": 928571429,
    "weightedAverageShsOutDil": 1000000000,
    "link": "https://www.sec.gov/Archives/edgar/data/27419/000091205797030664/0000912057-97-030664-index.html",
    "finalLink": "https://www.sec.gov/Archives/edgar/data/27419/"
  },
  {
    "date": "1997-05-03",
    "symbol": "TGT",
    "reportedCurrency": "USD",
    "cik": "0000027419",
    "fillingDate": "1997-06-17",
    "acceptedDate": "1997-06-17 00:00:00",
    "calendarYear": "1999",
    "period": "Q1",
    "revenue": 5889000000,
    "costOfRevenue": 4253000000,
    "grossProfit": 1636000000,
    "grossProfitRatio": 0.2778060791,
    "researchAndDevelopmentExpenses": 0,
    "generalAndAdministrativeExpenses": 1151000000,
    "sellingAndMarketingExpenses": -117000000,
    "sellingGeneralAndAdministrativeExpenses": 1034000000,
    "otherExpenses": 287000000,
    "operatingExpenses": 1321000000,
    "costAndExpenses": 5574000000,
    "interestIncome": 0,
    "interestExpense": 0,
    "depreciationAndAmortization": 170000000,
    "ebitda": 485000000,
    "ebitdaratio": 0.0823569367,
    "operatingIncome": 315000000,
    "operatingIncomeRatio": 0.0534895568,
    "totalOtherIncomeExpensesNet": -107000000,
    "incomeBeforeTax": 208000000,
    "incomeBeforeTaxRatio": 0.0353200883,
    "incomeTaxExpense": 82000000,
    "netIncome": 105000000,
    "netIncomeRatio": 0.0178298523,
    "eps": 0.11,
    "epsdiluted": 0.11,
    "weightedAverageShsOut": 954545455,
    "weightedAverageShsOutDil": 954545455,
    "link": "https://www.sec.gov/Archives/edgar/data/27419/000091205797020567/0000912057-97-020567-index.html",
    "finalLink": "https://www.sec.gov/Archives/edgar/data/27419/"
  },
  {
    "date": "1997-02-01",
    "symbol": "TGT",
    "reportedCurrency": "USD",
    "cik": "0000027419",
    "fillingDate": "1997-04-16",
    "acceptedDate": "1997-04-16 00:00:00",
    "calendarYear": "1998",
    "period": "Q4",
    "revenue": 8167000000,
    "costOfRevenue": 6030000000,
    "grossProfit": 2137000000,
    "grossProfitRatio": 0.2616627893,
    "researchAndDevelopmentExpenses": 0,
    "generalAndAdministrativeExpenses": 1372000000,
    "sellingAndMarketingExpenses": -116000000,
    "sellingGeneralAndAdministrativeExpenses": 1256000000,
    "otherExpenses": 418000000,
    "operatingExpenses": 1540000000,
    "costAndExpenses": 7570000000,
    "interestIncome": 0,
    "interestExpense": 0,
    "depreciationAndAmortization": 168000000,
    "ebitda": 765000000,
    "ebitdaratio": 0.0936696461,
    "operatingIncome": 597000000,
    "operatingIncomeRatio": 0.0730990572,
    "totalOtherIncomeExpensesNet": -242000000,
    "incomeBeforeTax": 355000000,
    "incomeBeforeTaxRatio": 0.0434676136,
    "incomeTaxExpense": 140000000,
    "netIncome": 214000000,
    "netIncomeRatio": 0.0262030121,
    "eps": 0.22,
    "epsdiluted": 0.22,
    "weightedAverageShsOut": 954545455,
    "weightedAverageShsOutDil": 954545455,
    "link": "https://www.sec.gov/Archives/edgar/data/27419/000091205797013232/0000912057-97-013232-index.html",
    "finalLink": "https://www.sec.gov/Archives/edgar/data/27419/"
  },
  {
    "date": "1996-11-02",
    "symbol": "TGT",
    "reportedCurrency": "USD",
    "cik": "0000027419",
    "fillingDate": "1996-12-13",
    "acceptedDate": "1996-12-13 00:00:00",
    "calendarYear": "1998",
    "period": "Q3",
    "revenue": 6073000000,
    "costOfRevenue": 4452000000,
    "grossProfit": 1621000000,
    "grossProfitRatio": 0.2669191503,
    "researchAndDevelopmentExpenses": 0,
    "generalAndAdministrativeExpenses": 1150000000,
    "sellingAndMarketingExpenses": -109000000,
    "sellingGeneralAndAdministrativeExpenses": 1041000000,
    "otherExpenses": 275000000,
    "operatingExpenses": 1316000000,
    "costAndExpenses": 5768000000,
    "interestIncome": 0,
    "interestExpense": 0,
    "depreciationAndAmortization": 166000000,
    "ebitda": 471000000,
    "ebitdaratio": 0.0775563972,
    "operatingIncome": 305000000,
    "operatingIncomeRatio": 0.0502222954,
    "totalOtherIncomeExpensesNet": -114000000,
    "incomeBeforeTax": 191000000,
    "incomeBeforeTaxRatio": 0.0314506834,
    "incomeTaxExpense": 75000000,
    "netIncome": 107000000,
    "netIncomeRatio": 0.0176189692,
    "eps": 0.12,
    "epsdiluted": 0.12,
    "weightedAverageShsOut": 891666667,
    "weightedAverageShsOutDil": 891666667,
    "link": "https://www.sec.gov/Archives/edgar/data/27419/000095013196006307/0000950131-96-006307-index.html",
    "finalLink": "https://www.sec.gov/Archives/edgar/data/27419/"
  },
  {
    "date": "1996-08-03",
    "symbol": "TGT",
    "reportedCurrency": "USD",
    "cik": "0000027419",
    "fillingDate": "1996-09-13",
    "acceptedDate": "1996-09-13 00:00:00",
    "calendarYear": "1998",
    "period": "Q2",
    "revenue": 5751000000,
    "costOfRevenue": 4197000000,
    "grossProfit": 1554000000,
    "grossProfitRatio": 0.2702138758,
    "researchAndDevelopmentExpenses": 0,
    "generalAndAdministrativeExpenses": 1117000000,
    "sellingAndMarketingExpenses": -108000000,
    "sellingGeneralAndAdministrativeExpenses": 1009000000,
    "otherExpenses": 267000000,
    "operatingExpenses": 1276000000,
    "costAndExpenses": 5473000000,
    "interestIncome": 0,
    "interestExpense": 0,
    "depreciationAndAmortization": 159000000,
    "ebitda": 437000000,
    "ebitdaratio": 0.0759867849,
    "operatingIncome": 278000000,
    "operatingIncomeRatio": 0.0483394192,
    "totalOtherIncomeExpensesNet": -111000000,
    "incomeBeforeTax": 167000000,
    "incomeBeforeTaxRatio": 0.0290384281,
    "incomeTaxExpense": 66000000,
    "netIncome": 101000000,
    "netIncomeRatio": 0.0175621631,
    "eps": 0.11,
    "epsdiluted": 0.11,
    "weightedAverageShsOut": 918181818,
    "weightedAverageShsOutDil": 918181818,
    "link": "https://www.sec.gov/Archives/edgar/data/27419/000095013196004506/0000950131-96-004506-index.html",
    "finalLink": "https://www.sec.gov/Archives/edgar/data/27419/"
  },
  {
    "date": "1996-05-04",
    "symbol": "TGT",
    "reportedCurrency": "USD",
    "cik": "0000027419",
    "fillingDate": "1996-06-14",
    "acceptedDate": "1996-06-14 00:00:00",
    "calendarYear": "1998",
    "period": "Q1",
    "revenue": 5380000000,
    "costOfRevenue": 3949000000,
    "grossProfit": 1431000000,
    "grossProfitRatio": 0.2659851301,
    "researchAndDevelopmentExpenses": 0,
    "generalAndAdministrativeExpenses": 1095000000,
    "sellingAndMarketingExpenses": -112000000,
    "sellingGeneralAndAdministrativeExpenses": 983000000,
    "otherExpenses": 269000000,
    "operatingExpenses": 1252000000,
    "costAndExpenses": 5201000000,
    "interestIncome": 0,
    "interestExpense": 0,
    "depreciationAndAmortization": 157000000,
    "ebitda": 336000000,
    "ebitdaratio": 0.0624535316,
    "operatingIncome": 179000000,
    "operatingIncomeRatio": 0.0332713755,
    "totalOtherIncomeExpensesNet": -109000000,
    "incomeBeforeTax": 70000000,
    "incomeBeforeTaxRatio": 0.0130111524,
    "incomeTaxExpense": 28000000,
    "netIncome": 41000000,
    "netIncomeRatio": 0.0076208178,
    "eps": 0.04,
    "epsdiluted": 0.04,
    "weightedAverageShsOut": 1025000000,
    "weightedAverageShsOutDil": 1025000000,
    "link": "https://www.sec.gov/Archives/edgar/data/27419/000095013196002795/0000950131-96-002795-index.html",
    "finalLink": "https://www.sec.gov/Archives/edgar/data/27419/"
  },
  {
    "date": "1996-02-03",
    "symbol": "TGT",
    "reportedCurrency": "USD",
    "cik": "0000027419",
    "fillingDate": "1996-04-18",
    "acceptedDate": "1996-04-18 00:00:00",
    "calendarYear": "1997",
    "period": "Q4",
    "revenue": 7950000000,
    "costOfRevenue": 6014000000,
    "grossProfit": 1936000000,
    "grossProfitRatio": 0.2435220126,
    "researchAndDevelopmentExpenses": 0,
    "generalAndAdministrativeExpenses": 1292000000,
    "sellingAndMarketingExpenses": -110000000,
    "sellingGeneralAndAdministrativeExpenses": 1182000000,
    "otherExpenses": 273000000,
    "operatingExpenses": 1455000000,
    "costAndExpenses": 7469000000,
    "interestIncome": 0,
    "interestExpense": 0,
    "depreciationAndAmortization": 163000000,
    "ebitda": 644000000,
    "ebitdaratio": 0.0810062893,
    "operatingIncome": 481000000,
    "operatingIncomeRatio": 0.0605031447,
    "totalOtherIncomeExpensesNet": -116000000,
    "incomeBeforeTax": 365000000,
    "incomeBeforeTaxRatio": 0.0459119497,
    "incomeTaxExpense": 137000000,
    "netIncome": 228000000,
    "netIncomeRatio": 0.0286792453,
    "eps": 0.22,
    "epsdiluted": 0.22,
    "weightedAverageShsOut": 1025000000,
    "weightedAverageShsOutDil": 1025000000,
    "link": "https://www.sec.gov/Archives/edgar/data/27419/000095013196001615/0000950131-96-001615-index.html",
    "finalLink": "https://www.sec.gov/Archives/edgar/data/27419/"
  },
  {
    "date": "1995-10-28",
    "symbol": "TGT",
    "reportedCurrency": "USD",
    "cik": "0000027419",
    "fillingDate": "1995-12-08",
    "acceptedDate": "1995-12-08 00:00:00",
    "calendarYear": "1997",
    "period": "Q3",
    "revenue": 5573000000,
    "costOfRevenue": 4113000000,
    "grossProfit": 1460000000,
    "grossProfitRatio": 0.261977391,
    "researchAndDevelopmentExpenses": 0,
    "generalAndAdministrativeExpenses": 1130000000,
    "sellingAndMarketingExpenses": -103000000,
    "sellingGeneralAndAdministrativeExpenses": 1027000000,
    "otherExpenses": 251000000,
    "operatingExpenses": 1278000000,
    "costAndExpenses": 5391000000,
    "interestIncome": 0,
    "interestExpense": 0,
    "depreciationAndAmortization": 148000000,
    "ebitda": 330000000,
    "ebitdaratio": 0.0592140678,
    "operatingIncome": 182000000,
    "operatingIncomeRatio": 0.0326574556,
    "totalOtherIncomeExpensesNet": -111000000,
    "incomeBeforeTax": 71000000,
    "incomeBeforeTaxRatio": 0.0127399964,
    "incomeTaxExpense": 27000000,
    "netIncome": 44000000,
    "netIncomeRatio": 0.007895209,
    "eps": 0.05,
    "epsdiluted": 0.05,
    "weightedAverageShsOut": 880000000,
    "weightedAverageShsOutDil": 880000000,
    "link": "https://www.sec.gov/Archives/edgar/data/27419/000095013195003475/0000950131-95-003475-index.html",
    "finalLink": "https://www.sec.gov/Archives/edgar/data/27419/"
  }
]