[
  {
    "date": "2025-02-01",
    "symbol": "TJX",
    "reportedCurrency": "USD",
    "cik": "0000109198",
    "fillingDate": "2025-04-02",
    "acceptedDate": "2025-04-02 11:43:31",
    "calendarYear": "2025",
    "period": "FY",
    "revenue": 56360000000,
    "costOfRevenue": 39112000000,
    "grossProfit": 17248000000,
    "grossProfitRatio": 0.3060326473,
    "researchAndDevelopmentExpenses": 0,
    "generalAndAdministrativeExpenses": 10329000000,
    "sellingAndMarketingExpenses": 617000000,
    "sellingGeneralAndAdministrativeExpenses": 10946000000,
    "otherExpenses": 0,
    "operatingExpenses": 10946000000,
    "costAndExpenses": 50058000000,
    "interestIncome": 257000000,
    "interestExpense": 76000000,
    "depreciationAndAmortization": 1104000000,
    "ebitda": 7663000000,
    "ebitdaratio": 0.1359652236,
    "operatingIncome": 6302000000,
    "operatingIncomeRatio": 0.1118168914,
    "totalOtherIncomeExpensesNet": 181000000,
    "incomeBeforeTax": 6483000000,
    "incomeBeforeTaxRatio": 0.1150283889,
    "incomeTaxExpense": 1619000000,
    "netIncome": 4864000000,
    "netIncomeRatio": 0.0863023421,
    "eps": 4.31,
    "epsdiluted": 4.26,
    "weightedAverageShsOut": 1128000000,
    "weightedAverageShsOutDil": 1142000000,
    "link": "https://www.sec.gov/Archives/edgar/data/109198/000010919825000010/0000109198-25-000010-index.htm",
    "finalLink": "https://www.sec.gov/Archives/edgar/data/109198/000010919825000010/tjx-20250201.htm"
  },
  {
    "date": "2024-02-03",
    "symbol": "TJX",
    "reportedCurrency": "USD",
    "cik": "0000109198",
    "fillingDate": "2024-04-03",
    "acceptedDate": "2024-04-03 11:58:03",
    "calendarYear": "2024",
    "period": "FY",
    "revenue": 54217000000,
    "costOfRevenue": 37951000000,
    "grossProfit": 16266000000,
    "grossProfitRatio": 0.3000166,
    "researchAndDevelopmentExpenses": 0,
    "generalAndAdministrativeExpenses": 9896000000,
    "sellingAndMarketingExpenses": 573000000,
    "sellingGeneralAndAdministrativeExpenses": 10469000000,
    "otherExpenses": 0,
    "operatingExpenses": 10469000000,
    "costAndExpenses": 48420000000,
    "interestIncome": 249000000,
    "interestExpense": 79000000,
    "depreciationAndAmortization": 964000000,
    "ebitda": 7010000000,
    "ebitdaratio": 0.1292952395,
    "operatingIncome": 5797000000,
    "operatingIncomeRatio": 0.1069221831,
    "totalOtherIncomeExpensesNet": 170000000,
    "incomeBeforeTax": 5967000000,
    "incomeBeforeTaxRatio": 0.110057731,
    "incomeTaxExpense": 1493000000,
    "netIncome": 4474000000,
    "netIncomeRatio": 0.0825202427,
    "eps": 3.9,
    "epsdiluted": 3.86,
    "weightedAverageShsOut": 1146000000,
    "weightedAverageShsOutDil": 1159000000,
    "link": "https://www.sec.gov/Archives/edgar/data/109198/000010919824000014/0000109198-24-000014-index.htm",
    "finalLink": "https://www.sec.gov/Archives/edgar/data/109198/000010919824000014/tjx-20240203.htm"
  },
  {
    "date": "2023-01-28",
    "symbol": "TJX",
    "reportedCurrency": "USD",
    "cik": "0000109198",
    "fillingDate": "2023-03-29",
    "acceptedDate": "2023-03-29 11:38:54",
    "calendarYear": "2023",
    "period": "FY",
    "revenue": 49936000000,
    "costOfRevenue": 36149000000,
    "grossProfit": 13787000000,
    "grossProfitRatio": 0.2760933996,
    "researchAndDevelopmentExpenses": 0,
    "generalAndAdministrativeExpenses": 8420000000,
    "sellingAndMarketingExpenses": 507000000,
    "sellingGeneralAndAdministrativeExpenses": 8927000000,
    "otherExpenses": 0,
    "operatingExpenses": 8927000000,
    "costAndExpenses": 45076000000,
    "interestIncome": 78000000,
    "interestExpense": 84000000,
    "depreciationAndAmortization": 887000000,
    "ebitda": 5607000000,
    "ebitdaratio": 0.1122837232,
    "operatingIncome": 4860000000,
    "operatingIncomeRatio": 0.0973245755,
    "totalOtherIncomeExpensesNet": -224000000,
    "incomeBeforeTax": 4636000000,
    "incomeBeforeTaxRatio": 0.0928388337,
    "incomeTaxExpense": 1138000000,
    "netIncome": 3498000000,
    "netIncomeRatio": 0.0700496636,
    "eps": 3,
    "epsdiluted": 2.97,
    "weightedAverageShsOut": 1166000000,
    "weightedAverageShsOutDil": 1178000000,
    "link": "https://www.sec.gov/Archives/edgar/data/109198/000010919823000004/0000109198-23-000004-index.htm",
    "finalLink": "https://www.sec.gov/Archives/edgar/data/109198/000010919823000004/tjx-20230128.htm"
  },
  {
    "date": "2022-01-29",
    "symbol": "TJX",
    "reportedCurrency": "USD",
    "cik": "0000109198",
    "fillingDate": "2022-03-30",
    "acceptedDate": "2022-03-30 11:55:23",
    "calendarYear": "2022",
    "period": "FY",
    "revenue": 48550000000,
    "costOfRevenue": 34714000000,
    "grossProfit": 13836000000,
    "grossProfitRatio": 0.284984552,
    "researchAndDevelopmentExpenses": 0,
    "generalAndAdministrativeExpenses": 8575000000,
    "sellingAndMarketingExpenses": 506000000,
    "sellingGeneralAndAdministrativeExpenses": 9081000000,
    "otherExpenses": 0,
    "operatingExpenses": 9081000000,
    "costAndExpenses": 43795000000,
    "interestIncome": 4000000,
    "interestExpense": 119000000,
    "depreciationAndAmortization": 868000000,
    "ebitda": 5385000000,
    "ebitdaratio": 0.1109165808,
    "operatingIncome": 4755000000,
    "operatingIncomeRatio": 0.0979402678,
    "totalOtherIncomeExpensesNet": -357000000,
    "incomeBeforeTax": 4398000000,
    "incomeBeforeTaxRatio": 0.0905870237,
    "incomeTaxExpense": 1115000000,
    "netIncome": 3283000000,
    "netIncomeRatio": 0.0676210093,
    "eps": 2.74,
    "epsdiluted": 2.7,
    "weightedAverageShsOut": 1199990000,
    "weightedAverageShsOutDil": 1215591000,
    "link": "https://www.sec.gov/Archives/edgar/data/109198/000010919822000008/0000109198-22-000008-index.htm",
    "finalLink": "https://www.sec.gov/Archives/edgar/data/109198/000010919822000008/tjx-20220129.htm"
  },
  {
    "date": "2021-01-30",
    "symbol": "TJX",
    "reportedCurrency": "USD",
    "cik": "0000109198",
    "fillingDate": "2021-03-31",
    "acceptedDate": "2021-03-31 11:20:19",
    "calendarYear": "2021",
    "period": "FY",
    "revenue": 32137000000,
    "costOfRevenue": 24534000000,
    "grossProfit": 7603000000,
    "grossProfitRatio": 0.2365808881,
    "researchAndDevelopmentExpenses": 0,
    "generalAndAdministrativeExpenses": 0,
    "sellingAndMarketingExpenses": 0,
    "sellingGeneralAndAdministrativeExpenses": 7021000000,
    "otherExpenses": 0,
    "operatingExpenses": 7021000000,
    "costAndExpenses": 31555000000,
    "interestIncome": 13000000,
    "interestExpense": 194000000,
    "depreciationAndAmortization": 871000000,
    "ebitda": 1154000000,
    "ebitdaratio": 0.0359087656,
    "operatingIncome": 582000000,
    "operatingIncomeRatio": 0.0181099667,
    "totalOtherIncomeExpensesNet": -493000000,
    "incomeBeforeTax": 89000000,
    "incomeBeforeTaxRatio": 0.0027693935,
    "incomeTaxExpense": -1000000,
    "netIncome": 90000000,
    "netIncomeRatio": 0.0028005103,
    "eps": 0.075,
    "epsdiluted": 0.0745,
    "weightedAverageShsOut": 1199927000,
    "weightedAverageShsOutDil": 1214703000,
    "link": "https://www.sec.gov/Archives/edgar/data/109198/000010919821000006/0000109198-21-000006-index.htm",
    "finalLink": "https://www.sec.gov/Archives/edgar/data/109198/000010919821000006/tjx-20210130.htm"
  },
  {
    "date": "2020-02-01",
    "symbol": "TJX",
    "reportedCurrency": "USD",
    "cik": "0000109198",
    "fillingDate": "2020-03-27",
    "acceptedDate": "2020-03-27 12:02:19",
    "calendarYear": "2020",
    "period": "FY",
    "revenue": 41716977000,
    "costOfRevenue": 29845780000,
    "grossProfit": 11871197000,
    "grossProfitRatio": 0.2845651304,
    "researchAndDevelopmentExpenses": 0,
    "generalAndAdministrativeExpenses": 0,
    "sellingAndMarketingExpenses": 0,
    "sellingGeneralAndAdministrativeExpenses": 7454988000,
    "otherExpenses": 0,
    "operatingExpenses": 7454988000,
    "costAndExpenses": 37300768000,
    "interestIncome": 49060000,
    "interestExpense": 59086000,
    "depreciationAndAmortization": 867303000,
    "ebitda": 5332572000,
    "ebitdaratio": 0.1278273831,
    "operatingIncome": 4416209000,
    "operatingIncomeRatio": 0.1058611941,
    "totalOtherIncomeExpensesNet": -10026000,
    "incomeBeforeTax": 4406183000,
    "incomeBeforeTaxRatio": 0.1056208603,
    "incomeTaxExpense": 1133990000,
    "netIncome": 3272193000,
    "netIncomeRatio": 0.0784379223,
    "eps": 2.71,
    "epsdiluted": 2.67,
    "weightedAverageShsOut": 1208163000,
    "weightedAverageShsOutDil": 1226519000,
    "link": "https://www.sec.gov/Archives/edgar/data/109198/000010919820000004/0000109198-20-000004-index.htm",
    "finalLink": "https://www.sec.gov/Archives/edgar/data/109198/000010919820000004/tjx-20200201.htm"
  },
  {
    "date": "2019-02-02",
    "symbol": "TJX",
    "reportedCurrency": "USD",
    "cik": "0000109198",
    "fillingDate": "2019-04-03",
    "acceptedDate": "2019-04-03 12:16:07",
    "calendarYear": "2019",
    "period": "FY",
    "revenue": 38972934000,
    "costOfRevenue": 27831177000,
    "grossProfit": 11141757000,
    "grossProfitRatio": 0.2858844808,
    "researchAndDevelopmentExpenses": 0,
    "generalAndAdministrativeExpenses": 0,
    "sellingAndMarketingExpenses": 0,
    "sellingGeneralAndAdministrativeExpenses": 6923564000,
    "otherExpenses": 0,
    "operatingExpenses": 6923564000,
    "costAndExpenses": 34754741000,
    "interestIncome": 55979000,
    "interestExpense": 64839000,
    "depreciationAndAmortization": 819655000,
    "ebitda": 5057705000,
    "ebitdaratio": 0.1297748073,
    "operatingIncome": 4218193000,
    "operatingIncomeRatio": 0.1082339092,
    "totalOtherIncomeExpensesNet": -44982000,
    "incomeBeforeTax": 4173211000,
    "incomeBeforeTaxRatio": 0.1070797236,
    "incomeTaxExpense": 1113413000,
    "netIncome": 3059798000,
    "netIncomeRatio": 0.0785108455,
    "eps": 2.48,
    "epsdiluted": 2.43,
    "weightedAverageShsOut": 1241153000,
    "weightedAverageShsOutDil": 1259252000,
    "link": "https://www.sec.gov/Archives/edgar/data/109198/000162828019003834/0001628280-19-003834-index.htm",
    "finalLink": "https://www.sec.gov/Archives/edgar/data/109198/000162828019003834/tjx-10kx20190202.htm"
  },
  {
    "date": "2018-02-03",
    "symbol": "TJX",
    "reportedCurrency": "USD",
    "cik": "0000109198",
    "fillingDate": "2018-04-04",
    "acceptedDate": "2018-04-04 15:19:20",
    "calendarYear": "2018",
    "period": "FY",
    "revenue": 35864664000,
    "costOfRevenue": 25502167000,
    "grossProfit": 10362497000,
    "grossProfitRatio": 0.2889333356,
    "researchAndDevelopmentExpenses": 0,
    "generalAndAdministrativeExpenses": 0,
    "sellingAndMarketingExpenses": 0,
    "sellingGeneralAndAdministrativeExpenses": 6375071000,
    "otherExpenses": 0,
    "operatingExpenses": 6375071000,
    "costAndExpenses": 31877238000,
    "interestIncome": 32707000,
    "interestExpense": 64295000,
    "depreciationAndAmortization": 725957000,
    "ebitda": 4646840000,
    "ebitdaratio": 0.1295659706,
    "operatingIncome": 3987426000,
    "operatingIncomeRatio": 0.1111797952,
    "totalOtherIncomeExpensesNet": -130838000,
    "incomeBeforeTax": 3856588000,
    "incomeBeforeTaxRatio": 0.1075316919,
    "incomeTaxExpense": 1248640000,
    "netIncome": 2607948000,
    "netIncomeRatio": 0.0727163651,
    "eps": 2.06,
    "epsdiluted": 2.02,
    "weightedAverageShsOut": 1273654000,
    "weightedAverageShsOutDil": 1292210000,
    "link": "https://www.sec.gov/Archives/edgar/data/109198/000119312518107423/0001193125-18-107423-index.htm",
    "finalLink": "https://www.sec.gov/Archives/edgar/data/109198/000119312518107423/d518812d10k.htm"
  },
  {
    "date": "2017-01-28",
    "symbol": "TJX",
    "reportedCurrency": "USD",
    "cik": "0000109198",
    "fillingDate": "2017-03-28",
    "acceptedDate": "2017-03-28 15:26:41",
    "calendarYear": "2017",
    "period": "FY",
    "revenue": 33183744000,
    "costOfRevenue": 23565754000,
    "grossProfit": 9617990000,
    "grossProfitRatio": 0.289840411,
    "researchAndDevelopmentExpenses": 0,
    "generalAndAdministrativeExpenses": 0,
    "sellingAndMarketingExpenses": 0,
    "sellingGeneralAndAdministrativeExpenses": 5768467000,
    "otherExpenses": 0,
    "operatingExpenses": 5768467000,
    "costAndExpenses": 29334221000,
    "interestIncome": 18137000,
    "interestExpense": 61671000,
    "depreciationAndAmortization": 658796000,
    "ebitda": 4443510000,
    "ebitdaratio": 0.1339062283,
    "operatingIncome": 3849523000,
    "operatingIncomeRatio": 0.1160062891,
    "totalOtherIncomeExpensesNet": -126480000,
    "incomeBeforeTax": 3723043000,
    "incomeBeforeTaxRatio": 0.1121947843,
    "incomeTaxExpense": 1424809000,
    "netIncome": 2298234000,
    "netIncomeRatio": 0.069257827,
    "eps": 1.78,
    "epsdiluted": 1.73,
    "weightedAverageShsOut": 1292638000,
    "weightedAverageShsOutDil": 1328864000,
    "link": "https://www.sec.gov/Archives/edgar/data/109198/000119312517099642/0001193125-17-099642-index.htm",
    "finalLink": "https://www.sec.gov/Archives/edgar/data/109198/000119312517099642/d269088d10k.htm"
  },
  {
    "date": "2016-01-30",
    "symbol": "TJX",
    "reportedCurrency": "USD",
    "cik": "0000109198",
    "fillingDate": "2016-03-29",
    "acceptedDate": "2016-03-29 16:10:58",
    "calendarYear": "2016",
    "period": "FY",
    "revenue": 30944938000,
    "costOfRevenue": 22034523000,
    "grossProfit": 8910415000,
    "grossProfitRatio": 0.2879441865,
    "researchAndDevelopmentExpenses": 0,
    "generalAndAdministrativeExpenses": 0,
    "sellingAndMarketingExpenses": 0,
    "sellingGeneralAndAdministrativeExpenses": 5205715000,
    "otherExpenses": 0,
    "operatingExpenses": 5205715000,
    "costAndExpenses": 27240238000,
    "interestIncome": 13869000,
    "interestExpense": 60269000,
    "depreciationAndAmortization": 616696000,
    "ebitda": 4335265000,
    "ebitdaratio": 0.1400960958,
    "operatingIncome": 3704700000,
    "operatingIncomeRatio": 0.1197190959,
    "totalOtherIncomeExpensesNet": -46400000,
    "incomeBeforeTax": 3658300000,
    "incomeBeforeTaxRatio": 0.1182196584,
    "incomeTaxExpense": 1380642000,
    "netIncome": 2277658000,
    "netIncomeRatio": 0.0736035729,
    "eps": 1.72,
    "epsdiluted": 1.67,
    "weightedAverageShsOut": 1326991000,
    "weightedAverageShsOutDil": 1366502000,
    "link": "https://www.sec.gov/Archives/edgar/data/109198/000119312516521424/0001193125-16-521424-index.htm",
    "finalLink": "https://www.sec.gov/Archives/edgar/data/109198/000119312516521424/d110852d10k.htm"
  },
  {
    "date": "2015-01-31",
    "symbol": "TJX",
    "reportedCurrency": "USD",
    "cik": "0000109198",
    "fillingDate": "2015-03-31",
    "acceptedDate": "2015-03-31 16:42:30",
    "calendarYear": "2015",
    "period": "FY",
    "revenue": 29078407000,
    "costOfRevenue": 20776522000,
    "grossProfit": 8301885000,
    "grossProfitRatio": 0.2854999932,
    "researchAndDevelopmentExpenses": 0,
    "generalAndAdministrativeExpenses": 0,
    "sellingAndMarketingExpenses": 0,
    "sellingGeneralAndAdministrativeExpenses": 4695384000,
    "otherExpenses": 0,
    "operatingExpenses": 4695384000,
    "costAndExpenses": 25471906000,
    "interestIncome": 15593000,
    "interestExpense": 55380000,
    "depreciationAndAmortization": 588975000,
    "ebitda": 4194239000,
    "ebitdaratio": 0.1442389537,
    "operatingIncome": 3606501000,
    "operatingIncomeRatio": 0.1240267735,
    "totalOtherIncomeExpensesNet": -56617000,
    "incomeBeforeTax": 3549884000,
    "incomeBeforeTaxRatio": 0.1220797274,
    "incomeTaxExpense": 1334756000,
    "netIncome": 2215128000,
    "netIncomeRatio": 0.0761777631,
    "eps": 1.62,
    "epsdiluted": 1.58,
    "weightedAverageShsOut": 1369466000,
    "weightedAverageShsOutDil": 1407090000,
    "link": "https://www.sec.gov/Archives/edgar/data/109198/000119312515114276/0001193125-15-114276-index.htm",
    "finalLink": "https://www.sec.gov/Archives/edgar/data/109198/000119312515114276/d855793d10k.htm"
  },
  {
    "date": "2014-02-01",
    "symbol": "TJX",
    "reportedCurrency": "USD",
    "cik": "0000109198",
    "fillingDate": "2014-04-01",
    "acceptedDate": "2014-04-01 16:15:44",
    "calendarYear": "2014",
    "period": "FY",
    "revenue": 27422696000,
    "costOfRevenue": 19605037000,
    "grossProfit": 7817659000,
    "grossProfitRatio": 0.2850798842,
    "researchAndDevelopmentExpenses": 0,
    "generalAndAdministrativeExpenses": 0,
    "sellingAndMarketingExpenses": 0,
    "sellingGeneralAndAdministrativeExpenses": 4467089000,
    "otherExpenses": 0,
    "operatingExpenses": 4467089000,
    "costAndExpenses": 24072126000,
    "interestIncome": 15010000,
    "interestExpense": 46091000,
    "depreciationAndAmortization": 548823000,
    "ebitda": 3914403000,
    "ebitdaratio": 0.1427431862,
    "operatingIncome": 3350570000,
    "operatingIncomeRatio": 0.1221823704,
    "totalOtherIncomeExpensesNet": -31081000,
    "incomeBeforeTax": 3319489000,
    "incomeBeforeTaxRatio": 0.1210489662,
    "incomeTaxExpense": 1182093000,
    "netIncome": 2137396000,
    "netIncomeRatio": 0.0779425918,
    "eps": 1.5,
    "epsdiluted": 1.47,
    "weightedAverageShsOut": 1410034000,
    "weightedAverageShsOutDil": 1452752000,
    "link": "https://www.sec.gov/Archives/edgar/data/109198/000119312514125980/0001193125-14-125980-index.htm",
    "finalLink": "https://www.sec.gov/Archives/edgar/data/109198/000119312514125980/d650209d10k.htm"
  },
  {
    "date": "2013-02-02",
    "symbol": "TJX",
    "reportedCurrency": "USD",
    "cik": "0000109198",
    "fillingDate": "2013-04-02",
    "acceptedDate": "2013-04-02 15:52:29",
    "calendarYear": "2013",
    "period": "FY",
    "revenue": 25878372000,
    "costOfRevenue": 18521400000,
    "grossProfit": 7356972000,
    "grossProfitRatio": 0.2842903719,
    "researchAndDevelopmentExpenses": 0,
    "generalAndAdministrativeExpenses": 0,
    "sellingAndMarketingExpenses": 0,
    "sellingGeneralAndAdministrativeExpenses": 4250446000,
    "otherExpenses": 0,
    "operatingExpenses": 4250446000,
    "costAndExpenses": 22771846000,
    "interestIncome": 11657000,
    "interestExpense": 40832000,
    "depreciationAndAmortization": 508929000,
    "ebitda": 3627112000,
    "ebitdaratio": 0.1401599761,
    "operatingIncome": 3106526000,
    "operatingIncomeRatio": 0.1200433319,
    "totalOtherIncomeExpensesNet": -29175000,
    "incomeBeforeTax": 3077351000,
    "incomeBeforeTaxRatio": 0.1189159426,
    "incomeTaxExpense": 1170664000,
    "netIncome": 1906687000,
    "netIncomeRatio": 0.0736787847,
    "eps": 1.31,
    "epsdiluted": 1.27,
    "weightedAverageShsOut": 1447804000,
    "weightedAverageShsOutDil": 1495110000,
    "link": "https://www.sec.gov/Archives/edgar/data/109198/000119312513138497/0001193125-13-138497-index.htm",
    "finalLink": "https://www.sec.gov/Archives/edgar/data/109198/000119312513138497/d472940d10k.htm"
  },
  {
    "date": "2012-01-28",
    "symbol": "TJX",
    "reportedCurrency": "USD",
    "cik": "0000109198",
    "fillingDate": "2012-03-27",
    "acceptedDate": "2012-03-27 16:52:26",
    "calendarYear": "2012",
    "period": "FY",
    "revenue": 23191455000,
    "costOfRevenue": 16854249000,
    "grossProfit": 6337206000,
    "grossProfitRatio": 0.2732560764,
    "researchAndDevelopmentExpenses": 0,
    "generalAndAdministrativeExpenses": 0,
    "sellingAndMarketingExpenses": 0,
    "sellingGeneralAndAdministrativeExpenses": 3890144000,
    "otherExpenses": 0,
    "operatingExpenses": 3890144000,
    "costAndExpenses": 20744393000,
    "interestIncome": 11035000,
    "interestExpense": 46683000,
    "depreciationAndAmortization": 485701000,
    "ebitda": 2943798000,
    "ebitdaratio": 0.1269345972,
    "operatingIncome": 2447062000,
    "operatingIncomeRatio": 0.1055156738,
    "totalOtherIncomeExpensesNet": -35648000,
    "incomeBeforeTax": 2411414000,
    "incomeBeforeTaxRatio": 0.1039785559,
    "incomeTaxExpense": 915324000,
    "netIncome": 1496090000,
    "netIncomeRatio": 0.0645103983,
    "eps": 1,
    "epsdiluted": 0.97,
    "weightedAverageShsOut": 1493404000,
    "weightedAverageShsOutDil": 1547544000,
    "link": "https://www.sec.gov/Archives/edgar/data/109198/000119312512134536/0001193125-12-134536-index.htm",
    "finalLink": "https://www.sec.gov/Archives/edgar/data/109198/000119312512134536/d276277d10k.htm"
  },
  {
    "date": "2011-01-29",
    "symbol": "TJX",
    "reportedCurrency": "USD",
    "cik": "0000109198",
    "fillingDate": "2011-03-30",
    "acceptedDate": "2011-03-29 17:35:14",
    "calendarYear": "2011",
    "period": "FY",
    "revenue": 21942193000,
    "costOfRevenue": 16040461000,
    "grossProfit": 5901732000,
    "grossProfitRatio": 0.2689672814,
    "researchAndDevelopmentExpenses": 0,
    "generalAndAdministrativeExpenses": 0,
    "sellingAndMarketingExpenses": 0,
    "sellingGeneralAndAdministrativeExpenses": 3710053000,
    "otherExpenses": -11550000,
    "operatingExpenses": 3698503000,
    "costAndExpenses": 19738964000,
    "interestIncome": 9877000,
    "interestExpense": 49014000,
    "depreciationAndAmortization": 458052000,
    "ebitda": 2671158000,
    "ebitdaratio": 0.1217361455,
    "operatingIncome": 2203229000,
    "operatingIncomeRatio": 0.1004106107,
    "totalOtherIncomeExpensesNet": -39137000,
    "incomeBeforeTax": 2164092000,
    "incomeBeforeTaxRatio": 0.0986269695,
    "incomeTaxExpense": 824562000,
    "netIncome": 1343141000,
    "netIncomeRatio": 0.0612127056,
    "eps": 0.86,
    "epsdiluted": 0.83,
    "weightedAverageShsOut": 1558629000,
    "weightedAverageShsOutDil": 1625652000,
    "link": "https://www.sec.gov/Archives/edgar/data/109198/000095012311030274/0000950123-11-030274-index.htm",
    "finalLink": "https://www.sec.gov/Archives/edgar/data/109198/000095012311030274/b83553e10vk.htm"
  },
  {
    "date": "2010-01-30",
    "symbol": "TJX",
    "reportedCurrency": "USD",
    "cik": "0000109198",
    "fillingDate": "2010-03-30",
    "acceptedDate": "2010-03-30 12:40:24",
    "calendarYear": "2010",
    "period": "FY",
    "revenue": 20288444000,
    "costOfRevenue": 14968429000,
    "grossProfit": 5320015000,
    "grossProfitRatio": 0.2622189755,
    "researchAndDevelopmentExpenses": 0,
    "generalAndAdministrativeExpenses": 0,
    "sellingAndMarketingExpenses": 0,
    "sellingGeneralAndAdministrativeExpenses": 3328944000,
    "otherExpenses": -758000,
    "operatingExpenses": 3328186000,
    "costAndExpenses": 18296615000,
    "interestIncome": 48520000,
    "interestExpense": 49278000,
    "depreciationAndAmortization": 435218000,
    "ebitda": 2436058000,
    "ebitdaratio": 0.120071209,
    "operatingIncome": 1991829000,
    "operatingIncomeRatio": 0.0981755427,
    "totalOtherIncomeExpensesNet": -40267000,
    "incomeBeforeTax": 1951562000,
    "incomeBeforeTaxRatio": 0.0961908168,
    "incomeTaxExpense": 737990000,
    "netIncome": 1213572000,
    "netIncomeRatio": 0.0598159228,
    "eps": 0.74,
    "epsdiluted": 0.71,
    "weightedAverageShsOut": 1677592000,
    "weightedAverageShsOutDil": 1710476000,
    "link": "https://www.sec.gov/Archives/edgar/data/109198/000095012310029845/0000950123-10-029845-index.htm",
    "finalLink": "https://www.sec.gov/Archives/edgar/data/109198/000095012310029845/b77818e10vk.htm"
  },
  {
    "date": "2009-01-31",
    "symbol": "TJX",
    "reportedCurrency": "USD",
    "cik": "0000109198",
    "fillingDate": "2009-03-31",
    "acceptedDate": "2009-03-31 16:52:34",
    "calendarYear": "2009",
    "period": "FY",
    "revenue": 18999505000,
    "costOfRevenue": 14429185000,
    "grossProfit": 4570320000,
    "grossProfitRatio": 0.2405494248,
    "researchAndDevelopmentExpenses": 0,
    "generalAndAdministrativeExpenses": 0,
    "sellingAndMarketingExpenses": 0,
    "sellingGeneralAndAdministrativeExpenses": 3135589000,
    "otherExpenses": -30500000,
    "operatingExpenses": 3105089000,
    "costAndExpenses": 17534274000,
    "interestIncome": 23832000,
    "interestExpense": 38123000,
    "depreciationAndAmortization": 401707000,
    "ebitda": 1890770000,
    "ebitdaratio": 0.0995168032,
    "operatingIncome": 1465231000,
    "operatingIncomeRatio": 0.0771194302,
    "totalOtherIncomeExpensesNet": -14291000,
    "incomeBeforeTax": 1450940000,
    "incomeBeforeTaxRatio": 0.0763672527,
    "incomeTaxExpense": 536054000,
    "netIncome": 880617000,
    "netIncomeRatio": 0.0463494707,
    "eps": 0.53,
    "epsdiluted": 0.5,
    "weightedAverageShsOut": 1676304000,
    "weightedAverageShsOutDil": 1769020000,
    "link": "https://www.sec.gov/Archives/edgar/data/109198/000095013509002399/0000950135-09-002399-index.htm",
    "finalLink": "https://www.sec.gov/Archives/edgar/data/109198/000095013509002399/b73492tje10vk.htm"
  },
  {
    "date": "2008-01-26",
    "symbol": "TJX",
    "reportedCurrency": "USD",
    "cik": "0000109198",
    "fillingDate": "2008-03-26",
    "acceptedDate": "2008-03-25 21:45:24",
    "calendarYear": "2008",
    "period": "FY",
    "revenue": 18336726000,
    "costOfRevenue": 13841695000,
    "grossProfit": 4495031000,
    "grossProfitRatio": 0.2451381452,
    "researchAndDevelopmentExpenses": 0,
    "generalAndAdministrativeExpenses": 0,
    "sellingAndMarketingExpenses": 0,
    "sellingGeneralAndAdministrativeExpenses": 3236542000,
    "otherExpenses": 0,
    "operatingExpenses": 3236542000,
    "costAndExpenses": 17078237000,
    "interestIncome": 0,
    "interestExpense": 0,
    "depreciationAndAmortization": 426766000,
    "ebitda": 1685255000,
    "ebitdaratio": 0.0919059924,
    "operatingIncome": 1258489000,
    "operatingIncomeRatio": 0.0686321539,
    "totalOtherIncomeExpensesNet": 1598000,
    "incomeBeforeTax": 1260087000,
    "incomeBeforeTaxRatio": 0.0687193014,
    "incomeTaxExpense": 477655000,
    "netIncome": 771750000,
    "netIncomeRatio": 0.042087666,
    "eps": 0.44,
    "epsdiluted": 0.42,
    "weightedAverageShsOut": 1772200000,
    "weightedAverageShsOutDil": 1872184000,
    "link": "https://www.sec.gov/Archives/edgar/data/109198/000095013508001961/0000950135-08-001961-index.htm",
    "finalLink": "https://www.sec.gov/Archives/edgar/data/109198/000095013508001961/b68114tje10vk.htm"
  },
  {
    "date": "2007-01-27",
    "symbol": "TJX",
    "reportedCurrency": "USD",
    "cik": "0000109198",
    "fillingDate": "2007-03-28",
    "acceptedDate": "2007-03-28 17:21:23",
    "calendarYear": "2007",
    "period": "FY",
    "revenue": 17104013000,
    "costOfRevenue": 12969996000,
    "grossProfit": 4134017000,
    "grossProfitRatio": 0.2416986587,
    "researchAndDevelopmentExpenses": 0,
    "generalAndAdministrativeExpenses": 0,
    "sellingAndMarketingExpenses": 0,
    "sellingGeneralAndAdministrativeExpenses": 2854243000,
    "otherExpenses": 0,
    "operatingExpenses": 2854243000,
    "costAndExpenses": 15824239000,
    "interestIncome": 0,
    "interestExpense": 0,
    "depreciationAndAmortization": 422914000,
    "ebitda": 1702688000,
    "ebitdaratio": 0.0995490357,
    "operatingIncome": 1279774000,
    "operatingIncomeRatio": 0.0748230255,
    "totalOtherIncomeExpensesNet": -15566000,
    "incomeBeforeTax": 1264208000,
    "incomeBeforeTaxRatio": 0.0739129466,
    "incomeTaxExpense": 477036000,
    "netIncome": 738039000,
    "netIncomeRatio": 0.0431500491,
    "eps": 0.41,
    "epsdiluted": 0.39,
    "weightedAverageShsOut": 1816176000,
    "weightedAverageShsOutDil": 1920180000,
    "link": "https://www.sec.gov/Archives/edgar/data/109198/000095013507001906/0000950135-07-001906-index.htm",
    "finalLink": "https://www.sec.gov/Archives/edgar/data/109198/000095013507001906/b64407tje10vk.htm"
  },
  {
    "date": "2006-01-28",
    "symbol": "TJX",
    "reportedCurrency": "USD",
    "cik": "0000109198",
    "fillingDate": "2006-03-29",
    "acceptedDate": "2006-03-29 17:08:15",
    "calendarYear": "2006",
    "period": "FY",
    "revenue": 15955943000,
    "costOfRevenue": 12214671000,
    "grossProfit": 3741272000,
    "grossProfitRatio": 0.234475142,
    "researchAndDevelopmentExpenses": 0,
    "generalAndAdministrativeExpenses": 0,
    "sellingAndMarketingExpenses": 0,
    "sellingGeneralAndAdministrativeExpenses": 2703271000,
    "otherExpenses": 0,
    "operatingExpenses": 2703271000,
    "costAndExpenses": 14917942000,
    "interestIncome": 0,
    "interestExpense": 0,
    "depreciationAndAmortization": 405475000,
    "ebitda": 1443476000,
    "ebitdaratio": 0.0904663548,
    "operatingIncome": 1038001000,
    "operatingIncomeRatio": 0.0650541933,
    "totalOtherIncomeExpensesNet": -28674000,
    "incomeBeforeTax": 1009327000,
    "incomeBeforeTaxRatio": 0.0632571199,
    "incomeTaxExpense": 318535000,
    "netIncome": 690423000,
    "netIncomeRatio": 0.0432705858,
    "eps": 0.37,
    "epsdiluted": 0.35,
    "weightedAverageShsOut": 1866148000,
    "weightedAverageShsOutDil": 1966000000,
    "link": "https://www.sec.gov/Archives/edgar/data/109198/000095013506001903/0000950135-06-001903-index.htm",
    "finalLink": "https://www.sec.gov/Archives/edgar/data/109198/000095013506001903/b58738tje10vk.htm"
  },
  {
    "date": "2005-01-29",
    "symbol": "TJX",
    "reportedCurrency": "USD",
    "cik": "0000109198",
    "fillingDate": "2005-03-30",
    "acceptedDate": "2005-03-30 17:07:26",
    "calendarYear": "2005",
    "period": "FY",
    "revenue": 14860746000,
    "costOfRevenue": 11357391000,
    "grossProfit": 3503355000,
    "grossProfitRatio": 0.2357455676,
    "researchAndDevelopmentExpenses": 0,
    "generalAndAdministrativeExpenses": 0,
    "sellingAndMarketingExpenses": 0,
    "sellingGeneralAndAdministrativeExpenses": 2487804000,
    "otherExpenses": 0,
    "operatingExpenses": 2487804000,
    "costAndExpenses": 13845195000,
    "interestIncome": 0,
    "interestExpense": 0,
    "depreciationAndAmortization": 379180000,
    "ebitda": 1394731000,
    "ebitdaratio": 0.0938533638,
    "operatingIncome": 1015551000,
    "operatingIncomeRatio": 0.068337821,
    "totalOtherIncomeExpensesNet": -25757000,
    "incomeBeforeTax": 989794000,
    "incomeBeforeTaxRatio": 0.0666045971,
    "incomeTaxExpense": 379577000,
    "netIncome": 609699000,
    "netIncomeRatio": 0.0410274827,
    "eps": 0.31,
    "epsdiluted": 0.3,
    "weightedAverageShsOut": 1955236000,
    "weightedAverageShsOutDil": 2038644000,
    "link": "https://www.sec.gov/Archives/edgar/data/109198/000095013505001752/0000950135-05-001752-index.htm",
    "finalLink": "https://www.sec.gov/Archives/edgar/data/109198/000095013505001752/b53017tje10vk.htm"
  },
  {
    "date": "2004-01-31",
    "symbol": "TJX",
    "reportedCurrency": "USD",
    "cik": "0000109198",
    "fillingDate": "2004-03-31",
    "acceptedDate": "2004-03-31 16:51:35",
    "calendarYear": "2004",
    "period": "FY",
    "revenue": 13327938000,
    "costOfRevenue": 10101279000,
    "grossProfit": 3226659000,
    "grossProfitRatio": 0.2420973897,
    "researchAndDevelopmentExpenses": 0,
    "generalAndAdministrativeExpenses": 0,
    "sellingAndMarketingExpenses": 0,
    "sellingGeneralAndAdministrativeExpenses": 2212669000,
    "otherExpenses": 0,
    "operatingExpenses": 2212669000,
    "costAndExpenses": 12313948000,
    "interestIncome": 0,
    "interestExpense": 0,
    "depreciationAndAmortization": 330182000,
    "ebitda": 1344172000,
    "ebitdaratio": 0.1008537105,
    "operatingIncome": 1013990000,
    "operatingIncomeRatio": 0.0760800358,
    "totalOtherIncomeExpensesNet": -27252000,
    "incomeBeforeTax": 986738000,
    "incomeBeforeTaxRatio": 0.0740353084,
    "incomeTaxExpense": 377326000,
    "netIncome": 609412000,
    "netIncomeRatio": 0.0457244024,
    "eps": 0.3,
    "epsdiluted": 0.29,
    "weightedAverageShsOut": 2033436000,
    "weightedAverageShsOutDil": 2125204000,
    "link": "https://www.sec.gov/Archives/edgar/data/109198/000095013504001661/0000950135-04-001661-index.htm",
    "finalLink": "https://www.sec.gov/Archives/edgar/data/109198/000095013504001661/b49914tje10vk.htm"
  },
  {
    "date": "2003-01-25",
    "symbol": "TJX",
    "reportedCurrency": "USD",
    "cik": "0000109198",
    "fillingDate": "2003-04-25",
    "acceptedDate": "2003-04-25 13:30:52",
    "calendarYear": "2003",
    "period": "FY",
    "revenue": 11981207000,
    "costOfRevenue": 9079579000,
    "grossProfit": 2901628000,
    "grossProfitRatio": 0.2421816099,
    "researchAndDevelopmentExpenses": 0,
    "generalAndAdministrativeExpenses": 0,
    "sellingAndMarketingExpenses": 0,
    "sellingGeneralAndAdministrativeExpenses": 1938531000,
    "otherExpenses": 0,
    "operatingExpenses": 1938531000,
    "costAndExpenses": 11018110000,
    "interestIncome": 0,
    "interestExpense": 0,
    "depreciationAndAmortization": 207876000,
    "ebitda": 1170973000,
    "ebitdaratio": 0.0977341431,
    "operatingIncome": 963097000,
    "operatingIncomeRatio": 0.0803839713,
    "totalOtherIncomeExpensesNet": -25373000,
    "incomeBeforeTax": 937724000,
    "incomeBeforeTaxRatio": 0.0782662381,
    "incomeTaxExpense": 359336000,
    "netIncome": 578388000,
    "netIncomeRatio": 0.048274602,
    "eps": 0.28,
    "epsdiluted": 0.25,
    "weightedAverageShsOut": 2139877000,
    "weightedAverageShsOutDil": 2219432000,
    "link": "https://www.sec.gov/Archives/edgar/data/109198/000095013503002594/0000950135-03-002594-index.htm",
    "finalLink": "https://www.sec.gov/Archives/edgar/data/109198/000095013503002594/b46271txe10vk.htm"
  },
  {
    "date": "2002-01-26",
    "symbol": "TJX",
    "reportedCurrency": "USD",
    "cik": "0000109198",
    "fillingDate": "2002-04-24",
    "acceptedDate": "2002-04-24 00:00:00",
    "calendarYear": "2002",
    "period": "FY",
    "revenue": 10708998000,
    "costOfRevenue": 8122922000,
    "grossProfit": 2586076000,
    "grossProfitRatio": 0.2414862716,
    "researchAndDevelopmentExpenses": 0,
    "generalAndAdministrativeExpenses": 0,
    "sellingAndMarketingExpenses": 0,
    "sellingGeneralAndAdministrativeExpenses": 1686389000,
    "otherExpenses": 0,
    "operatingExpenses": 1686389000,
    "costAndExpenses": 9809311000,
    "interestIncome": 0,
    "interestExpense": 0,
    "depreciationAndAmortization": 204081000,
    "ebitda": 1103768000,
    "ebitdaratio": 0.1030692134,
    "operatingIncome": 899687000,
    "operatingIncomeRatio": 0.0840122484,
    "totalOtherIncomeExpensesNet": -25643000,
    "incomeBeforeTax": 874044000,
    "incomeBeforeTaxRatio": 0.08161772,
    "incomeTaxExpense": 333647000,
    "netIncome": 500397000,
    "netIncomeRatio": 0.0467267806,
    "eps": 0.23,
    "epsdiluted": 0.23,
    "weightedAverageShsOut": 2210483000,
    "weightedAverageShsOutDil": 2298264000,
    "link": "https://www.sec.gov/Archives/edgar/data/109198/000095013502002121/0000950135-02-002121-index.htm",
    "finalLink": "https://www.sec.gov/Archives/edgar/data/109198/000095013502002121/b42801tce10-k.htm"
  },
  {
    "date": "2001-01-27",
    "symbol": "TJX",
    "reportedCurrency": "USD",
    "cik": "0000109198",
    "fillingDate": "2001-04-25",
    "acceptedDate": "2001-04-25 00:00:00",
    "calendarYear": "2001",
    "period": "FY",
    "revenue": 9579006000,
    "costOfRevenue": 7012343000,
    "grossProfit": 2566663000,
    "grossProfitRatio": 0.2679466951,
    "researchAndDevelopmentExpenses": 0,
    "generalAndAdministrativeExpenses": 0,
    "sellingAndMarketingExpenses": 0,
    "sellingGeneralAndAdministrativeExpenses": 1503036000,
    "otherExpenses": 175781000,
    "operatingExpenses": 1678817000,
    "costAndExpenses": 8691160000,
    "interestIncome": 0,
    "interestExpense": 0,
    "depreciationAndAmortization": 175781000,
    "ebitda": 1063627000,
    "ebitdaratio": 0.1110373039,
    "operatingIncome": 887846000,
    "operatingIncomeRatio": 0.0926866525,
    "totalOtherIncomeExpensesNet": -22904000,
    "incomeBeforeTax": 864942000,
    "incomeBeforeTaxRatio": 0.0902955902,
    "incomeTaxExpense": 326876000,
    "netIncome": 538066000,
    "netIncomeRatio": 0.0561713815,
    "eps": 0.23,
    "epsdiluted": 0.23,
    "weightedAverageShsOut": 2299525000,
    "weightedAverageShsOutDil": 2313570000,
    "link": "https://www.sec.gov/Archives/edgar/data/109198/000095013501500764/0000950135-01-500764-index.htm",
    "finalLink": "https://www.sec.gov/Archives/edgar/data/109198/000095013501500764/b38205tce10-k405.txt"
  },
  {
    "date": "2000-01-29",
    "symbol": "TJX",
    "reportedCurrency": "USD",
    "cik": "0000109198",
    "fillingDate": "2000-04-28",
    "acceptedDate": "2000-04-28 00:00:00",
    "calendarYear": "2000",
    "period": "FY",
    "revenue": 8795347000,
    "costOfRevenue": 6419007000,
    "grossProfit": 2376340000,
    "grossProfitRatio": 0.2701814948,
    "researchAndDevelopmentExpenses": 0,
    "generalAndAdministrativeExpenses": 0,
    "sellingAndMarketingExpenses": 0,
    "sellingGeneralAndAdministrativeExpenses": 1354665000,
    "otherExpenses": 160393000,
    "operatingExpenses": 1515058000,
    "costAndExpenses": 7934065000,
    "interestIncome": 0,
    "interestExpense": 0,
    "depreciationAndAmortization": 160393000,
    "ebitda": 1021675000,
    "ebitdaratio": 0.1161608519,
    "operatingIncome": 861282000,
    "operatingIncomeRatio": 0.0979247322,
    "totalOtherIncomeExpensesNet": -7345000,
    "incomeBeforeTax": 853937000,
    "incomeBeforeTaxRatio": 0.0970896316,
    "incomeTaxExpense": 327115000,
    "netIncome": 521668000,
    "netIncomeRatio": 0.0593118157,
    "eps": 0.21,
    "epsdiluted": 0.21,
    "weightedAverageShsOut": 2516617000,
    "weightedAverageShsOutDil": 2542326000,
    "link": "https://www.sec.gov/Archives/edgar/data/109198/000095013500002394/0000950135-00-002394-index.htm",
    "finalLink": "https://www.sec.gov/Archives/edgar/data/109198/000095013500002394/"
  },
  {
    "date": "1999-01-30",
    "symbol": "TJX",
    "reportedCurrency": "USD",
    "cik": "0000109198",
    "fillingDate": "1999-04-29",
    "acceptedDate": "1999-04-29 00:00:00",
    "calendarYear": "1999",
    "period": "FY",
    "revenue": 7949100000,
    "costOfRevenue": 5820900000,
    "grossProfit": 2128200000,
    "grossProfitRatio": 0.2677284221,
    "researchAndDevelopmentExpenses": 0,
    "generalAndAdministrativeExpenses": 0,
    "sellingAndMarketingExpenses": 0,
    "sellingGeneralAndAdministrativeExpenses": 1286000000,
    "otherExpenses": 136500000,
    "operatingExpenses": 1422500000,
    "costAndExpenses": 7243400000,
    "interestIncome": 0,
    "interestExpense": 0,
    "depreciationAndAmortization": 136500000,
    "ebitda": 842200000,
    "ebitdaratio": 0.1059491012,
    "operatingIncome": 705700000,
    "operatingIncomeRatio": 0.0887773459,
    "totalOtherIncomeExpensesNet": -1700000,
    "incomeBeforeTax": 704000000,
    "incomeBeforeTaxRatio": 0.0885634852,
    "incomeTaxExpense": 270800000,
    "netIncome": 424200000,
    "netIncomeRatio": 0.0533645318,
    "eps": 0.17,
    "epsdiluted": 0.16,
    "weightedAverageShsOut": 2544585000,
    "weightedAverageShsOutDil": 2677184000,
    "link": "https://www.sec.gov/Archives/edgar/data/109198/000095013599002215/0000950135-99-002215-index.htm",
    "finalLink": "https://www.sec.gov/Archives/edgar/data/109198/000095013599002215/"
  },
  {
    "date": "1998-01-31",
    "symbol": "TJX",
    "reportedCurrency": "USD",
    "cik": "0000109198",
    "fillingDate": "1998-04-29",
    "acceptedDate": "1998-04-29 00:00:00",
    "calendarYear": "1998",
    "period": "FY",
    "revenue": 7389069000,
    "costOfRevenue": 5551700000,
    "grossProfit": 1837369000,
    "grossProfitRatio": 0.2486604199,
    "researchAndDevelopmentExpenses": 0,
    "generalAndAdministrativeExpenses": 0,
    "sellingAndMarketingExpenses": 0,
    "sellingGeneralAndAdministrativeExpenses": 1185800000,
    "otherExpenses": 124900000,
    "operatingExpenses": 1310700000,
    "costAndExpenses": 6862400000,
    "interestIncome": 0,
    "interestExpense": 0,
    "depreciationAndAmortization": 124900000,
    "ebitda": 651569000,
    "ebitdaratio": 0.0881801212,
    "operatingIncome": 526669000,
    "operatingIncomeRatio": 0.0712767738,
    "totalOtherIncomeExpensesNet": -4369000,
    "incomeBeforeTax": 522300000,
    "incomeBeforeTaxRatio": 0.070685495,
    "incomeTaxExpense": 215700000,
    "netIncome": 304800000,
    "netIncomeRatio": 0.0412501223,
    "eps": 0.11,
    "epsdiluted": 0.11,
    "weightedAverageShsOut": 2571792000,
    "weightedAverageShsOutDil": 2796897000,
    "link": "https://www.sec.gov/Archives/edgar/data/109198/000095013598002799/0000950135-98-002799-index.htm",
    "finalLink": "https://www.sec.gov/Archives/edgar/data/109198/000095013598002799/"
  },
  {
    "date": "1997-01-25",
    "symbol": "TJX",
    "reportedCurrency": "USD",
    "cik": "0000109198",
    "fillingDate": "1997-04-25",
    "acceptedDate": "1997-04-25 00:00:00",
    "calendarYear": "1997",
    "period": "FY",
    "revenue": 6689400000,
    "costOfRevenue": 5072000000,
    "grossProfit": 1617400000,
    "grossProfitRatio": 0.2417855114,
    "researchAndDevelopmentExpenses": 0,
    "generalAndAdministrativeExpenses": 0,
    "sellingAndMarketingExpenses": 0,
    "sellingGeneralAndAdministrativeExpenses": 1087100000,
    "otherExpenses": 126800000,
    "operatingExpenses": 1213900000,
    "costAndExpenses": 6285900000,
    "interestIncome": 0,
    "interestExpense": 0,
    "depreciationAndAmortization": 126800000,
    "ebitda": 530300000,
    "ebitdaratio": 0.0792746734,
    "operatingIncome": 403500000,
    "operatingIncomeRatio": 0.0603193111,
    "totalOtherIncomeExpensesNet": -37400000,
    "incomeBeforeTax": 366100000,
    "incomeBeforeTaxRatio": 0.0547283762,
    "incomeTaxExpense": 152300000,
    "netIncome": 363100000,
    "netIncomeRatio": 0.0542799055,
    "eps": 0.15,
    "epsdiluted": 0.13,
    "weightedAverageShsOut": 2389060000,
    "weightedAverageShsOutDil": 2687692000,
    "link": "https://www.sec.gov/Archives/edgar/data/109198/000095013597002017/0000950135-97-002017-index.htm",
    "finalLink": "https://www.sec.gov/Archives/edgar/data/109198/000095013597002017/"
  },
  {
    "date": "1996-01-27",
    "symbol": "TJX",
    "reportedCurrency": "USD",
    "cik": "0000109198",
    "fillingDate": "1996-04-26",
    "acceptedDate": "1996-04-26 00:00:00",
    "calendarYear": "1996",
    "period": "FY",
    "revenue": 3975100000,
    "costOfRevenue": 3064000000,
    "grossProfit": 911100000,
    "grossProfitRatio": 0.2292017811,
    "researchAndDevelopmentExpenses": 0,
    "generalAndAdministrativeExpenses": 0,
    "sellingAndMarketingExpenses": 0,
    "sellingGeneralAndAdministrativeExpenses": 669900000,
    "otherExpenses": 79200000,
    "operatingExpenses": 749100000,
    "costAndExpenses": 3813100000,
    "interestIncome": 0,
    "interestExpense": 0,
    "depreciationAndAmortization": 79200000,
    "ebitda": 241200000,
    "ebitdaratio": 0.0606777188,
    "operatingIncome": 162000000,
    "operatingIncomeRatio": 0.0407536917,
    "totalOtherIncomeExpensesNet": -73200000,
    "incomeBeforeTax": 88800000,
    "incomeBeforeTaxRatio": 0.0223390607,
    "incomeTaxExpense": 37200000,
    "netIncome": 26300000,
    "netIncomeRatio": 0.0066161858,
    "eps": 0.0075,
    "epsdiluted": 0.0075,
    "weightedAverageShsOut": 2253333000,
    "weightedAverageShsOutDil": 2253333000,
    "link": "https://www.sec.gov/Archives/edgar/data/109198/000095013596001819/0000950135-96-001819-index.htm",
    "finalLink": "https://www.sec.gov/Archives/edgar/data/109198/000095013596001819/"
  },
  {
    "date": "1995-01-28",
    "symbol": "TJX",
    "reportedCurrency": "USD",
    "cik": "0000109198",
    "fillingDate": "1995-04-19",
    "acceptedDate": "1995-04-19 00:00:00",
    "calendarYear": "1995",
    "period": "FY",
    "revenue": 3842800000,
    "costOfRevenue": 2850600000,
    "grossProfit": 992200000,
    "grossProfitRatio": 0.2581971479,
    "researchAndDevelopmentExpenses": 0,
    "generalAndAdministrativeExpenses": 0,
    "sellingAndMarketingExpenses": 0,
    "sellingGeneralAndAdministrativeExpenses": 748000000,
    "otherExpenses": 76500000,
    "operatingExpenses": 824500000,
    "costAndExpenses": 3675100000,
    "interestIncome": 0,
    "interestExpense": 0,
    "depreciationAndAmortization": 76500000,
    "ebitda": 244200000,
    "ebitdaratio": 0.0635474133,
    "operatingIncome": 167700000,
    "operatingIncomeRatio": 0.0436400541,
    "totalOtherIncomeExpensesNet": -25900000,
    "incomeBeforeTax": 141800000,
    "incomeBeforeTaxRatio": 0.036900177,
    "incomeTaxExpense": 59200000,
    "netIncome": 82600000,
    "netIncomeRatio": 0.0214947434,
    "eps": 0.0325,
    "epsdiluted": 0.0325,
    "weightedAverageShsOut": 2320000000,
    "weightedAverageShsOutDil": 2320000000,
    "link": "https://www.sec.gov/Archives/edgar/data/109198/000010919895000002/0000109198-95-000002-index.htm",
    "finalLink": "https://www.sec.gov/Archives/edgar/data/109198/000010919895000002/"
  },
  {
    "date": "1994-01-29",
    "symbol": "TJX",
    "reportedCurrency": "USD",
    "cik": "0000109198",
    "fillingDate": "1994-04-22",
    "acceptedDate": "1994-04-22 00:00:00",
    "calendarYear": "1994",
    "period": "FY",
    "revenue": 3626600000,
    "costOfRevenue": 2655200000,
    "grossProfit": 971400000,
    "grossProfitRatio": 0.2678541885,
    "researchAndDevelopmentExpenses": 0,
    "generalAndAdministrativeExpenses": 0,
    "sellingAndMarketingExpenses": 0,
    "sellingGeneralAndAdministrativeExpenses": 674100000,
    "otherExpenses": 67500000,
    "operatingExpenses": 741600000,
    "costAndExpenses": 3396800000,
    "interestIncome": 0,
    "interestExpense": 0,
    "depreciationAndAmortization": 67500000,
    "ebitda": 297300000,
    "ebitdaratio": 0.0819776099,
    "operatingIncome": 229800000,
    "operatingIncomeRatio": 0.0633651354,
    "totalOtherIncomeExpensesNet": -19200000,
    "incomeBeforeTax": 210600000,
    "incomeBeforeTaxRatio": 0.0580709204,
    "incomeTaxExpense": 83600000,
    "netIncome": 124300000,
    "netIncomeRatio": 0.0342745271,
    "eps": 0.05,
    "epsdiluted": 0.05,
    "weightedAverageShsOut": 2342000000,
    "weightedAverageShsOutDil": 2342000000,
    "link": "https://www.sec.gov/Archives/edgar/data/109198/000010919894000003/0000109198-94-000003-index.htm",
    "finalLink": "https://www.sec.gov/Archives/edgar/data/109198/000010919894000003/"
  },
  {
    "date": "1993-01-31",
    "symbol": "TJX",
    "reportedCurrency": "USD",
    "cik": "0000109198",
    "fillingDate": "1993-01-31",
    "acceptedDate": "1993-01-31 00:00:00",
    "calendarYear": "1993",
    "period": "FY",
    "revenue": 3261200000,
    "costOfRevenue": 2405000000,
    "grossProfit": 856200000,
    "grossProfitRatio": 0.2625413958,
    "researchAndDevelopmentExpenses": 0,
    "generalAndAdministrativeExpenses": 0,
    "sellingAndMarketingExpenses": 0,
    "sellingGeneralAndAdministrativeExpenses": 593900000,
    "otherExpenses": 62900000,
    "operatingExpenses": 656800000,
    "costAndExpenses": 3061800000,
    "interestIncome": 0,
    "interestExpense": 0,
    "depreciationAndAmortization": 62900000,
    "ebitda": 262300000,
    "ebitdaratio": 0.0804305164,
    "operatingIncome": 199400000,
    "operatingIncomeRatio": 0.0611431375,
    "totalOtherIncomeExpensesNet": -26300000,
    "incomeBeforeTax": 173100000,
    "incomeBeforeTaxRatio": 0.0530786214,
    "incomeTaxExpense": 69100000,
    "netIncome": 102800000,
    "netIncomeRatio": 0.0315221391,
    "eps": 0.0425,
    "epsdiluted": 0.0425,
    "weightedAverageShsOut": 2418824000,
    "weightedAverageShsOutDil": 2418824000,
    "link": null,
    "finalLink": null
  },
  {
    "date": "1992-01-31",
    "symbol": "TJX",
    "reportedCurrency": "USD",
    "cik": "0000109198",
    "fillingDate": "1992-01-31",
    "acceptedDate": "1992-01-31 00:00:00",
    "calendarYear": "1992",
    "period": "FY",
    "revenue": 2757700000,
    "costOfRevenue": 2060800000,
    "grossProfit": 696900000,
    "grossProfitRatio": 0.2527105922,
    "researchAndDevelopmentExpenses": 0,
    "generalAndAdministrativeExpenses": 0,
    "sellingAndMarketingExpenses": 0,
    "sellingGeneralAndAdministrativeExpenses": 491600000,
    "otherExpenses": 56800000,
    "operatingExpenses": 548400000,
    "costAndExpenses": 2609200000,
    "interestIncome": 0,
    "interestExpense": 0,
    "depreciationAndAmortization": 56800000,
    "ebitda": 205300000,
    "ebitdaratio": 0.0744460964,
    "operatingIncome": 148500000,
    "operatingIncomeRatio": 0.0538492222,
    "totalOtherIncomeExpensesNet": -27300000,
    "incomeBeforeTax": 121200000,
    "incomeBeforeTaxRatio": 0.0439496682,
    "incomeTaxExpense": 51100000,
    "netIncome": 20100000,
    "netIncomeRatio": 0.0072886826,
    "eps": 0.0088,
    "epsdiluted": 0.0088,
    "weightedAverageShsOut": 2297143000,
    "weightedAverageShsOutDil": 2297143000,
    "link": null,
    "finalLink": null
  },
  {
    "date": "1991-01-31",
    "symbol": "TJX",
    "reportedCurrency": "USD",
    "cik": "0000109198",
    "fillingDate": "1991-01-31",
    "acceptedDate": "1991-01-31 00:00:00",
    "calendarYear": "1991",
    "period": "FY",
    "revenue": 2446300000,
    "costOfRevenue": 1827100000,
    "grossProfit": 619200000,
    "grossProfitRatio": 0.2531169521,
    "researchAndDevelopmentExpenses": 0,
    "generalAndAdministrativeExpenses": 0,
    "sellingAndMarketingExpenses": 0,
    "sellingGeneralAndAdministrativeExpenses": 421600000,
    "otherExpenses": 48500000,
    "operatingExpenses": 470100000,
    "costAndExpenses": 2297200000,
    "interestIncome": 0,
    "interestExpense": 0,
    "depreciationAndAmortization": 48500000,
    "ebitda": 197600000,
    "ebitdaratio": 0.080775048,
    "operatingIncome": 149100000,
    "operatingIncomeRatio": 0.0609491886,
    "totalOtherIncomeExpensesNet": -25600000,
    "incomeBeforeTax": 123500000,
    "incomeBeforeTaxRatio": 0.050484405,
    "incomeTaxExpense": 49400000,
    "netIncome": 74100000,
    "netIncomeRatio": 0.030290643,
    "eps": 0.0338,
    "epsdiluted": 0.0338,
    "weightedAverageShsOut": 2195556000,
    "weightedAverageShsOutDil": 2195556000,
    "link": null,
    "finalLink": null
  },
  {
    "date": "1990-01-31",
    "symbol": "TJX",
    "reportedCurrency": "USD",
    "cik": "0000109198",
    "fillingDate": "1990-01-31",
    "acceptedDate": "1990-01-31 00:00:00",
    "calendarYear": "1990",
    "period": "FY",
    "revenue": 2148700000,
    "costOfRevenue": 1602300000,
    "grossProfit": 546400000,
    "grossProfitRatio": 0.2542932936,
    "researchAndDevelopmentExpenses": 0,
    "generalAndAdministrativeExpenses": 0,
    "sellingAndMarketingExpenses": 0,
    "sellingGeneralAndAdministrativeExpenses": 355600000,
    "otherExpenses": 41900000,
    "operatingExpenses": 397500000,
    "costAndExpenses": 1999800000,
    "interestIncome": 0,
    "interestExpense": 0,
    "depreciationAndAmortization": 41900000,
    "ebitda": 190800000,
    "ebitdaratio": 0.0887978778,
    "operatingIncome": 148900000,
    "operatingIncomeRatio": 0.0692977149,
    "totalOtherIncomeExpensesNet": -19800000,
    "incomeBeforeTax": 129100000,
    "incomeBeforeTaxRatio": 0.0600828408,
    "incomeTaxExpense": 53400000,
    "netIncome": 82800000,
    "netIncomeRatio": 0.0385349281,
    "eps": -0.035,
    "epsdiluted": -0.035,
    "weightedAverageShsOut": 1962857000,
    "weightedAverageShsOutDil": 1962857000,
    "link": null,
    "finalLink": null
  },
  {
    "date": "1989-01-31",
    "symbol": "TJX",
    "reportedCurrency": "USD",
    "cik": "0000109198",
    "fillingDate": "1989-01-31",
    "acceptedDate": "1989-01-30 19:00:00",
    "calendarYear": "1989",
    "period": "FY",
    "revenue": 1920800000,
    "costOfRevenue": 1757000000,
    "grossProfit": 163800000,
    "grossProfitRatio": 0.0852769679,
    "researchAndDevelopmentExpenses": 0,
    "generalAndAdministrativeExpenses": 0,
    "sellingAndMarketingExpenses": 0,
    "sellingGeneralAndAdministrativeExpenses": 12000000,
    "otherExpenses": 36400000,
    "operatingExpenses": 48400000,
    "costAndExpenses": 1805400000,
    "interestIncome": 0,
    "interestExpense": 0,
    "depreciationAndAmortization": 36400000,
    "ebitda": 151800000,
    "ebitdaratio": 0.079029571,
    "operatingIncome": 115400000,
    "operatingIncomeRatio": 0.0600791337,
    "totalOtherIncomeExpensesNet": -14000000,
    "incomeBeforeTax": 101400000,
    "incomeBeforeTaxRatio": 0.052790504,
    "incomeTaxExpense": 46300000,
    "netIncome": -167900000,
    "netIncomeRatio": -0.0874114952,
    "eps": -0.0925,
    "epsdiluted": -0.0925,
    "weightedAverageShsOut": 1815135000,
    "weightedAverageShsOutDil": 1815135000,
    "link": "",
    "finalLink": ""
  },
  {
    "date": "1988-01-31",
    "symbol": "TJX",
    "reportedCurrency": "USD",
    "cik": "0000109198",
    "fillingDate": "1988-01-31",
    "acceptedDate": "1988-01-30 19:00:00",
    "calendarYear": "1988",
    "period": "FY",
    "revenue": 1643700000,
    "costOfRevenue": 1495200000,
    "grossProfit": 148500000,
    "grossProfitRatio": 0.0903449535,
    "researchAndDevelopmentExpenses": 0,
    "generalAndAdministrativeExpenses": 0,
    "sellingAndMarketingExpenses": 0,
    "sellingGeneralAndAdministrativeExpenses": 0,
    "otherExpenses": 23800000,
    "operatingExpenses": 23800000,
    "costAndExpenses": 1519000000,
    "interestIncome": 0,
    "interestExpense": 0,
    "depreciationAndAmortization": 23800000,
    "ebitda": 148500000,
    "ebitdaratio": 0.0903449535,
    "operatingIncome": 124700000,
    "operatingIncomeRatio": 0.0758654256,
    "totalOtherIncomeExpensesNet": -6300000,
    "incomeBeforeTax": 118400000,
    "incomeBeforeTaxRatio": 0.0720326094,
    "incomeTaxExpense": 51700000,
    "netIncome": 66700000,
    "netIncomeRatio": 0.0405791811,
    "eps": 0.0425,
    "epsdiluted": 0.0425,
    "weightedAverageShsOut": 1569412000,
    "weightedAverageShsOutDil": 1569412000,
    "link": "",
    "finalLink": ""
  },
  {
    "date": "1987-01-31",
    "symbol": "TJX",
    "reportedCurrency": "USD",
    "cik": "0000109198",
    "fillingDate": "1987-01-31",
    "acceptedDate": "1987-01-30 19:00:00",
    "calendarYear": "1987",
    "period": "FY",
    "revenue": 1394600000,
    "costOfRevenue": 1270100000,
    "grossProfit": 124500000,
    "grossProfitRatio": 0.0892729098,
    "researchAndDevelopmentExpenses": 0,
    "generalAndAdministrativeExpenses": 0,
    "sellingAndMarketingExpenses": 0,
    "sellingGeneralAndAdministrativeExpenses": 0,
    "otherExpenses": 19100000,
    "operatingExpenses": 19100000,
    "costAndExpenses": 1289200000,
    "interestIncome": 0,
    "interestExpense": 0,
    "depreciationAndAmortization": 19100000,
    "ebitda": 124500000,
    "ebitdaratio": 0.0892729098,
    "operatingIncome": 105400000,
    "operatingIncomeRatio": 0.0755772264,
    "totalOtherIncomeExpensesNet": -4600000,
    "incomeBeforeTax": 100800000,
    "incomeBeforeTaxRatio": 0.0722787896,
    "incomeTaxExpense": 48600000,
    "netIncome": 52200000,
    "netIncomeRatio": 0.0374300875,
    "eps": 0.0235,
    "epsdiluted": 0.0235,
    "weightedAverageShsOut": 2217344000,
    "weightedAverageShsOutDil": 2217344000,
    "link": "",
    "finalLink": ""
  }
]