[
  {
    "date": "2025-06-30",
    "symbol": "TKO",
    "reportedCurrency": "USD",
    "cik": "0001973266",
    "fillingDate": "2025-08-06",
    "acceptedDate": "2025-08-06 16:19:22",
    "calendarYear": "2025",
    "period": "Q2",
    "revenue": 1308442000,
    "costOfRevenue": 575780000,
    "grossProfit": 732662000,
    "grossProfitRatio": 0.5599499252,
    "researchAndDevelopmentExpenses": 0,
    "generalAndAdministrativeExpenses": 0,
    "sellingAndMarketingExpenses": 0,
    "sellingGeneralAndAdministrativeExpenses": 346096000,
    "otherExpenses": 0,
    "operatingExpenses": 346096000,
    "costAndExpenses": 921876000,
    "interestIncome": 0,
    "interestExpense": 48207000,
    "depreciationAndAmortization": 99397000,
    "ebitda": 459863000,
    "ebitdaratio": 0.3514584521,
    "operatingIncome": 386566000,
    "operatingIncomeRatio": 0.2954399201,
    "totalOtherIncomeExpensesNet": -66997000,
    "incomeBeforeTax": 319569000,
    "incomeBeforeTaxRatio": 0.2442362749,
    "incomeTaxExpense": 46472000,
    "netIncome": 98365000,
    "netIncomeRatio": 0.0751771955,
    "eps": 1.2,
    "epsdiluted": 1.17,
    "weightedAverageShsOut": 81757675,
    "weightedAverageShsOutDil": 199279343,
    "link": "https://www.sec.gov/Archives/edgar/data/1973266/000095017025104095/0000950170-25-104095-index.htm",
    "finalLink": "https://www.sec.gov/Archives/edgar/data/1973266/000095017025104095/tko-20250630.htm"
  },
  {
    "date": "2025-03-31",
    "symbol": "TKO",
    "reportedCurrency": "USD",
    "cik": "0001973266",
    "fillingDate": "2025-05-08",
    "acceptedDate": "2025-05-08 17:15:29",
    "calendarYear": "2025",
    "period": "Q1",
    "revenue": 1268800000,
    "costOfRevenue": 668152000,
    "grossProfit": 600648000,
    "grossProfitRatio": 0.4733984868,
    "researchAndDevelopmentExpenses": 0,
    "generalAndAdministrativeExpenses": 0,
    "sellingAndMarketingExpenses": 0,
    "sellingGeneralAndAdministrativeExpenses": 315536000,
    "otherExpenses": 0,
    "operatingExpenses": 315536000,
    "costAndExpenses": 983688000,
    "interestIncome": 0,
    "interestExpense": 44765000,
    "depreciationAndAmortization": 100535000,
    "ebitda": 329513000,
    "ebitdaratio": 0.2597044451,
    "operatingIncome": 285112000,
    "operatingIncomeRatio": 0.2247099622,
    "totalOtherIncomeExpensesNet": -98374000,
    "incomeBeforeTax": 186738000,
    "incomeBeforeTaxRatio": 0.14717686,
    "incomeTaxExpense": 21182000,
    "netIncome": 58408000,
    "netIncomeRatio": 0.0460340479,
    "eps": 0.72,
    "epsdiluted": 0.69,
    "weightedAverageShsOut": 81571000,
    "weightedAverageShsOutDil": 181521000,
    "link": "https://www.sec.gov/Archives/edgar/data/1973266/000095017025067220/0000950170-25-067220-index.htm",
    "finalLink": "https://www.sec.gov/Archives/edgar/data/1973266/000095017025067220/tko-20250331.htm"
  },
  {
    "date": "2024-12-31",
    "symbol": "TKO",
    "reportedCurrency": "USD",
    "cik": "0001973266",
    "fillingDate": "2025-02-26",
    "acceptedDate": "2025-02-26 16:19:27",
    "calendarYear": "2024",
    "period": "Q4",
    "revenue": 642196000,
    "costOfRevenue": 315690000,
    "grossProfit": 326506000,
    "grossProfitRatio": 0.5084211051,
    "researchAndDevelopmentExpenses": 0,
    "generalAndAdministrativeExpenses": 0,
    "sellingAndMarketingExpenses": 0,
    "sellingGeneralAndAdministrativeExpenses": 221445000,
    "otherExpenses": 0,
    "operatingExpenses": 221445000,
    "costAndExpenses": 537135000,
    "interestIncome": 0,
    "interestExpense": 56247000,
    "depreciationAndAmortization": 83714000,
    "ebitda": 184318000,
    "ebitdaratio": 0.2870120649,
    "operatingIncome": 105061000,
    "operatingIncomeRatio": 0.1635964721,
    "totalOtherIncomeExpensesNet": -63704000,
    "incomeBeforeTax": 41357000,
    "incomeBeforeTaxRatio": 0.0643993423,
    "incomeTaxExpense": -6123000,
    "netIncome": 30980000,
    "netIncomeRatio": 0.048240724,
    "eps": 0.38,
    "epsdiluted": 0.18,
    "weightedAverageShsOut": 81340000,
    "weightedAverageShsOutDil": 171970000,
    "link": "https://www.sec.gov/Archives/edgar/data/1973266/000095017025027778/0000950170-25-027778-index.htm",
    "finalLink": "https://www.sec.gov/Archives/edgar/data/1973266/000095017025027778/tko-20241231.htm"
  },
  {
    "date": "2024-09-30",
    "symbol": "TKO",
    "reportedCurrency": "USD",
    "cik": "0001973266",
    "fillingDate": "2024-11-06",
    "acceptedDate": "2024-11-06 16:22:26",
    "calendarYear": "2024",
    "period": "Q3",
    "revenue": 681273000,
    "costOfRevenue": 305240000,
    "grossProfit": 376033000,
    "grossProfitRatio": 0.551956411,
    "researchAndDevelopmentExpenses": 0,
    "generalAndAdministrativeExpenses": 0,
    "sellingAndMarketingExpenses": 0,
    "sellingGeneralAndAdministrativeExpenses": 194069000,
    "otherExpenses": 0,
    "operatingExpenses": 194069000,
    "costAndExpenses": 499309000,
    "interestIncome": 0,
    "interestExpense": 62644000,
    "depreciationAndAmortization": 98148000,
    "ebitda": 235902000,
    "ebitdaratio": 0.3462664747,
    "operatingIncome": 181964000,
    "operatingIncomeRatio": 0.2670941018,
    "totalOtherIncomeExpensesNet": -106465000,
    "incomeBeforeTax": 75499000,
    "incomeBeforeTaxRatio": 0.1108204787,
    "incomeTaxExpense": 17777000,
    "netIncome": 23136000,
    "netIncomeRatio": 0.0339599544,
    "eps": 0.71,
    "epsdiluted": 0.33,
    "weightedAverageShsOut": 80966252,
    "weightedAverageShsOutDil": 171601095,
    "link": "https://www.sec.gov/Archives/edgar/data/1973266/000095017024122364/0000950170-24-122364-index.htm",
    "finalLink": "https://www.sec.gov/Archives/edgar/data/1973266/000095017024122364/tko-20240930.htm"
  },
  {
    "date": "2024-06-30",
    "symbol": "TKO",
    "reportedCurrency": "USD",
    "cik": "0001973266",
    "fillingDate": "2024-08-08",
    "acceptedDate": "2024-08-08 07:21:56",
    "calendarYear": "2024",
    "period": "Q2",
    "revenue": 1193191000,
    "costOfRevenue": 710150000,
    "grossProfit": 483041000,
    "grossProfitRatio": 0.4048312466,
    "researchAndDevelopmentExpenses": 0,
    "generalAndAdministrativeExpenses": 0,
    "sellingAndMarketingExpenses": 0,
    "sellingGeneralAndAdministrativeExpenses": 356393000,
    "otherExpenses": 0,
    "operatingExpenses": 356393000,
    "costAndExpenses": 1066542999,
    "interestIncome": 0,
    "interestExpense": 62979000,
    "depreciationAndAmortization": 118912000,
    "ebitda": 233565000,
    "ebitdaratio": 0.195748208,
    "operatingIncome": 126648000,
    "operatingIncomeRatio": 0.1061422689,
    "totalOtherIncomeExpensesNet": -73856000,
    "incomeBeforeTax": 52792000,
    "incomeBeforeTaxRatio": 0.0442443833,
    "incomeTaxExpense": 6609000,
    "netIncome": 59107000,
    "netIncomeRatio": 0.049536914,
    "eps": 0.73,
    "epsdiluted": 0.72,
    "weightedAverageShsOut": 80884513,
    "weightedAverageShsOutDil": 81851388,
    "link": "https://www.sec.gov/Archives/edgar/data/1973266/000197326624000021/0001973266-24-000021-index.htm",
    "finalLink": "https://www.sec.gov/Archives/edgar/data/1973266/000197326624000021/tko-20240630x10q.htm"
  },
  {
    "date": "2024-03-31",
    "symbol": "TKO",
    "reportedCurrency": "USD",
    "cik": "0001973266",
    "fillingDate": "2024-05-08",
    "acceptedDate": "2024-05-08 16:34:44",
    "calendarYear": "2024",
    "period": "Q1",
    "revenue": 1222448000,
    "costOfRevenue": 727715000,
    "grossProfit": 494733000,
    "grossProfitRatio": 0.4047067851,
    "researchAndDevelopmentExpenses": 0,
    "generalAndAdministrativeExpenses": 0,
    "sellingAndMarketingExpenses": 0,
    "sellingGeneralAndAdministrativeExpenses": 313045000,
    "otherExpenses": 0,
    "operatingExpenses": 313045000,
    "costAndExpenses": 1040760000,
    "interestIncome": 0,
    "interestExpense": 61177000,
    "depreciationAndAmortization": 122069000,
    "ebitda": -59745000,
    "ebitdaratio": -0.0488732445,
    "operatingIncome": 181688000,
    "operatingIncomeRatio": 0.1486263628,
    "totalOtherIncomeExpensesNet": -421872000,
    "incomeBeforeTax": -240184000,
    "incomeBeforeTaxRatio": -0.196477887,
    "incomeTaxExpense": -5731000,
    "netIncome": -103840000,
    "netIncomeRatio": -0.0849443085,
    "eps": -1.26,
    "epsdiluted": -1.26,
    "weightedAverageShsOut": 82351654,
    "weightedAverageShsOutDil": 82351654,
    "link": "https://www.sec.gov/Archives/edgar/data/1973266/000197326624000013/0001973266-24-000013-index.htm",
    "finalLink": "https://www.sec.gov/Archives/edgar/data/1973266/000197326624000013/tko-20240331x10q.htm"
  },
  {
    "date": "2023-12-31",
    "symbol": "TKO",
    "reportedCurrency": "USD",
    "cik": "0001973266",
    "fillingDate": "2024-02-27",
    "acceptedDate": "2024-02-27 16:39:11",
    "calendarYear": "2023",
    "period": "Q4",
    "revenue": 614000000,
    "costOfRevenue": 315000000,
    "grossProfit": 299000000,
    "grossProfitRatio": 0.486970684,
    "researchAndDevelopmentExpenses": 0,
    "generalAndAdministrativeExpenses": 0,
    "sellingAndMarketingExpenses": 0,
    "sellingGeneralAndAdministrativeExpenses": 201000000,
    "otherExpenses": 0,
    "operatingExpenses": 201000000,
    "costAndExpenses": 516000000,
    "interestIncome": 0,
    "interestExpense": 66599999,
    "depreciationAndAmortization": 102700000,
    "ebitda": 167000000,
    "ebitdaratio": 0.2719869707,
    "operatingIncome": 98000000,
    "operatingIncomeRatio": 0.1596091205,
    "totalOtherIncomeExpensesNet": -100300000,
    "incomeBeforeTax": -2300000,
    "incomeBeforeTaxRatio": -0.0037459283,
    "incomeTaxExpense": 13800000,
    "netIncome": -13300000,
    "netIncomeRatio": -0.0216612378,
    "eps": -0.16,
    "epsdiluted": -0.16,
    "weightedAverageShsOut": 82735036,
    "weightedAverageShsOutDil": 82735036,
    "link": "https://www.sec.gov/Archives/edgar/data/1973266/000156276224000038/0001562762-24-000038-index.htm",
    "finalLink": "https://www.sec.gov/Archives/edgar/data/1973266/000156276224000038/tko-20231231x10k.htm"
  },
  {
    "date": "2023-09-30",
    "symbol": "TKO",
    "reportedCurrency": "USD",
    "cik": "0001973266",
    "fillingDate": "2023-11-07",
    "acceptedDate": "2023-11-07 16:16:57",
    "calendarYear": "2023",
    "period": "Q3",
    "revenue": 449058000,
    "costOfRevenue": 162010000,
    "grossProfit": 287048000,
    "grossProfitRatio": 0.6392225503,
    "researchAndDevelopmentExpenses": 0,
    "generalAndAdministrativeExpenses": 0,
    "sellingAndMarketingExpenses": 0,
    "sellingGeneralAndAdministrativeExpenses": 193211000,
    "otherExpenses": 0,
    "operatingExpenses": 193211000,
    "costAndExpenses": 355221000,
    "interestIncome": 0,
    "interestExpense": 60636000,
    "depreciationAndAmortization": 36112000,
    "ebitda": 129253000,
    "ebitdaratio": 0.287831416,
    "operatingIncome": 93837000,
    "operatingIncomeRatio": 0.2089640982,
    "totalOtherIncomeExpensesNet": -60661000,
    "incomeBeforeTax": 33176000,
    "incomeBeforeTaxRatio": 0.073879098,
    "incomeTaxExpense": 11156000,
    "netIncome": -21886000,
    "netIncomeRatio": -0.0487375796,
    "eps": -0.26,
    "epsdiluted": -0.26,
    "weightedAverageShsOut": 83161406,
    "weightedAverageShsOutDil": 83161406,
    "link": "https://www.sec.gov/Archives/edgar/data/1973266/000197326623000009/0001973266-23-000009-index.htm",
    "finalLink": "https://www.sec.gov/Archives/edgar/data/1973266/000197326623000009/tko-20230930x10q.htm"
  },
  {
    "date": "2023-06-30",
    "symbol": "TKO",
    "reportedCurrency": "USD",
    "cik": "0001973266",
    "fillingDate": "2023-06-30",
    "acceptedDate": "2023-06-29 20:00:00",
    "calendarYear": "2023",
    "period": "Q2",
    "revenue": 305185000,
    "costOfRevenue": 97839000,
    "grossProfit": 207346000,
    "grossProfitRatio": 0.6794108492,
    "researchAndDevelopmentExpenses": 0,
    "generalAndAdministrativeExpenses": 0,
    "sellingAndMarketingExpenses": 0,
    "sellingGeneralAndAdministrativeExpenses": 52110000,
    "otherExpenses": 0,
    "operatingExpenses": 52110000,
    "costAndExpenses": 149949000,
    "interestIncome": 0,
    "interestExpense": 57895000,
    "depreciationAndAmortization": 15050000,
    "ebitda": 158385000,
    "ebitdaratio": 0.5189802906,
    "operatingIncome": 155236000,
    "operatingIncomeRatio": 0.5086619591,
    "totalOtherIncomeExpensesNet": -70513000,
    "incomeBeforeTax": 84723000,
    "incomeBeforeTaxRatio": 0.2776119403,
    "incomeTaxExpense": 2869000,
    "netIncome": 81414000,
    "netIncomeRatio": 0.2667693366,
    "eps": 0.67,
    "epsdiluted": 0.67,
    "weightedAverageShsOut": 77861000,
    "weightedAverageShsOutDil": 77861000,
    "link": null,
    "finalLink": null
  },
  {
    "date": "2023-03-31",
    "symbol": "TKO",
    "reportedCurrency": "USD",
    "cik": "0001973266",
    "fillingDate": "2023-03-31",
    "acceptedDate": "2023-03-30 20:00:00",
    "calendarYear": "2023",
    "period": "Q1",
    "revenue": 306730000,
    "costOfRevenue": 104304000,
    "grossProfit": 202426000,
    "grossProfitRatio": 0.6599484889,
    "researchAndDevelopmentExpenses": 0,
    "generalAndAdministrativeExpenses": 0,
    "sellingAndMarketingExpenses": 0,
    "sellingGeneralAndAdministrativeExpenses": 45089000,
    "otherExpenses": 0,
    "operatingExpenses": 45089000,
    "costAndExpenses": 149393000,
    "interestIncome": 0,
    "interestExpense": 53908000,
    "depreciationAndAmortization": 15152000,
    "ebitda": 160903000,
    "ebitdaratio": 0.5245753594,
    "operatingIncome": 157337000,
    "operatingIncomeRatio": 0.5129494996,
    "totalOtherIncomeExpensesNet": -65757000,
    "incomeBeforeTax": 91580000,
    "incomeBeforeTaxRatio": 0.2985687738,
    "incomeTaxExpense": 3630000,
    "netIncome": 87602000,
    "netIncomeRatio": 0.2855997131,
    "eps": 1.05,
    "epsdiluted": 1.05,
    "weightedAverageShsOut": 82724169,
    "weightedAverageShsOutDil": 83162446,
    "link": null,
    "finalLink": null
  },
  {
    "date": "2022-12-31",
    "symbol": "TKO",
    "reportedCurrency": "USD",
    "cik": "0001973266",
    "fillingDate": "2022-12-31",
    "acceptedDate": "2022-12-30 19:00:00",
    "calendarYear": "2022",
    "period": "Q4",
    "revenue": 271700000,
    "costOfRevenue": 97100000,
    "grossProfit": 174600000,
    "grossProfitRatio": 0.6426205374,
    "researchAndDevelopmentExpenses": 0,
    "generalAndAdministrativeExpenses": 0,
    "sellingAndMarketingExpenses": 0,
    "sellingGeneralAndAdministrativeExpenses": 54200000,
    "otherExpenses": 0,
    "operatingExpenses": 54200000,
    "costAndExpenses": 151300000,
    "interestIncome": 0,
    "interestExpense": 48800000,
    "depreciationAndAmortization": 15000000,
    "ebitda": 134300000,
    "ebitdaratio": 0.4942951785,
    "operatingIncome": 120400000,
    "operatingIncomeRatio": 0.4431358116,
    "totalOtherIncomeExpensesNet": -50100000,
    "incomeBeforeTax": 70300000,
    "incomeBeforeTaxRatio": 0.2587412587,
    "incomeTaxExpense": 1800000,
    "netIncome": 68373000,
    "netIncomeRatio": 0.2516488774,
    "eps": 0.52,
    "epsdiluted": 0.45,
    "weightedAverageShsOut": 88700000,
    "weightedAverageShsOutDil": 88700000,
    "link": null,
    "finalLink": null
  },
  {
    "date": "2022-09-30",
    "symbol": "TKO",
    "reportedCurrency": "USD",
    "cik": "0001973266",
    "fillingDate": "2022-09-30",
    "acceptedDate": "2022-09-29 20:00:00",
    "calendarYear": "2022",
    "period": "Q3",
    "revenue": 340699000,
    "costOfRevenue": 114566000,
    "grossProfit": 226133000,
    "grossProfitRatio": 0.6637325029,
    "researchAndDevelopmentExpenses": 0,
    "generalAndAdministrativeExpenses": 0,
    "sellingAndMarketingExpenses": 0,
    "sellingGeneralAndAdministrativeExpenses": 56497000,
    "otherExpenses": 0,
    "operatingExpenses": 56497000,
    "costAndExpenses": 171063000,
    "interestIncome": 0,
    "interestExpense": 35319000,
    "depreciationAndAmortization": 18679000,
    "ebitda": 188715000,
    "ebitdaratio": 0.5539053534,
    "operatingIncome": 169636000,
    "operatingIncomeRatio": 0.4979057761,
    "totalOtherIncomeExpensesNet": -34919000,
    "incomeBeforeTax": 134717000,
    "incomeBeforeTaxRatio": 0.3954135469,
    "incomeTaxExpense": 5044000,
    "netIncome": 129042000,
    "netIncomeRatio": 0.3787566151,
    "eps": 1.55,
    "epsdiluted": 1.55,
    "weightedAverageShsOut": 83162446,
    "weightedAverageShsOutDil": 83162446,
    "link": null,
    "finalLink": null
  },
  {
    "date": "2022-06-30",
    "symbol": "TKO",
    "reportedCurrency": "USD",
    "cik": "0001973266",
    "fillingDate": "2022-06-30",
    "acceptedDate": "2022-06-29 20:00:00",
    "calendarYear": "2022",
    "period": "Q2",
    "revenue": 328135000,
    "costOfRevenue": 206337000,
    "grossProfit": 121798000,
    "grossProfitRatio": 0.3711825925,
    "researchAndDevelopmentExpenses": 0,
    "generalAndAdministrativeExpenses": 0,
    "sellingAndMarketingExpenses": 0,
    "sellingGeneralAndAdministrativeExpenses": 52470000,
    "otherExpenses": 0,
    "operatingExpenses": 52470000,
    "costAndExpenses": 258807000,
    "interestIncome": 614000,
    "interestExpense": 4635000,
    "depreciationAndAmortization": 21226000,
    "ebitda": 90288000,
    "ebitdaratio": 0.2751550429,
    "operatingIncome": 69328000,
    "operatingIncomeRatio": 0.2112788944,
    "totalOtherIncomeExpensesNet": -4900999,
    "incomeBeforeTax": 64427000,
    "incomeBeforeTaxRatio": 0.1963429686,
    "incomeTaxExpense": 15328000,
    "netIncome": 49099000,
    "netIncomeRatio": 0.1496304875,
    "eps": 0.66,
    "epsdiluted": 0.58,
    "weightedAverageShsOut": 74299000,
    "weightedAverageShsOutDil": 87857000,
    "link": null,
    "finalLink": null
  },
  {
    "date": "2022-03-31",
    "symbol": "TKO",
    "reportedCurrency": "USD",
    "cik": "0001973266",
    "fillingDate": "2022-03-31",
    "acceptedDate": "2022-03-30 20:00:00",
    "calendarYear": "2022",
    "period": "Q1",
    "revenue": 333448000,
    "costOfRevenue": 190392000,
    "grossProfit": 143056000,
    "grossProfitRatio": 0.429020417,
    "researchAndDevelopmentExpenses": 0,
    "generalAndAdministrativeExpenses": 0,
    "sellingAndMarketingExpenses": 0,
    "sellingGeneralAndAdministrativeExpenses": 50647000,
    "otherExpenses": 0,
    "operatingExpenses": 50647000,
    "costAndExpenses": 241039000,
    "interestIncome": 263000,
    "interestExpense": 6345000,
    "depreciationAndAmortization": 24091000,
    "ebitda": 116821000,
    "ebitdaratio": 0.3503424822,
    "operatingIncome": 92409000,
    "operatingIncomeRatio": 0.2771316667,
    "totalOtherIncomeExpensesNet": -6024000,
    "incomeBeforeTax": 86385000,
    "incomeBeforeTaxRatio": 0.2590658813,
    "incomeTaxExpense": 20344000,
    "netIncome": 66041000,
    "netIncomeRatio": 0.1980548691,
    "eps": 1.15,
    "epsdiluted": 1.15,
    "weightedAverageShsOut": 83162446,
    "weightedAverageShsOutDil": 83162446,
    "link": null,
    "finalLink": null
  },
  {
    "date": "2021-12-31",
    "symbol": "TKO",
    "reportedCurrency": "USD",
    "cik": "0001973266",
    "fillingDate": "2021-12-31",
    "acceptedDate": "2021-12-29 19:00:00",
    "calendarYear": "2021",
    "period": "Q4",
    "revenue": 310257000,
    "costOfRevenue": 180038000,
    "grossProfit": 130219000,
    "grossProfitRatio": 0.4197133344,
    "researchAndDevelopmentExpenses": 0,
    "generalAndAdministrativeExpenses": 0,
    "sellingAndMarketingExpenses": 0,
    "sellingGeneralAndAdministrativeExpenses": 49545000,
    "otherExpenses": 0,
    "operatingExpenses": 49545000,
    "costAndExpenses": 229583000,
    "interestIncome": 117000,
    "interestExpense": 8102000,
    "depreciationAndAmortization": 15044000,
    "ebitda": 102403000,
    "ebitdaratio": 0.3300586288,
    "operatingIncome": 80674000,
    "operatingIncomeRatio": 0.2600231421,
    "totalOtherIncomeExpensesNet": -1417000,
    "incomeBeforeTax": 79257000,
    "incomeBeforeTaxRatio": 0.2554559607,
    "incomeTaxExpense": 18368000,
    "netIncome": 60889000,
    "netIncomeRatio": 0.1962534286,
    "eps": 0.78,
    "epsdiluted": 0.73,
    "weightedAverageShsOut": 77800000,
    "weightedAverageShsOutDil": 83700000,
    "link": null,
    "finalLink": null
  },
  {
    "date": "2021-09-30",
    "symbol": "TKO",
    "reportedCurrency": "USD",
    "cik": "0001973266",
    "fillingDate": "2021-09-30",
    "acceptedDate": "2021-09-28 20:00:00",
    "calendarYear": "2021",
    "period": "Q3",
    "revenue": 255853000,
    "costOfRevenue": 149200000,
    "grossProfit": 106653000,
    "grossProfitRatio": 0.4168526459,
    "researchAndDevelopmentExpenses": 0,
    "generalAndAdministrativeExpenses": 0,
    "sellingAndMarketingExpenses": 0,
    "sellingGeneralAndAdministrativeExpenses": 42717000,
    "otherExpenses": 0,
    "operatingExpenses": 42717000,
    "costAndExpenses": 191917000,
    "interestIncome": 93000,
    "interestExpense": 8508000,
    "depreciationAndAmortization": 16646000,
    "ebitda": 80922000,
    "ebitdaratio": 0.3162831782,
    "operatingIncome": 63936000,
    "operatingIncomeRatio": 0.2498934935,
    "totalOtherIncomeExpensesNet": -8168000,
    "incomeBeforeTax": 55768000,
    "incomeBeforeTaxRatio": 0.2179689118,
    "incomeTaxExpense": 12282000,
    "netIncome": 43486000,
    "netIncomeRatio": 0.1699647845,
    "eps": 0.57,
    "epsdiluted": 0.52,
    "weightedAverageShsOut": 76058000,
    "weightedAverageShsOutDil": 84264000,
    "link": null,
    "finalLink": null
  },
  {
    "date": "2021-06-30",
    "symbol": "TKO",
    "reportedCurrency": "USD",
    "cik": "0001973266",
    "fillingDate": "2021-06-30",
    "acceptedDate": "2021-06-28 20:00:00",
    "calendarYear": "2021",
    "period": "Q2",
    "revenue": 265540000,
    "costOfRevenue": 166841000,
    "grossProfit": 98699000,
    "grossProfitRatio": 0.3716916472,
    "researchAndDevelopmentExpenses": 0,
    "generalAndAdministrativeExpenses": 0,
    "sellingAndMarketingExpenses": 0,
    "sellingGeneralAndAdministrativeExpenses": 52348000,
    "otherExpenses": 0,
    "operatingExpenses": 52348000,
    "costAndExpenses": 219189000,
    "interestIncome": 98000,
    "interestExpense": 8492000,
    "depreciationAndAmortization": 25313000,
    "ebitda": 71538000,
    "ebitdaratio": 0.2694057392,
    "operatingIncome": 46351000,
    "operatingIncomeRatio": 0.1745537395,
    "totalOtherIncomeExpensesNet": -8618000,
    "incomeBeforeTax": 37733000,
    "incomeBeforeTaxRatio": 0.1420991188,
    "incomeTaxExpense": 8532000,
    "netIncome": 29201000,
    "netIncomeRatio": 0.1099683663,
    "eps": 0.38,
    "epsdiluted": 0.34,
    "weightedAverageShsOut": 76257000,
    "weightedAverageShsOutDil": 85452000,
    "link": null,
    "finalLink": null
  },
  {
    "date": "2021-03-31",
    "symbol": "TKO",
    "reportedCurrency": "USD",
    "cik": "0001973266",
    "fillingDate": "2021-03-31",
    "acceptedDate": "2021-03-29 20:00:00",
    "calendarYear": "2021",
    "period": "Q1",
    "revenue": 263524000,
    "costOfRevenue": 152996000,
    "grossProfit": 110528000,
    "grossProfitRatio": 0.4194228989,
    "researchAndDevelopmentExpenses": 0,
    "generalAndAdministrativeExpenses": 0,
    "sellingAndMarketingExpenses": 0,
    "sellingGeneralAndAdministrativeExpenses": 45472000,
    "otherExpenses": 0,
    "operatingExpenses": 45472000,
    "costAndExpenses": 198468000,
    "interestIncome": 87000,
    "interestExpense": 8508000,
    "depreciationAndAmortization": 20921000,
    "ebitda": 86533000,
    "ebitdaratio": 0.3283685736,
    "operatingIncome": 65056000,
    "operatingIncomeRatio": 0.2468693554,
    "totalOtherIncomeExpensesNet": -7952000,
    "incomeBeforeTax": 57104000,
    "incomeBeforeTaxRatio": 0.2166937357,
    "incomeTaxExpense": 13272000,
    "netIncome": 43832000,
    "netIncomeRatio": 0.1663302014,
    "eps": 0.57,
    "epsdiluted": 0.51,
    "weightedAverageShsOut": 77376000,
    "weightedAverageShsOutDil": 85686000,
    "link": null,
    "finalLink": null
  }
]