[
  {
    "date": "2025-06-28",
    "symbol": "TMO",
    "reportedCurrency": "USD",
    "cik": "0000097745",
    "fillingDate": "2025-08-01",
    "acceptedDate": "2025-08-01 10:41:08",
    "calendarYear": "2025",
    "period": "Q2",
    "revenue": 10855000000,
    "costOfRevenue": 6807000000,
    "grossProfit": 4048000000,
    "grossProfitRatio": 0.372915707,
    "researchAndDevelopmentExpenses": 352000000,
    "generalAndAdministrativeExpenses": 0,
    "sellingAndMarketingExpenses": 0,
    "sellingGeneralAndAdministrativeExpenses": 1779000000,
    "otherExpenses": 0,
    "operatingExpenses": 2131000000,
    "costAndExpenses": 8938000000,
    "interestIncome": 297000000,
    "interestExpense": 404000000,
    "depreciationAndAmortization": 685000000,
    "ebitda": 2798000000,
    "ebitdaratio": 0.2577614003,
    "operatingIncome": 1917000000,
    "operatingIncomeRatio": 0.1766006449,
    "totalOtherIncomeExpensesNet": -206000000,
    "incomeBeforeTax": 1711000000,
    "incomeBeforeTaxRatio": 0.1576232151,
    "incomeTaxExpense": 92000000,
    "netIncome": 1617000000,
    "netIncomeRatio": 0.1489636112,
    "eps": 4.28,
    "epsdiluted": 4.28,
    "weightedAverageShsOut": 378000000,
    "weightedAverageShsOutDil": 378000000,
    "link": "https://www.sec.gov/Archives/edgar/data/97745/000009774525000101/0000097745-25-000101-index.htm",
    "finalLink": "https://www.sec.gov/Archives/edgar/data/97745/000009774525000101/tmo-20250628.htm"
  },
  {
    "date": "2025-03-29",
    "symbol": "TMO",
    "reportedCurrency": "USD",
    "cik": "0000097745",
    "fillingDate": "2025-05-02",
    "acceptedDate": "2025-05-02 10:04:18",
    "calendarYear": "2025",
    "period": "Q1",
    "revenue": 10364000000,
    "costOfRevenue": 6119000000,
    "grossProfit": 4245000000,
    "grossProfitRatio": 0.4095908915,
    "researchAndDevelopmentExpenses": 342000000,
    "generalAndAdministrativeExpenses": 0,
    "sellingAndMarketingExpenses": 0,
    "sellingGeneralAndAdministrativeExpenses": 2063000000,
    "otherExpenses": 0,
    "operatingExpenses": 2405000000,
    "costAndExpenses": 8524000000,
    "interestIncome": 203000000,
    "interestExpense": 303000000,
    "depreciationAndAmortization": 705000000,
    "ebitda": 2628000000,
    "ebitdaratio": 0.2535700502,
    "operatingIncome": 1840000000,
    "operatingIncomeRatio": 0.1775376303,
    "totalOtherIncomeExpensesNet": -234000000,
    "incomeBeforeTax": 1606000000,
    "incomeBeforeTaxRatio": 0.1549594751,
    "incomeTaxExpense": 95000000,
    "netIncome": 1507000000,
    "netIncomeRatio": 0.1454071787,
    "eps": 3.99,
    "epsdiluted": 3.98,
    "weightedAverageShsOut": 378000000,
    "weightedAverageShsOutDil": 379000000,
    "link": "https://www.sec.gov/Archives/edgar/data/97745/000009774525000041/0000097745-25-000041-index.htm",
    "finalLink": "https://www.sec.gov/Archives/edgar/data/97745/000009774525000041/tmo-20250329.htm"
  },
  {
    "date": "2024-12-31",
    "symbol": "TMO",
    "reportedCurrency": "USD",
    "cik": "0000097745",
    "fillingDate": "2025-02-20",
    "acceptedDate": "2025-02-20 13:33:52",
    "calendarYear": "2024",
    "period": "Q4",
    "revenue": 11395000000,
    "costOfRevenue": 6928000000,
    "grossProfit": 4467000000,
    "grossProfitRatio": 0.3920140412,
    "researchAndDevelopmentExpenses": 374000000,
    "generalAndAdministrativeExpenses": 0,
    "sellingAndMarketingExpenses": 0,
    "sellingGeneralAndAdministrativeExpenses": 1825000000,
    "otherExpenses": 0,
    "operatingExpenses": 2199000000,
    "costAndExpenses": 9127000000,
    "interestIncome": 227000000,
    "interestExpense": 384000000,
    "depreciationAndAmortization": 742000000,
    "ebitda": 3068000000,
    "ebitdaratio": 0.2692408951,
    "operatingIncome": 2268000000,
    "operatingIncomeRatio": 0.1990346643,
    "totalOtherIncomeExpensesNet": -294000000,
    "incomeBeforeTax": 1974000000,
    "incomeBeforeTaxRatio": 0.1732338745,
    "incomeTaxExpense": 150000000,
    "netIncome": 1830000000,
    "netIncomeRatio": 0.160596753,
    "eps": 4.79,
    "epsdiluted": 4.78,
    "weightedAverageShsOut": 382845188,
    "weightedAverageShsOutDil": 383000000,
    "link": "https://www.sec.gov/Archives/edgar/data/97745/000009774525000010/0000097745-25-000010-index.htm",
    "finalLink": "https://www.sec.gov/Archives/edgar/data/97745/000009774525000010/tmo-20241231.htm"
  },
  {
    "date": "2024-09-28",
    "symbol": "TMO",
    "reportedCurrency": "USD",
    "cik": "0000097745",
    "fillingDate": "2024-11-01",
    "acceptedDate": "2024-11-01 11:36:17",
    "calendarYear": "2024",
    "period": "Q3",
    "revenue": 10598000000,
    "costOfRevenue": 6255000000,
    "grossProfit": 4343000000,
    "grossProfitRatio": 0.4097943008,
    "researchAndDevelopmentExpenses": 346000000,
    "generalAndAdministrativeExpenses": 0,
    "sellingAndMarketingExpenses": 0,
    "sellingGeneralAndAdministrativeExpenses": 2081000000,
    "otherExpenses": 0,
    "operatingExpenses": 2427000000,
    "costAndExpenses": 8682000000,
    "interestIncome": 277000000,
    "interestExpense": 424000000,
    "depreciationAndAmortization": 740000000,
    "ebitda": 2906000000,
    "ebitdaratio": 0.2742026798,
    "operatingIncome": 1916000000,
    "operatingIncomeRatio": 0.1807888281,
    "totalOtherIncomeExpensesNet": -188000000,
    "incomeBeforeTax": 1728000000,
    "incomeBeforeTaxRatio": 0.163049632,
    "incomeTaxExpense": 99000000,
    "netIncome": 1630000000,
    "netIncomeRatio": 0.1538026043,
    "eps": 4.27,
    "epsdiluted": 4.24,
    "weightedAverageShsOut": 382000000,
    "weightedAverageShsOutDil": 384000000,
    "link": "https://www.sec.gov/Archives/edgar/data/97745/000009774524000046/0000097745-24-000046-index.htm",
    "finalLink": "https://www.sec.gov/Archives/edgar/data/97745/000009774524000046/tmo-20240928.htm"
  },
  {
    "date": "2024-06-29",
    "symbol": "TMO",
    "reportedCurrency": "USD",
    "cik": "0000097745",
    "fillingDate": "2024-08-02",
    "acceptedDate": "2024-08-02 10:00:22",
    "calendarYear": "2024",
    "period": "Q2",
    "revenue": 10541000000,
    "costOfRevenue": 6197000000,
    "grossProfit": 4344000000,
    "grossProfitRatio": 0.4121051134,
    "researchAndDevelopmentExpenses": 339000000,
    "generalAndAdministrativeExpenses": 0,
    "sellingAndMarketingExpenses": 0,
    "sellingGeneralAndAdministrativeExpenses": 2247000000,
    "otherExpenses": 0,
    "operatingExpenses": 2586000000,
    "costAndExpenses": 8783000000,
    "interestIncome": 295000000,
    "interestExpense": 421000000,
    "depreciationAndAmortization": 790000000,
    "ebitda": 2977000000,
    "ebitdaratio": 0.2824210227,
    "operatingIncome": 1758000000,
    "operatingIncomeRatio": 0.1667773456,
    "totalOtherIncomeExpensesNet": -77000000,
    "incomeBeforeTax": 1681000000,
    "incomeBeforeTaxRatio": 0.1594725358,
    "incomeTaxExpense": 128000000,
    "netIncome": 1548000000,
    "netIncomeRatio": 0.1468551371,
    "eps": 4.05,
    "epsdiluted": 4.04,
    "weightedAverageShsOut": 382000000,
    "weightedAverageShsOutDil": 383000000,
    "link": "https://www.sec.gov/Archives/edgar/data/97745/000009774524000040/0000097745-24-000040-index.htm",
    "finalLink": "https://www.sec.gov/Archives/edgar/data/97745/000009774524000040/tmo-20240629.htm"
  },
  {
    "date": "2024-03-30",
    "symbol": "TMO",
    "reportedCurrency": "USD",
    "cik": "0000097745",
    "fillingDate": "2024-05-03",
    "acceptedDate": "2024-05-03 11:04:00",
    "calendarYear": "2024",
    "period": "Q1",
    "revenue": 10345000000,
    "costOfRevenue": 6128000000,
    "grossProfit": 4217000000,
    "grossProfitRatio": 0.4076365394,
    "researchAndDevelopmentExpenses": 331000000,
    "generalAndAdministrativeExpenses": 0,
    "sellingAndMarketingExpenses": 0,
    "sellingGeneralAndAdministrativeExpenses": 2166000000,
    "otherExpenses": 0,
    "operatingExpenses": 2497000000,
    "costAndExpenses": 8625000000,
    "interestIncome": 279000000,
    "interestExpense": 363000000,
    "depreciationAndAmortization": 836000000,
    "ebitda": 2787000000,
    "ebitdaratio": 0.2694055099,
    "operatingIncome": 1720000000,
    "operatingIncomeRatio": 0.1662638956,
    "totalOtherIncomeExpensesNet": -108000000,
    "incomeBeforeTax": 1612000000,
    "incomeBeforeTaxRatio": 0.1558240696,
    "incomeTaxExpense": 281000000,
    "netIncome": 1328000000,
    "netIncomeRatio": 0.1283711938,
    "eps": 3.48,
    "epsdiluted": 3.46,
    "weightedAverageShsOut": 382000000,
    "weightedAverageShsOutDil": 384000000,
    "link": "https://www.sec.gov/Archives/edgar/data/97745/000009774524000023/0000097745-24-000023-index.htm",
    "finalLink": "https://www.sec.gov/Archives/edgar/data/97745/000009774524000023/tmo-20240330.htm"
  },
  {
    "date": "2023-12-31",
    "symbol": "TMO",
    "reportedCurrency": "USD",
    "cik": "0000097745",
    "fillingDate": "2024-02-22",
    "acceptedDate": "2024-02-22 13:06:42",
    "calendarYear": "2023",
    "period": "Q4",
    "revenue": 10886000000,
    "costOfRevenue": 6933000000,
    "grossProfit": 3953000000,
    "grossProfitRatio": 0.363126952,
    "researchAndDevelopmentExpenses": 327000000,
    "generalAndAdministrativeExpenses": 0,
    "sellingAndMarketingExpenses": 0,
    "sellingGeneralAndAdministrativeExpenses": 1635000000,
    "otherExpenses": 0,
    "operatingExpenses": 1962000000,
    "costAndExpenses": 8895000000,
    "interestIncome": 309000000,
    "interestExpense": 444000000,
    "depreciationAndAmortization": 839000000,
    "ebitda": 3023000000,
    "ebitdaratio": 0.2776961235,
    "operatingIncome": 1991000000,
    "operatingIncomeRatio": 0.1828954621,
    "totalOtherIncomeExpensesNet": -252000000,
    "incomeBeforeTax": 1739000000,
    "incomeBeforeTaxRatio": 0.1597464633,
    "incomeTaxExpense": 133000000,
    "netIncome": 1630000000,
    "netIncomeRatio": 0.1497336028,
    "eps": 4.21,
    "epsdiluted": 4.2,
    "weightedAverageShsOut": 387000000,
    "weightedAverageShsOutDil": 388000000,
    "link": "https://www.sec.gov/Archives/edgar/data/97745/000009774524000007/0000097745-24-000007-index.htm",
    "finalLink": "https://www.sec.gov/Archives/edgar/data/97745/000009774524000007/tmo-20231231.htm"
  },
  {
    "date": "2023-09-30",
    "symbol": "TMO",
    "reportedCurrency": "USD",
    "cik": "0000097745",
    "fillingDate": "2023-11-03",
    "acceptedDate": "2023-11-03 13:04:16",
    "calendarYear": "2023",
    "period": "Q3",
    "revenue": 10574000000,
    "costOfRevenue": 6242000000,
    "grossProfit": 4332000000,
    "grossProfitRatio": 0.4096841309,
    "researchAndDevelopmentExpenses": 319000000,
    "generalAndAdministrativeExpenses": 0,
    "sellingAndMarketingExpenses": 0,
    "sellingGeneralAndAdministrativeExpenses": 2039000000,
    "otherExpenses": 0,
    "operatingExpenses": 2358000000,
    "costAndExpenses": 8600000000,
    "interestIncome": 246000000,
    "interestExpense": 393000000,
    "depreciationAndAmortization": 853000000,
    "ebitda": 3011000000,
    "ebitdaratio": 0.2847550596,
    "operatingIncome": 1974000000,
    "operatingIncomeRatio": 0.18668432,
    "totalOtherIncomeExpensesNet": -226000000,
    "incomeBeforeTax": 1748000000,
    "incomeBeforeTaxRatio": 0.1653111405,
    "incomeTaxExpense": 53000000,
    "netIncome": 1715000000,
    "netIncomeRatio": 0.162190278,
    "eps": 4.44,
    "epsdiluted": 4.42,
    "weightedAverageShsOut": 386000000,
    "weightedAverageShsOutDil": 388000000,
    "link": "https://www.sec.gov/Archives/edgar/data/97745/000009774523000069/0000097745-23-000069-index.htm",
    "finalLink": "https://www.sec.gov/Archives/edgar/data/97745/000009774523000069/tmo-20230930.htm"
  },
  {
    "date": "2023-07-01",
    "symbol": "TMO",
    "reportedCurrency": "USD",
    "cik": "0000097745",
    "fillingDate": "2023-08-04",
    "acceptedDate": "2023-08-04 11:06:05",
    "calendarYear": "2023",
    "period": "Q2",
    "revenue": 10687000000,
    "costOfRevenue": 6418000000,
    "grossProfit": 4269000000,
    "grossProfitRatio": 0.3994572846,
    "researchAndDevelopmentExpenses": 345000000,
    "generalAndAdministrativeExpenses": 0,
    "sellingAndMarketingExpenses": 0,
    "sellingGeneralAndAdministrativeExpenses": 2143000000,
    "otherExpenses": 0,
    "operatingExpenses": 2488000000,
    "costAndExpenses": 8906000000,
    "interestIncome": 178000000,
    "interestExpense": 326000000,
    "depreciationAndAmortization": 855000000,
    "ebitda": 2611000000,
    "ebitdaratio": 0.2443155235,
    "operatingIncome": 1781000000,
    "operatingIncomeRatio": 0.1666510714,
    "totalOtherIncomeExpensesNet": -367000000,
    "incomeBeforeTax": 1414000000,
    "incomeBeforeTaxRatio": 0.1323102835,
    "incomeTaxExpense": 52000000,
    "netIncome": 1361000000,
    "netIncomeRatio": 0.1273509872,
    "eps": 3.53,
    "epsdiluted": 3.51,
    "weightedAverageShsOut": 386000000,
    "weightedAverageShsOutDil": 388000000,
    "link": "https://www.sec.gov/Archives/edgar/data/97745/000009774523000059/0000097745-23-000059-index.htm",
    "finalLink": "https://www.sec.gov/Archives/edgar/data/97745/000009774523000059/tmo-20230701.htm"
  },
  {
    "date": "2023-04-01",
    "symbol": "TMO",
    "reportedCurrency": "USD",
    "cik": "0000097745",
    "fillingDate": "2023-05-05",
    "acceptedDate": "2023-05-05 11:41:34",
    "calendarYear": "2023",
    "period": "Q1",
    "revenue": 10710000000,
    "costOfRevenue": 6526000000,
    "grossProfit": 4184000000,
    "grossProfitRatio": 0.3906629318,
    "researchAndDevelopmentExpenses": 346000000,
    "generalAndAdministrativeExpenses": 0,
    "sellingAndMarketingExpenses": 0,
    "sellingGeneralAndAdministrativeExpenses": 2134000000,
    "otherExpenses": 0,
    "operatingExpenses": 2480000000,
    "costAndExpenses": 9006000000,
    "interestIncome": 146000000,
    "interestExpense": 300000000,
    "depreciationAndAmortization": 859000000,
    "ebitda": 2522000000,
    "ebitdaratio": 0.235480859,
    "operatingIncome": 1704000000,
    "operatingIncomeRatio": 0.1591036415,
    "totalOtherIncomeExpensesNet": -366000000,
    "incomeBeforeTax": 1338000000,
    "incomeBeforeTaxRatio": 0.124929972,
    "incomeTaxExpense": 46000000,
    "netIncome": 1289000000,
    "netIncomeRatio": 0.1203548086,
    "eps": 3.34,
    "epsdiluted": 3.32,
    "weightedAverageShsOut": 386000000,
    "weightedAverageShsOutDil": 388000000,
    "link": "https://www.sec.gov/Archives/edgar/data/97745/000009774523000033/0000097745-23-000033-index.htm",
    "finalLink": "https://www.sec.gov/Archives/edgar/data/97745/000009774523000033/tmo-20230401.htm"
  },
  {
    "date": "2022-12-31",
    "symbol": "TMO",
    "reportedCurrency": "USD",
    "cik": "0000097745",
    "fillingDate": "2023-02-23",
    "acceptedDate": "2023-02-23 12:54:52",
    "calendarYear": "2022",
    "period": "Q4",
    "revenue": 11450000000,
    "costOfRevenue": 7293000000,
    "grossProfit": 4157000000,
    "grossProfitRatio": 0.3630567686,
    "researchAndDevelopmentExpenses": 391000000,
    "generalAndAdministrativeExpenses": 0,
    "sellingAndMarketingExpenses": 0,
    "sellingGeneralAndAdministrativeExpenses": 1781000000,
    "otherExpenses": 0,
    "operatingExpenses": 2172000000,
    "costAndExpenses": 9465000000,
    "interestIncome": 150000000,
    "interestExpense": 269000000,
    "depreciationAndAmortization": 848000000,
    "ebitda": 2894000000,
    "ebitdaratio": 0.2527510917,
    "operatingIncome": 1985000000,
    "operatingIncomeRatio": 0.1733624454,
    "totalOtherIncomeExpensesNet": -238000000,
    "incomeBeforeTax": 1747000000,
    "incomeBeforeTaxRatio": 0.1525764192,
    "incomeTaxExpense": 173000000,
    "netIncome": 1576000000,
    "netIncomeRatio": 0.1376419214,
    "eps": 4.03,
    "epsdiluted": 4.01,
    "weightedAverageShsOut": 391000000,
    "weightedAverageShsOutDil": 393000000,
    "link": "https://www.sec.gov/Archives/edgar/data/97745/000009774523000008/0000097745-23-000008-index.htm",
    "finalLink": "https://www.sec.gov/Archives/edgar/data/97745/000009774523000008/tmo-20221231.htm"
  },
  {
    "date": "2022-10-01",
    "symbol": "TMO",
    "reportedCurrency": "USD",
    "cik": "0000097745",
    "fillingDate": "2022-11-04",
    "acceptedDate": "2022-11-04 14:12:20",
    "calendarYear": "2022",
    "period": "Q3",
    "revenue": 10677000000,
    "costOfRevenue": 6356000000,
    "grossProfit": 4321000000,
    "grossProfitRatio": 0.4047016952,
    "researchAndDevelopmentExpenses": 351000000,
    "generalAndAdministrativeExpenses": 0,
    "sellingAndMarketingExpenses": 0,
    "sellingGeneralAndAdministrativeExpenses": 2213000000,
    "otherExpenses": 0,
    "operatingExpenses": 2564000000,
    "costAndExpenses": 8920000000,
    "interestIncome": 68000000,
    "interestExpense": 173000000,
    "depreciationAndAmortization": 838000000,
    "ebitda": 2612000000,
    "ebitdaratio": 0.2446380069,
    "operatingIncome": 1757000000,
    "operatingIncomeRatio": 0.1645593331,
    "totalOtherIncomeExpensesNet": -228000000,
    "incomeBeforeTax": 1529000000,
    "incomeBeforeTaxRatio": 0.1432050201,
    "incomeTaxExpense": 31000000,
    "netIncome": 1495000000,
    "netIncomeRatio": 0.140020605,
    "eps": 3.81,
    "epsdiluted": 3.78,
    "weightedAverageShsOut": 392000000,
    "weightedAverageShsOutDil": 395000000,
    "link": "https://www.sec.gov/Archives/edgar/data/97745/000009774522000057/0000097745-22-000057-index.htm",
    "finalLink": "https://www.sec.gov/Archives/edgar/data/97745/000009774522000057/tmo-20221001.htm"
  },
  {
    "date": "2022-07-02",
    "symbol": "TMO",
    "reportedCurrency": "USD",
    "cik": "0000097745",
    "fillingDate": "2022-08-05",
    "acceptedDate": "2022-08-05 12:36:55",
    "calendarYear": "2022",
    "period": "Q2",
    "revenue": 10970000000,
    "costOfRevenue": 6384000000,
    "grossProfit": 4586000000,
    "grossProfitRatio": 0.4180492252,
    "researchAndDevelopmentExpenses": 365000000,
    "generalAndAdministrativeExpenses": 0,
    "sellingAndMarketingExpenses": 0,
    "sellingGeneralAndAdministrativeExpenses": 2280000000,
    "otherExpenses": 0,
    "operatingExpenses": 2645000000,
    "costAndExpenses": 9029000000,
    "interestIncome": 36000000,
    "interestExpense": 148000000,
    "depreciationAndAmortization": 836000000,
    "ebitda": 2901000000,
    "ebitdaratio": 0.2644484959,
    "operatingIncome": 1941000000,
    "operatingIncomeRatio": 0.1769371012,
    "totalOtherIncomeExpensesNet": -75000000,
    "incomeBeforeTax": 1866000000,
    "incomeBeforeTaxRatio": 0.1701002735,
    "incomeTaxExpense": 198000000,
    "netIncome": 1664000000,
    "netIncomeRatio": 0.1516864175,
    "eps": 4.24,
    "epsdiluted": 4.22,
    "weightedAverageShsOut": 392000000,
    "weightedAverageShsOutDil": 394000000,
    "link": "https://www.sec.gov/Archives/edgar/data/97745/000009774522000047/0000097745-22-000047-index.htm",
    "finalLink": "https://www.sec.gov/Archives/edgar/data/97745/000009774522000047/tmo-20220702.htm"
  },
  {
    "date": "2022-04-02",
    "symbol": "TMO",
    "reportedCurrency": "USD",
    "cik": "0000097745",
    "fillingDate": "2022-05-06",
    "acceptedDate": "2022-05-06 14:53:03",
    "calendarYear": "2022",
    "period": "Q1",
    "revenue": 11818000000,
    "costOfRevenue": 6334000000,
    "grossProfit": 5484000000,
    "grossProfitRatio": 0.4640379083,
    "researchAndDevelopmentExpenses": 364000000,
    "generalAndAdministrativeExpenses": 0,
    "sellingAndMarketingExpenses": 0,
    "sellingGeneralAndAdministrativeExpenses": 2278000000,
    "otherExpenses": 0,
    "operatingExpenses": 2642000000,
    "costAndExpenses": 8976000000,
    "interestIncome": 18000000,
    "interestExpense": 136000000,
    "depreciationAndAmortization": 859000000,
    "ebitda": 3535000000,
    "ebitdaratio": 0.2991199865,
    "operatingIncome": 2842000000,
    "operatingIncomeRatio": 0.2404806228,
    "totalOtherIncomeExpensesNet": -321000000,
    "incomeBeforeTax": 2521000000,
    "incomeBeforeTaxRatio": 0.2133186664,
    "incomeTaxExpense": 301000000,
    "netIncome": 2215000000,
    "netIncomeRatio": 0.1874259604,
    "eps": 5.65,
    "epsdiluted": 5.61,
    "weightedAverageShsOut": 392000000,
    "weightedAverageShsOutDil": 395000000,
    "link": "https://www.sec.gov/Archives/edgar/data/97745/000009774522000027/0000097745-22-000027-index.htm",
    "finalLink": "https://www.sec.gov/Archives/edgar/data/97745/000009774522000027/tmo-20220402.htm"
  },
  {
    "date": "2021-12-31",
    "symbol": "TMO",
    "reportedCurrency": "USD",
    "cik": "0000097745",
    "fillingDate": "2022-02-24",
    "acceptedDate": "2022-02-24 12:58:37",
    "calendarYear": "2021",
    "period": "Q4",
    "revenue": 10702000000,
    "costOfRevenue": 5772000000,
    "grossProfit": 4930000000,
    "grossProfitRatio": 0.4606615586,
    "researchAndDevelopmentExpenses": 392000000,
    "generalAndAdministrativeExpenses": 0,
    "sellingAndMarketingExpenses": 0,
    "sellingGeneralAndAdministrativeExpenses": 1859000000,
    "otherExpenses": 0,
    "operatingExpenses": 2251000000,
    "costAndExpenses": 8023000000,
    "interestIncome": 11000000,
    "interestExpense": 161000000,
    "depreciationAndAmortization": 683000000,
    "ebitda": 2706000000,
    "ebitdaratio": 0.2528499346,
    "operatingIncome": 2679000000,
    "operatingIncomeRatio": 0.2503270417,
    "totalOtherIncomeExpensesNet": -818000000,
    "incomeBeforeTax": 1861000000,
    "incomeBeforeTaxRatio": 0.1738927303,
    "incomeTaxExpense": 202000000,
    "netIncome": 1658000000,
    "netIncomeRatio": 0.1549243132,
    "eps": 4.2,
    "epsdiluted": 4.17,
    "weightedAverageShsOut": 394000000,
    "weightedAverageShsOutDil": 398000000,
    "link": "https://www.sec.gov/Archives/edgar/data/97745/000009774522000011/0000097745-22-000011-index.htm",
    "finalLink": "https://www.sec.gov/Archives/edgar/data/97745/000009774522000011/tmo-20211231.htm"
  },
  {
    "date": "2021-10-02",
    "symbol": "TMO",
    "reportedCurrency": "USD",
    "cik": "0000097745",
    "fillingDate": "2021-11-04",
    "acceptedDate": "2021-11-04 15:55:58",
    "calendarYear": "2021",
    "period": "Q3",
    "revenue": 9330000000,
    "costOfRevenue": 4686000000,
    "grossProfit": 4644000000,
    "grossProfitRatio": 0.4977491961,
    "researchAndDevelopmentExpenses": 351000000,
    "generalAndAdministrativeExpenses": 0,
    "sellingAndMarketingExpenses": 0,
    "sellingGeneralAndAdministrativeExpenses": 1945000000,
    "otherExpenses": 0,
    "operatingExpenses": 2296000000,
    "costAndExpenses": 6982000000,
    "interestIncome": 9000000,
    "interestExpense": 128000000,
    "depreciationAndAmortization": 628000000,
    "ebitda": 2929000000,
    "ebitdaratio": 0.3139335477,
    "operatingIncome": 2348000000,
    "operatingIncomeRatio": 0.2516613076,
    "totalOtherIncomeExpensesNet": -175000000,
    "incomeBeforeTax": 2173000000,
    "incomeBeforeTaxRatio": 0.2329046088,
    "incomeTaxExpense": 271000000,
    "netIncome": 1902000000,
    "netIncomeRatio": 0.2038585209,
    "eps": 4.83,
    "epsdiluted": 4.79,
    "weightedAverageShsOut": 394000000,
    "weightedAverageShsOutDil": 397000000,
    "link": "https://www.sec.gov/Archives/edgar/data/97745/000009774521000058/0000097745-21-000058-index.htm",
    "finalLink": "https://www.sec.gov/Archives/edgar/data/97745/000009774521000058/tmo-20211002.htm"
  },
  {
    "date": "2021-07-03",
    "symbol": "TMO",
    "reportedCurrency": "USD",
    "cik": "0000097745",
    "fillingDate": "2021-08-06",
    "acceptedDate": "2021-08-06 11:12:26",
    "calendarYear": "2021",
    "period": "Q2",
    "revenue": 9273000000,
    "costOfRevenue": 4738000000,
    "grossProfit": 4535000000,
    "grossProfitRatio": 0.4890542435,
    "researchAndDevelopmentExpenses": 343000000,
    "generalAndAdministrativeExpenses": 0,
    "sellingAndMarketingExpenses": 0,
    "sellingGeneralAndAdministrativeExpenses": 1941000000,
    "otherExpenses": 0,
    "operatingExpenses": 2284000000,
    "costAndExpenses": 7022000000,
    "interestIncome": 11000000,
    "interestExpense": 122000000,
    "depreciationAndAmortization": 660000000,
    "ebitda": 2829000000,
    "ebitdaratio": 0.3050792624,
    "operatingIncome": 2251000000,
    "operatingIncomeRatio": 0.2427477623,
    "totalOtherIncomeExpensesNet": -204000000,
    "incomeBeforeTax": 2047000000,
    "incomeBeforeTaxRatio": 0.2207484094,
    "incomeTaxExpense": 219000000,
    "netIncome": 1828000000,
    "netIncomeRatio": 0.1971314569,
    "eps": 4.65,
    "epsdiluted": 4.61,
    "weightedAverageShsOut": 393000000,
    "weightedAverageShsOutDil": 396000000,
    "link": "https://www.sec.gov/Archives/edgar/data/97745/000009774521000045/0000097745-21-000045-index.htm",
    "finalLink": "https://www.sec.gov/Archives/edgar/data/97745/000009774521000045/tmo-20210703.htm"
  },
  {
    "date": "2021-04-03",
    "symbol": "TMO",
    "reportedCurrency": "USD",
    "cik": "0000097745",
    "fillingDate": "2021-05-07",
    "acceptedDate": "2021-05-07 15:12:05",
    "calendarYear": "2021",
    "period": "Q1",
    "revenue": 9906000000,
    "costOfRevenue": 4701000000,
    "grossProfit": 5205000000,
    "grossProfitRatio": 0.5254391278,
    "researchAndDevelopmentExpenses": 320000000,
    "generalAndAdministrativeExpenses": 0,
    "sellingAndMarketingExpenses": 0,
    "sellingGeneralAndAdministrativeExpenses": 1810000000,
    "otherExpenses": 0,
    "operatingExpenses": 2130000000,
    "costAndExpenses": 6831000000,
    "interestIncome": 12000000,
    "interestExpense": 125000000,
    "depreciationAndAmortization": 621000000,
    "ebitda": 3499000000,
    "ebitdaratio": 0.3532202705,
    "operatingIncome": 3075000000,
    "operatingIncomeRatio": 0.3104179285,
    "totalOtherIncomeExpensesNet": -322000000,
    "incomeBeforeTax": 2753000000,
    "incomeBeforeTaxRatio": 0.2779123763,
    "incomeTaxExpense": 416000000,
    "netIncome": 2337000000,
    "netIncomeRatio": 0.2359176257,
    "eps": 5.93,
    "epsdiluted": 5.88,
    "weightedAverageShsOut": 394000000,
    "weightedAverageShsOutDil": 397000000,
    "link": "https://www.sec.gov/Archives/edgar/data/97745/000009774521000026/0000097745-21-000026-index.htm",
    "finalLink": "https://www.sec.gov/Archives/edgar/data/97745/000009774521000026/tmo-20210403.htm"
  },
  {
    "date": "2020-12-31",
    "symbol": "TMO",
    "reportedCurrency": "USD",
    "cik": "0000097745",
    "fillingDate": "2021-02-25",
    "acceptedDate": "2021-02-24 17:36:20",
    "calendarYear": "2020",
    "period": "Q4",
    "revenue": 10550000000,
    "costOfRevenue": 5262000000,
    "grossProfit": 5288000000,
    "grossProfitRatio": 0.5012322275,
    "researchAndDevelopmentExpenses": 376000000,
    "generalAndAdministrativeExpenses": 0,
    "sellingAndMarketingExpenses": 0,
    "sellingGeneralAndAdministrativeExpenses": 1776000000,
    "otherExpenses": 0,
    "operatingExpenses": 2152000000,
    "costAndExpenses": 7414000000,
    "interestIncome": 12000000,
    "interestExpense": 146000000,
    "depreciationAndAmortization": 602000000,
    "ebitda": 3642000000,
    "ebitdaratio": 0.3452132701,
    "operatingIncome": 3136000000,
    "operatingIncomeRatio": 0.2972511848,
    "totalOtherIncomeExpensesNet": -243000000,
    "incomeBeforeTax": 2893000000,
    "incomeBeforeTaxRatio": 0.2742180095,
    "incomeTaxExpense": 394000000,
    "netIncome": 2498000000,
    "netIncomeRatio": 0.2367772512,
    "eps": 6.3,
    "epsdiluted": 6.24,
    "weightedAverageShsOut": 397000000,
    "weightedAverageShsOutDil": 400000000,
    "link": "https://www.sec.gov/Archives/edgar/data/97745/000009774521000011/0000097745-21-000011-index.htm",
    "finalLink": "https://www.sec.gov/Archives/edgar/data/97745/000009774521000011/tmo-20201231.htm"
  },
  {
    "date": "2020-09-26",
    "symbol": "TMO",
    "reportedCurrency": "USD",
    "cik": "0000097745",
    "fillingDate": "2020-10-30",
    "acceptedDate": "2020-10-30 10:34:57",
    "calendarYear": "2020",
    "period": "Q3",
    "revenue": 8521000000,
    "costOfRevenue": 4187000000,
    "grossProfit": 4334000000,
    "grossProfitRatio": 0.5086257482,
    "researchAndDevelopmentExpenses": 296000000,
    "generalAndAdministrativeExpenses": 0,
    "sellingAndMarketingExpenses": 0,
    "sellingGeneralAndAdministrativeExpenses": 1647000000,
    "otherExpenses": 0,
    "operatingExpenses": 1943000000,
    "costAndExpenses": 6130000000,
    "interestIncome": 9000000,
    "interestExpense": 144000000,
    "depreciationAndAmortization": 575000000,
    "ebitda": 2971000000,
    "ebitdaratio": 0.3486679967,
    "operatingIncome": 2391000000,
    "operatingIncomeRatio": 0.2806008684,
    "totalOtherIncomeExpensesNet": -139000000,
    "incomeBeforeTax": 2252000000,
    "incomeBeforeTaxRatio": 0.2642882291,
    "incomeTaxExpense": 319000000,
    "netIncome": 1933000000,
    "netIncomeRatio": 0.2268513085,
    "eps": 4.88,
    "epsdiluted": 4.84,
    "weightedAverageShsOut": 396000000,
    "weightedAverageShsOutDil": 399000000,
    "link": "https://www.sec.gov/Archives/edgar/data/97745/000009774520000051/0000097745-20-000051-index.htm",
    "finalLink": "https://www.sec.gov/Archives/edgar/data/97745/000009774520000051/tmo-20200926.htm"
  },
  {
    "date": "2020-06-27",
    "symbol": "TMO",
    "reportedCurrency": "USD",
    "cik": "0000097745",
    "fillingDate": "2020-07-31",
    "acceptedDate": "2020-07-31 10:33:39",
    "calendarYear": "2020",
    "period": "Q2",
    "revenue": 6917000000,
    "costOfRevenue": 3538000000,
    "grossProfit": 3379000000,
    "grossProfitRatio": 0.488506578,
    "researchAndDevelopmentExpenses": 264000000,
    "generalAndAdministrativeExpenses": 0,
    "sellingAndMarketingExpenses": 0,
    "sellingGeneralAndAdministrativeExpenses": 1668000000,
    "otherExpenses": 0,
    "operatingExpenses": 1932000000,
    "costAndExpenses": 5470000000,
    "interestIncome": 8000000,
    "interestExpense": 137000000,
    "depreciationAndAmortization": 574000000,
    "ebitda": 1964000000,
    "ebitdaratio": 0.2839381235,
    "operatingIncome": 1447000000,
    "operatingIncomeRatio": 0.2091947376,
    "totalOtherIncomeExpensesNet": -194000000,
    "incomeBeforeTax": 1253000000,
    "incomeBeforeTaxRatio": 0.1811478965,
    "incomeTaxExpense": 97000000,
    "netIncome": 1156000000,
    "netIncomeRatio": 0.1671244759,
    "eps": 2.92,
    "epsdiluted": 2.9,
    "weightedAverageShsOut": 395000000,
    "weightedAverageShsOutDil": 398000000,
    "link": "https://www.sec.gov/Archives/edgar/data/97745/000009774520000038/0000097745-20-000038-index.htm",
    "finalLink": "https://www.sec.gov/Archives/edgar/data/97745/000009774520000038/tmo-20200627.htm"
  },
  {
    "date": "2020-03-28",
    "symbol": "TMO",
    "reportedCurrency": "USD",
    "cik": "0000097745",
    "fillingDate": "2020-05-01",
    "acceptedDate": "2020-05-01 11:16:42",
    "calendarYear": "2020",
    "period": "Q1",
    "revenue": 6230000000,
    "costOfRevenue": 3491000000,
    "grossProfit": 2739000000,
    "grossProfitRatio": 0.43964687,
    "researchAndDevelopmentExpenses": 245000000,
    "generalAndAdministrativeExpenses": 0,
    "sellingAndMarketingExpenses": 0,
    "sellingGeneralAndAdministrativeExpenses": 1545000000,
    "otherExpenses": 0,
    "operatingExpenses": 1790000000,
    "costAndExpenses": 5281000000,
    "interestIncome": 36000000,
    "interestExpense": 126000000,
    "depreciationAndAmortization": 574000000,
    "ebitda": 1528000000,
    "ebitdaratio": 0.2452648475,
    "operatingIncome": 949000000,
    "operatingIncomeRatio": 0.1523274478,
    "totalOtherIncomeExpensesNet": -121000000,
    "incomeBeforeTax": 828000000,
    "incomeBeforeTaxRatio": 0.132905297,
    "incomeTaxExpense": 40000000,
    "netIncome": 788000000,
    "netIncomeRatio": 0.1264847512,
    "eps": 1.99,
    "epsdiluted": 1.97,
    "weightedAverageShsOut": 397000000,
    "weightedAverageShsOutDil": 400000000,
    "link": "https://www.sec.gov/Archives/edgar/data/97745/000009774520000018/0000097745-20-000018-index.htm",
    "finalLink": "https://www.sec.gov/Archives/edgar/data/97745/000009774520000018/tmo-20200328.htm"
  },
  {
    "date": "2019-12-31",
    "symbol": "TMO",
    "reportedCurrency": "USD",
    "cik": "0000097745",
    "fillingDate": "2020-02-26",
    "acceptedDate": "2020-02-26 15:33:51",
    "calendarYear": "2019",
    "period": "Q4",
    "revenue": 6829000000,
    "costOfRevenue": 4098000000,
    "grossProfit": 2731000000,
    "grossProfitRatio": 0.3999121394,
    "researchAndDevelopmentExpenses": 262000000,
    "generalAndAdministrativeExpenses": 0,
    "sellingAndMarketingExpenses": 0,
    "sellingGeneralAndAdministrativeExpenses": 1200000000,
    "otherExpenses": 0,
    "operatingExpenses": 1462000000,
    "costAndExpenses": 5560000000,
    "interestIncome": 45000000,
    "interestExpense": 142000000,
    "depreciationAndAmortization": 576000000,
    "ebitda": 1756000000,
    "ebitdaratio": 0.2571386733,
    "operatingIncome": 1269000000,
    "operatingIncomeRatio": 0.1858251574,
    "totalOtherIncomeExpensesNet": -231000000,
    "incomeBeforeTax": 1038000000,
    "incomeBeforeTaxRatio": 0.1519988285,
    "incomeTaxExpense": 36000000,
    "netIncome": 1002000000,
    "netIncomeRatio": 0.1467271929,
    "eps": 2.51,
    "epsdiluted": 2.49,
    "weightedAverageShsOut": 399000000,
    "weightedAverageShsOutDil": 402000000,
    "link": "https://www.sec.gov/Archives/edgar/data/97745/000009774520000009/0000097745-20-000009-index.htm",
    "finalLink": "https://www.sec.gov/Archives/edgar/data/97745/000009774520000009/tmo-20191231.htm"
  },
  {
    "date": "2019-09-28",
    "symbol": "TMO",
    "reportedCurrency": "USD",
    "cik": "0000097745",
    "fillingDate": "2019-11-01",
    "acceptedDate": "2019-11-01 10:56:26",
    "calendarYear": "2019",
    "period": "Q3",
    "revenue": 6272000000,
    "costOfRevenue": 3505000000,
    "grossProfit": 2767000000,
    "grossProfitRatio": 0.4411670918,
    "researchAndDevelopmentExpenses": 247000000,
    "generalAndAdministrativeExpenses": 0,
    "sellingAndMarketingExpenses": 0,
    "sellingGeneralAndAdministrativeExpenses": 1505000000,
    "otherExpenses": -27000000,
    "operatingExpenses": 1779000000,
    "costAndExpenses": 5284000000,
    "interestIncome": 52000000,
    "interestExpense": 164000000,
    "depreciationAndAmortization": 575000000,
    "ebitda": 1561000000,
    "ebitdaratio": 0.2488839286,
    "operatingIncome": 988000000,
    "operatingIncomeRatio": 0.1575255102,
    "totalOtherIncomeExpensesNet": -166000000,
    "incomeBeforeTax": 822000000,
    "incomeBeforeTaxRatio": 0.1310586735,
    "incomeTaxExpense": 62000000,
    "netIncome": 760000000,
    "netIncomeRatio": 0.1211734694,
    "eps": 1.89,
    "epsdiluted": 1.88,
    "weightedAverageShsOut": 401000000,
    "weightedAverageShsOutDil": 404000000,
    "link": "https://www.sec.gov/Archives/edgar/data/97745/000009774519000049/0000097745-19-000049-index.htm",
    "finalLink": "https://www.sec.gov/Archives/edgar/data/97745/000009774519000049/q3201910q.htm"
  },
  {
    "date": "2019-06-29",
    "symbol": "TMO",
    "reportedCurrency": "USD",
    "cik": "0000097745",
    "fillingDate": "2019-08-02",
    "acceptedDate": "2019-08-02 11:53:27",
    "calendarYear": "2019",
    "period": "Q2",
    "revenue": 6316000000,
    "costOfRevenue": 3485000000,
    "grossProfit": 2831000000,
    "grossProfitRatio": 0.4482267258,
    "researchAndDevelopmentExpenses": 246000000,
    "generalAndAdministrativeExpenses": 0,
    "sellingAndMarketingExpenses": 0,
    "sellingGeneralAndAdministrativeExpenses": 1503000000,
    "otherExpenses": -26000000,
    "operatingExpenses": 1775000000,
    "costAndExpenses": 5260000000,
    "interestIncome": 60000000,
    "interestExpense": 181000000,
    "depreciationAndAmortization": 571000000,
    "ebitda": 2145000000,
    "ebitdaratio": 0.3396136795,
    "operatingIncome": 1056000000,
    "operatingIncomeRatio": 0.1671944269,
    "totalOtherIncomeExpensesNet": 337000000,
    "incomeBeforeTax": 1393000000,
    "incomeBeforeTaxRatio": 0.2205509816,
    "incomeTaxExpense": 274000000,
    "netIncome": 1119000000,
    "netIncomeRatio": 0.1771690944,
    "eps": 2.8,
    "epsdiluted": 2.77,
    "weightedAverageShsOut": 400475744,
    "weightedAverageShsOutDil": 400475744,
    "link": "https://www.sec.gov/Archives/edgar/data/97745/000009774519000035/0000097745-19-000035-index.htm",
    "finalLink": "https://www.sec.gov/Archives/edgar/data/97745/000009774519000035/q2201910q.htm"
  },
  {
    "date": "2019-03-30",
    "symbol": "TMO",
    "reportedCurrency": "USD",
    "cik": "0000097745",
    "fillingDate": "2019-05-03",
    "acceptedDate": "2019-05-03 11:28:31",
    "calendarYear": "2019",
    "period": "Q1",
    "revenue": 6125000000,
    "costOfRevenue": 3414000000,
    "grossProfit": 2711000000,
    "grossProfitRatio": 0.4426122449,
    "researchAndDevelopmentExpenses": 248000000,
    "generalAndAdministrativeExpenses": 0,
    "sellingAndMarketingExpenses": 0,
    "sellingGeneralAndAdministrativeExpenses": 1490000000,
    "otherExpenses": -27000000,
    "operatingExpenses": 1765000000,
    "costAndExpenses": 5179000000,
    "interestIncome": 67000000,
    "interestExpense": 189000000,
    "depreciationAndAmortization": 555000000,
    "ebitda": 1561000000,
    "ebitdaratio": 0.2548571429,
    "operatingIncome": 946000000,
    "operatingIncomeRatio": 0.1544489796,
    "totalOtherIncomeExpensesNet": -129000000,
    "incomeBeforeTax": 817000000,
    "incomeBeforeTaxRatio": 0.1333877551,
    "incomeTaxExpense": 2000000,
    "netIncome": 815000000,
    "netIncomeRatio": 0.1330612245,
    "eps": 2.04,
    "epsdiluted": 2.02,
    "weightedAverageShsOut": 400000000,
    "weightedAverageShsOutDil": 403000000,
    "link": "https://www.sec.gov/Archives/edgar/data/97745/000009774519000016/0000097745-19-000016-index.htm",
    "finalLink": "https://www.sec.gov/Archives/edgar/data/97745/000009774519000016/q1201910q.htm"
  },
  {
    "date": "2018-12-31",
    "symbol": "TMO",
    "reportedCurrency": "USD",
    "cik": "0000097745",
    "fillingDate": "2019-02-27",
    "acceptedDate": "2019-02-27 16:15:13",
    "calendarYear": "2018",
    "period": "Q4",
    "revenue": 6507000000,
    "costOfRevenue": 3881000000,
    "grossProfit": 2626000000,
    "grossProfitRatio": 0.4035653911,
    "researchAndDevelopmentExpenses": 251000000,
    "generalAndAdministrativeExpenses": 0,
    "sellingAndMarketingExpenses": 0,
    "sellingGeneralAndAdministrativeExpenses": 1156000000,
    "otherExpenses": -32000000,
    "operatingExpenses": 1439000000,
    "costAndExpenses": 5320000000,
    "interestIncome": 45000000,
    "interestExpense": 172000000,
    "depreciationAndAmortization": 558000000,
    "ebitda": 1742000000,
    "ebitdaratio": 0.2677116951,
    "operatingIncome": 1187000000,
    "operatingIncomeRatio": 0.1824189335,
    "totalOtherIncomeExpensesNet": -175000000,
    "incomeBeforeTax": 1012000000,
    "incomeBeforeTaxRatio": 0.1555248194,
    "incomeTaxExpense": 114000000,
    "netIncome": 898000000,
    "netIncomeRatio": 0.1380052251,
    "eps": 2.23,
    "epsdiluted": 2.22,
    "weightedAverageShsOut": 402000000,
    "weightedAverageShsOutDil": 405000000,
    "link": "https://www.sec.gov/Archives/edgar/data/97745/000009774519000007/0000097745-19-000007-index.htm",
    "finalLink": "https://www.sec.gov/Archives/edgar/data/97745/000009774519000007/a201810k.htm"
  },
  {
    "date": "2018-09-29",
    "symbol": "TMO",
    "reportedCurrency": "USD",
    "cik": "0000097745",
    "fillingDate": "2018-11-02",
    "acceptedDate": "2018-11-02 11:45:35",
    "calendarYear": "2018",
    "period": "Q3",
    "revenue": 5920000000,
    "costOfRevenue": 3305000000,
    "grossProfit": 2615000000,
    "grossProfitRatio": 0.441722973,
    "researchAndDevelopmentExpenses": 240000000,
    "generalAndAdministrativeExpenses": 0,
    "sellingAndMarketingExpenses": 0,
    "sellingGeneralAndAdministrativeExpenses": 1463000000,
    "otherExpenses": -31000000,
    "operatingExpenses": 1734000000,
    "costAndExpenses": 5039000000,
    "interestIncome": 41000000,
    "interestExpense": 162000000,
    "depreciationAndAmortization": 563000000,
    "ebitda": 1535000000,
    "ebitdaratio": 0.2592905405,
    "operatingIncome": 881000000,
    "operatingIncomeRatio": 0.1488175676,
    "totalOtherIncomeExpensesNet": -71000000,
    "incomeBeforeTax": 810000000,
    "incomeBeforeTaxRatio": 0.1368243243,
    "incomeTaxExpense": 101000000,
    "netIncome": 709000000,
    "netIncomeRatio": 0.1197635135,
    "eps": 1.76,
    "epsdiluted": 1.75,
    "weightedAverageShsOut": 402576382,
    "weightedAverageShsOutDil": 402576382,
    "link": "https://www.sec.gov/Archives/edgar/data/97745/000009774518000040/0000097745-18-000040-index.htm",
    "finalLink": "https://www.sec.gov/Archives/edgar/data/97745/000009774518000040/q3201810q.htm"
  },
  {
    "date": "2018-06-30",
    "symbol": "TMO",
    "reportedCurrency": "USD",
    "cik": "0000097745",
    "fillingDate": "2018-08-03",
    "acceptedDate": "2018-08-03 11:40:26",
    "calendarYear": "2018",
    "period": "Q2",
    "revenue": 6078000000,
    "costOfRevenue": 3337000000,
    "grossProfit": 2741000000,
    "grossProfitRatio": 0.4509707141,
    "researchAndDevelopmentExpenses": 242000000,
    "generalAndAdministrativeExpenses": 0,
    "sellingAndMarketingExpenses": 0,
    "sellingGeneralAndAdministrativeExpenses": 1512000000,
    "otherExpenses": -27000000,
    "operatingExpenses": 1781000000,
    "costAndExpenses": 5118000000,
    "interestIncome": 31000000,
    "interestExpense": 170000000,
    "depreciationAndAmortization": 571000000,
    "ebitda": 1547000000,
    "ebitdaratio": 0.2545245146,
    "operatingIncome": 960000000,
    "operatingIncomeRatio": 0.157946693,
    "totalOtherIncomeExpensesNet": -154000000,
    "incomeBeforeTax": 806000000,
    "incomeBeforeTaxRatio": 0.132609411,
    "incomeTaxExpense": 54000000,
    "netIncome": 752000000,
    "netIncomeRatio": 0.1237249095,
    "eps": 1.87,
    "epsdiluted": 1.85,
    "weightedAverageShsOut": 402796251,
    "weightedAverageShsOutDil": 402796251,
    "link": "https://www.sec.gov/Archives/edgar/data/97745/000009774518000029/0000097745-18-000029-index.htm",
    "finalLink": "https://www.sec.gov/Archives/edgar/data/97745/000009774518000029/q2201810q.htm"
  },
  {
    "date": "2018-03-31",
    "symbol": "TMO",
    "reportedCurrency": "USD",
    "cik": "0000097745",
    "fillingDate": "2018-05-04",
    "acceptedDate": "2018-05-04 10:53:06",
    "calendarYear": "2018",
    "period": "Q1",
    "revenue": 5853000000,
    "costOfRevenue": 3268000000,
    "grossProfit": 2585000000,
    "grossProfitRatio": 0.4416538527,
    "researchAndDevelopmentExpenses": 234000000,
    "generalAndAdministrativeExpenses": 0,
    "sellingAndMarketingExpenses": 0,
    "sellingGeneralAndAdministrativeExpenses": 1476000000,
    "otherExpenses": -31000000,
    "operatingExpenses": 1741000000,
    "costAndExpenses": 5009000000,
    "interestIncome": 20000000,
    "interestExpense": 163000000,
    "depreciationAndAmortization": 575000000,
    "ebitda": 1372000000,
    "ebitdaratio": 0.2344097044,
    "operatingIncome": 844000000,
    "operatingIncomeRatio": 0.1441995558,
    "totalOtherIncomeExpensesNet": -210000000,
    "incomeBeforeTax": 634000000,
    "incomeBeforeTaxRatio": 0.1083205194,
    "incomeTaxExpense": 55000000,
    "netIncome": 579000000,
    "netIncomeRatio": 0.0989236289,
    "eps": 1.44,
    "epsdiluted": 1.43,
    "weightedAverageShsOut": 402000000,
    "weightedAverageShsOutDil": 406000000,
    "link": "https://www.sec.gov/Archives/edgar/data/97745/000009774518000017/0000097745-18-000017-index.htm",
    "finalLink": "https://www.sec.gov/Archives/edgar/data/97745/000009774518000017/q1201810q.htm"
  },
  {
    "date": "2017-12-31",
    "symbol": "TMO",
    "reportedCurrency": "USD",
    "cik": "0000097745",
    "fillingDate": "2018-02-28",
    "acceptedDate": "2018-02-28 09:19:05",
    "calendarYear": "2017",
    "period": "Q4",
    "revenue": 6047000000,
    "costOfRevenue": 3645300000,
    "grossProfit": 2401700000,
    "grossProfitRatio": 0.3971721515,
    "researchAndDevelopmentExpenses": 233000000,
    "generalAndAdministrativeExpenses": 0,
    "sellingAndMarketingExpenses": 0,
    "sellingGeneralAndAdministrativeExpenses": 1126200000,
    "otherExpenses": -33500000,
    "operatingExpenses": 1392700000,
    "costAndExpenses": 5038000000,
    "interestIncome": 20000000,
    "interestExpense": 166000000,
    "depreciationAndAmortization": 574000000,
    "ebitda": 1560000000,
    "ebitdaratio": 0.2579791632,
    "operatingIncome": 1009000000,
    "operatingIncomeRatio": 0.1668595998,
    "totalOtherIncomeExpensesNet": -189000000,
    "incomeBeforeTax": 820000000,
    "incomeBeforeTaxRatio": 0.1356044319,
    "incomeTaxExpense": 290000000,
    "netIncome": 528100000,
    "netIncomeRatio": 0.0873325616,
    "eps": 1.32,
    "epsdiluted": 1.3,
    "weightedAverageShsOut": 401000000,
    "weightedAverageShsOutDil": 405000000,
    "link": "https://www.sec.gov/Archives/edgar/data/97745/000009774518000006/0000097745-18-000006-index.htm",
    "finalLink": "https://www.sec.gov/Archives/edgar/data/97745/000009774518000006/a201710k.htm"
  },
  {
    "date": "2017-09-30",
    "symbol": "TMO",
    "reportedCurrency": "USD",
    "cik": "0000097745",
    "fillingDate": "2017-11-03",
    "acceptedDate": "2017-11-03 13:48:50",
    "calendarYear": "2017",
    "period": "Q3",
    "revenue": 5116200000,
    "costOfRevenue": 2767000000,
    "grossProfit": 2349000000,
    "grossProfitRatio": 0.4591298229,
    "researchAndDevelopmentExpenses": 217000000,
    "generalAndAdministrativeExpenses": 0,
    "sellingAndMarketingExpenses": 0,
    "sellingGeneralAndAdministrativeExpenses": 1341000000,
    "otherExpenses": -22000000,
    "operatingExpenses": 1580000000,
    "costAndExpenses": 4347000000,
    "interestIncome": 25000000,
    "interestExpense": 157000000,
    "depreciationAndAmortization": 517000000,
    "ebitda": 1154000000,
    "ebitdaratio": 0.2255580314,
    "operatingIncome": 769000000,
    "operatingIncomeRatio": 0.1503068684,
    "totalOtherIncomeExpensesNet": -289000000,
    "incomeBeforeTax": 480000000,
    "incomeBeforeTaxRatio": 0.0938196318,
    "incomeTaxExpense": -54000000,
    "netIncome": 534000000,
    "netIncomeRatio": 0.1043743403,
    "eps": 1.35,
    "epsdiluted": 1.34,
    "weightedAverageShsOut": 396200000,
    "weightedAverageShsOutDil": 399600000,
    "link": "https://www.sec.gov/Archives/edgar/data/97745/000009774517000047/0000097745-17-000047-index.htm",
    "finalLink": "https://www.sec.gov/Archives/edgar/data/97745/000009774517000047/q3201710q.htm"
  },
  {
    "date": "2017-07-01",
    "symbol": "TMO",
    "reportedCurrency": "USD",
    "cik": "0000097745",
    "fillingDate": "2017-08-04",
    "acceptedDate": "2017-08-04 08:44:28",
    "calendarYear": "2017",
    "period": "Q2",
    "revenue": 4990000000,
    "costOfRevenue": 2706000000,
    "grossProfit": 2284000000,
    "grossProfitRatio": 0.4577154309,
    "researchAndDevelopmentExpenses": 222000000,
    "generalAndAdministrativeExpenses": 0,
    "sellingAndMarketingExpenses": 0,
    "sellingGeneralAndAdministrativeExpenses": 1255300000,
    "otherExpenses": -28700000,
    "operatingExpenses": 1506000000,
    "costAndExpenses": 4212000000,
    "interestIncome": 18000000,
    "interestExpense": 134000000,
    "depreciationAndAmortization": 477000000,
    "ebitda": 1237000000,
    "ebitdaratio": 0.2478957916,
    "operatingIncome": 778000000,
    "operatingIncomeRatio": 0.1559118236,
    "totalOtherIncomeExpensesNet": -152000000,
    "incomeBeforeTax": 626000000,
    "incomeBeforeTaxRatio": 0.1254509018,
    "incomeTaxExpense": 13000000,
    "netIncome": 612000000,
    "netIncomeRatio": 0.1226452906,
    "eps": 1.57,
    "epsdiluted": 1.56,
    "weightedAverageShsOut": 390000000,
    "weightedAverageShsOutDil": 393300000,
    "link": "https://www.sec.gov/Archives/edgar/data/97745/000009774517000041/0000097745-17-000041-index.htm",
    "finalLink": "https://www.sec.gov/Archives/edgar/data/97745/000009774517000041/q2201710q.htm"
  },
  {
    "date": "2017-04-01",
    "symbol": "TMO",
    "reportedCurrency": "USD",
    "cik": "0000097745",
    "fillingDate": "2017-05-05",
    "acceptedDate": "2017-05-05 09:43:40",
    "calendarYear": "2017",
    "period": "Q1",
    "revenue": 4765000000,
    "costOfRevenue": 2540200000,
    "grossProfit": 2224800000,
    "grossProfitRatio": 0.4669045121,
    "researchAndDevelopmentExpenses": 215400000,
    "generalAndAdministrativeExpenses": 0,
    "sellingAndMarketingExpenses": 0,
    "sellingGeneralAndAdministrativeExpenses": 1274400000,
    "otherExpenses": -25300000,
    "operatingExpenses": 1515100000,
    "costAndExpenses": 4055300000,
    "interestIncome": 18500000,
    "interestExpense": 135400000,
    "depreciationAndAmortization": 464500000,
    "ebitda": 1102800000,
    "ebitdaratio": 0.2314375656,
    "operatingIncome": 709700000,
    "operatingIncomeRatio": 0.1489401889,
    "totalOtherIncomeExpensesNet": -206800000,
    "incomeBeforeTax": 502900000,
    "incomeBeforeTaxRatio": 0.1055403987,
    "incomeTaxExpense": -48500000,
    "netIncome": 551000000,
    "netIncomeRatio": 0.1156348374,
    "eps": 1.41,
    "epsdiluted": 1.4,
    "weightedAverageShsOut": 391000000,
    "weightedAverageShsOutDil": 394100000,
    "link": "https://www.sec.gov/Archives/edgar/data/97745/000009774517000023/0000097745-17-000023-index.htm",
    "finalLink": "https://www.sec.gov/Archives/edgar/data/97745/000009774517000023/tmoq1201710q.htm"
  },
  {
    "date": "2016-12-31",
    "symbol": "TMO",
    "reportedCurrency": "USD",
    "cik": "0000097745",
    "fillingDate": "2017-02-28",
    "acceptedDate": "2017-02-28 15:22:18",
    "calendarYear": "2016",
    "period": "Q4",
    "revenue": 4953200000,
    "costOfRevenue": 2609300000,
    "grossProfit": 2343900000,
    "grossProfitRatio": 0.4732092385,
    "researchAndDevelopmentExpenses": 212600000,
    "generalAndAdministrativeExpenses": 0,
    "sellingAndMarketingExpenses": 0,
    "sellingGeneralAndAdministrativeExpenses": 1256600000,
    "otherExpenses": -27600000,
    "operatingExpenses": 1496800000,
    "costAndExpenses": 4106100000,
    "interestIncome": 14000000,
    "interestExpense": 131300000,
    "depreciationAndAmortization": 473800000,
    "ebitda": 1257000000,
    "ebitdaratio": 0.2537753372,
    "operatingIncome": 847100000,
    "operatingIncomeRatio": 0.1710207543,
    "totalOtherIncomeExpensesNet": -195200000,
    "incomeBeforeTax": 651900000,
    "incomeBeforeTaxRatio": 0.1316118873,
    "incomeTaxExpense": 19200000,
    "netIncome": 629500000,
    "netIncomeRatio": 0.1270895583,
    "eps": 1.6,
    "epsdiluted": 1.59,
    "weightedAverageShsOut": 394600000,
    "weightedAverageShsOutDil": 397000000,
    "link": "https://www.sec.gov/Archives/edgar/data/97745/000009774517000007/0000097745-17-000007-index.htm",
    "finalLink": "https://www.sec.gov/Archives/edgar/data/97745/000009774517000007/tmo201610k.htm"
  },
  {
    "date": "2016-10-01",
    "symbol": "TMO",
    "reportedCurrency": "USD",
    "cik": "0000097745",
    "fillingDate": "2016-11-04",
    "acceptedDate": "2016-11-04 12:09:07",
    "calendarYear": "2016",
    "period": "Q3",
    "revenue": 4490900000,
    "costOfRevenue": 2377500000,
    "grossProfit": 2113400000,
    "grossProfitRatio": 0.4705960943,
    "researchAndDevelopmentExpenses": 183300000,
    "generalAndAdministrativeExpenses": 0,
    "sellingAndMarketingExpenses": 0,
    "sellingGeneralAndAdministrativeExpenses": 1212100000,
    "otherExpenses": -23400000,
    "operatingExpenses": 1418800000,
    "costAndExpenses": 3796300000,
    "interestIncome": 10400000,
    "interestExpense": 113300000,
    "depreciationAndAmortization": 433000000,
    "ebitda": 974200000,
    "ebitdaratio": 0.2169275646,
    "operatingIncome": 694600000,
    "operatingIncomeRatio": 0.1546683293,
    "totalOtherIncomeExpensesNet": -266700000,
    "incomeBeforeTax": 427900000,
    "incomeBeforeTaxRatio": 0.0952815694,
    "incomeTaxExpense": -45600000,
    "netIncome": 473500000,
    "netIncomeRatio": 0.1054354361,
    "eps": 1.2,
    "epsdiluted": 1.19,
    "weightedAverageShsOut": 394700000,
    "weightedAverageShsOutDil": 397400000,
    "link": "https://www.sec.gov/Archives/edgar/data/97745/000009774516000072/0000097745-16-000072-index.htm",
    "finalLink": "https://www.sec.gov/Archives/edgar/data/97745/000009774516000072/tmoq3201610q.htm"
  },
  {
    "date": "2016-07-02",
    "symbol": "TMO",
    "reportedCurrency": "USD",
    "cik": "0000097745",
    "fillingDate": "2016-08-05",
    "acceptedDate": "2016-08-05 12:04:14",
    "calendarYear": "2016",
    "period": "Q2",
    "revenue": 4535200000,
    "costOfRevenue": 2349400000,
    "grossProfit": 2185800000,
    "grossProfitRatio": 0.4819633092,
    "researchAndDevelopmentExpenses": 182400000,
    "generalAndAdministrativeExpenses": 0,
    "sellingAndMarketingExpenses": 0,
    "sellingGeneralAndAdministrativeExpenses": 992400000,
    "otherExpenses": -10900000,
    "operatingExpenses": 1512800000,
    "costAndExpenses": 3862200000,
    "interestIncome": 13200000,
    "interestExpense": 118800000,
    "depreciationAndAmortization": 435100000,
    "ebitda": 1129300000,
    "ebitdaratio": 0.2490077615,
    "operatingIncome": 637600000,
    "operatingIncomeRatio": 0.1405891692,
    "totalOtherIncomeExpensesNet": -116500000,
    "incomeBeforeTax": 521100000,
    "incomeBeforeTaxRatio": 0.1149012171,
    "incomeTaxExpense": 4300000,
    "netIncome": 516600000,
    "netIncomeRatio": 0.1139089787,
    "eps": 1.31,
    "epsdiluted": 1.3,
    "weightedAverageShsOut": 393900000,
    "weightedAverageShsOutDil": 396700000,
    "link": "https://www.sec.gov/Archives/edgar/data/97745/000009774516000065/0000097745-16-000065-index.htm",
    "finalLink": "https://www.sec.gov/Archives/edgar/data/97745/000009774516000065/tmoq2201610q.htm"
  },
  {
    "date": "2016-04-02",
    "symbol": "TMO",
    "reportedCurrency": "USD",
    "cik": "0000097745",
    "fillingDate": "2016-05-06",
    "acceptedDate": "2016-05-06 08:30:16",
    "calendarYear": "2016",
    "period": "Q1",
    "revenue": 4294800000,
    "costOfRevenue": 2235900000,
    "grossProfit": 2058900000,
    "grossProfitRatio": 0.4793936854,
    "researchAndDevelopmentExpenses": 176500000,
    "generalAndAdministrativeExpenses": 0,
    "sellingAndMarketingExpenses": 0,
    "sellingGeneralAndAdministrativeExpenses": 991900000,
    "otherExpenses": 500000,
    "operatingExpenses": 1490400000,
    "costAndExpenses": 3726300000,
    "interestIncome": 10800000,
    "interestExpense": 106200000,
    "depreciationAndAmortization": 416100000,
    "ebitda": 1019700000,
    "ebitdaratio": 0.2374266555,
    "operatingIncome": 517900000,
    "operatingIncomeRatio": 0.1205876874,
    "totalOtherIncomeExpensesNet": -94900000,
    "incomeBeforeTax": 423000000,
    "incomeBeforeTaxRatio": 0.0984911987,
    "incomeTaxExpense": 20700000,
    "netIncome": 402200000,
    "netIncomeRatio": 0.0936481326,
    "eps": 1.02,
    "epsdiluted": 1.01,
    "weightedAverageShsOut": 395800000,
    "weightedAverageShsOutDil": 398700000,
    "link": "https://www.sec.gov/Archives/edgar/data/97745/000009774516000054/0000097745-16-000054-index.htm",
    "finalLink": "https://www.sec.gov/Archives/edgar/data/97745/000009774516000054/tmoq1201610q.htm"
  },
  {
    "date": "2015-12-31",
    "symbol": "TMO",
    "reportedCurrency": "USD",
    "cik": "0000097745",
    "fillingDate": "2016-02-25",
    "acceptedDate": "2016-02-25 14:24:54",
    "calendarYear": "2015",
    "period": "Q4",
    "revenue": 4652500000,
    "costOfRevenue": 2439900000,
    "grossProfit": 2212600000,
    "grossProfitRatio": 0.475572273,
    "researchAndDevelopmentExpenses": 180300000,
    "generalAndAdministrativeExpenses": 0,
    "sellingAndMarketingExpenses": 0,
    "sellingGeneralAndAdministrativeExpenses": 968700000,
    "otherExpenses": -13200000,
    "operatingExpenses": 1475000000,
    "costAndExpenses": 3914900000,
    "interestIncome": 8700000,
    "interestExpense": 103000000,
    "depreciationAndAmortization": 424500000,
    "ebitda": 1110200000,
    "ebitdaratio": 0.2386243955,
    "operatingIncome": 690200000,
    "operatingIncomeRatio": 0.1483503493,
    "totalOtherIncomeExpensesNet": -107500000,
    "incomeBeforeTax": 582700000,
    "incomeBeforeTaxRatio": 0.1252444922,
    "incomeTaxExpense": -23600000,
    "netIncome": 602600000,
    "netIncomeRatio": 0.1295217625,
    "eps": 1.51,
    "epsdiluted": 1.5,
    "weightedAverageShsOut": 399500000,
    "weightedAverageShsOutDil": 402400000,
    "link": "https://www.sec.gov/Archives/edgar/data/97745/000009774516000043/0000097745-16-000043-index.htm",
    "finalLink": "https://www.sec.gov/Archives/edgar/data/97745/000009774516000043/tmo201510k.htm"
  },
  {
    "date": "2015-09-26",
    "symbol": "TMO",
    "reportedCurrency": "USD",
    "cik": "0000097745",
    "fillingDate": "2015-10-30",
    "acceptedDate": "2015-10-30 11:05:44",
    "calendarYear": "2015",
    "period": "Q3",
    "revenue": 4123200000,
    "costOfRevenue": 2132200000,
    "grossProfit": 1991000000,
    "grossProfitRatio": 0.4828773768,
    "researchAndDevelopmentExpenses": 171600000,
    "generalAndAdministrativeExpenses": 0,
    "sellingAndMarketingExpenses": 0,
    "sellingGeneralAndAdministrativeExpenses": 911100000,
    "otherExpenses": -1400000,
    "operatingExpenses": 1412600000,
    "costAndExpenses": 3544800000,
    "interestIncome": 7200000,
    "interestExpense": 100600000,
    "depreciationAndAmortization": 427700000,
    "ebitda": 996400000,
    "ebitdaratio": 0.2416569655,
    "operatingIncome": 562900000,
    "operatingIncomeRatio": 0.1365201785,
    "totalOtherIncomeExpensesNet": -94800000,
    "incomeBeforeTax": 468100000,
    "incomeBeforeTaxRatio": 0.1135283275,
    "incomeTaxExpense": -9200000,
    "netIncome": 476100000,
    "netIncomeRatio": 0.1154685681,
    "eps": 1.19,
    "epsdiluted": 1.18,
    "weightedAverageShsOut": 399000000,
    "weightedAverageShsOutDil": 402000000,
    "link": "https://www.sec.gov/Archives/edgar/data/97745/000009774515000031/0000097745-15-000031-index.htm",
    "finalLink": "https://www.sec.gov/Archives/edgar/data/97745/000009774515000031/tmoq315.htm"
  },
  {
    "date": "2015-06-27",
    "symbol": "TMO",
    "reportedCurrency": "USD",
    "cik": "0000097745",
    "fillingDate": "2015-07-31",
    "acceptedDate": "2015-07-31 14:13:50",
    "calendarYear": "2015",
    "period": "Q2",
    "revenue": 4270900000,
    "costOfRevenue": 2222000000,
    "grossProfit": 2048900000,
    "grossProfitRatio": 0.4797349505,
    "researchAndDevelopmentExpenses": 174600000,
    "generalAndAdministrativeExpenses": 0,
    "sellingAndMarketingExpenses": 0,
    "sellingGeneralAndAdministrativeExpenses": 928300000,
    "otherExpenses": 3000000,
    "operatingExpenses": 1432700000,
    "costAndExpenses": 3654700000,
    "interestIncome": 7700000,
    "interestExpense": 102900000,
    "depreciationAndAmortization": 419700000,
    "ebitda": 1026200000,
    "ebitdaratio": 0.2402772249,
    "operatingIncome": 595800000,
    "operatingIncomeRatio": 0.1395022126,
    "totalOtherIncomeExpensesNet": -92200000,
    "incomeBeforeTax": 503600000,
    "incomeBeforeTaxRatio": 0.1179142569,
    "incomeTaxExpense": -8000000,
    "netIncome": 511600000,
    "netIncomeRatio": 0.1197873984,
    "eps": 1.28,
    "epsdiluted": 1.27,
    "weightedAverageShsOut": 398400000,
    "weightedAverageShsOutDil": 401500000,
    "link": "https://www.sec.gov/Archives/edgar/data/97745/000009774515000026/0000097745-15-000026-index.htm",
    "finalLink": "https://www.sec.gov/Archives/edgar/data/97745/000009774515000026/tmoq215.htm"
  },
  {
    "date": "2015-03-28",
    "symbol": "TMO",
    "reportedCurrency": "USD",
    "cik": "0000097745",
    "fillingDate": "2015-05-01",
    "acceptedDate": "2015-05-01 11:52:26",
    "calendarYear": "2015",
    "period": "Q1",
    "revenue": 3918800000,
    "costOfRevenue": 1988600000,
    "grossProfit": 1930200000,
    "grossProfitRatio": 0.4925487394,
    "researchAndDevelopmentExpenses": 165800000,
    "generalAndAdministrativeExpenses": 0,
    "sellingAndMarketingExpenses": 0,
    "sellingGeneralAndAdministrativeExpenses": 916000000,
    "otherExpenses": -3900000,
    "operatingExpenses": 1410900000,
    "costAndExpenses": 3399500000,
    "interestIncome": 7000000,
    "interestExpense": 108400000,
    "depreciationAndAmortization": 416300000,
    "ebitda": 906700000,
    "ebitdaratio": 0.2313718485,
    "operatingIncome": 487300000,
    "operatingIncomeRatio": 0.1243492906,
    "totalOtherIncomeExpensesNet": -105300000,
    "incomeBeforeTax": 382000000,
    "incomeBeforeTaxRatio": 0.09747882,
    "incomeTaxExpense": -3100000,
    "netIncome": 385100000,
    "netIncomeRatio": 0.0982698785,
    "eps": 0.97,
    "epsdiluted": 0.96,
    "weightedAverageShsOut": 397800000,
    "weightedAverageShsOutDil": 401400000,
    "link": "https://www.sec.gov/Archives/edgar/data/97745/000009774515000014/0000097745-15-000014-index.htm",
    "finalLink": "https://www.sec.gov/Archives/edgar/data/97745/000009774515000014/tmoq115.htm"
  },
  {
    "date": "2014-12-31",
    "symbol": "TMO",
    "reportedCurrency": "USD",
    "cik": "0000097745",
    "fillingDate": "2015-02-26",
    "acceptedDate": "2015-02-26 16:27:46",
    "calendarYear": "2014",
    "period": "Q4",
    "revenue": 4492800000,
    "costOfRevenue": 2400900000,
    "grossProfit": 2091900000,
    "grossProfitRatio": 0.4656116453,
    "researchAndDevelopmentExpenses": 182500000,
    "generalAndAdministrativeExpenses": 0,
    "sellingAndMarketingExpenses": 0,
    "sellingGeneralAndAdministrativeExpenses": 1236600000,
    "otherExpenses": 4900000,
    "operatingExpenses": 1419100000,
    "costAndExpenses": 3820000000,
    "interestIncome": 9300000,
    "interestExpense": 116200000,
    "depreciationAndAmortization": 428700000,
    "ebitda": 1082000000,
    "ebitdaratio": 0.2408297721,
    "operatingIncome": 639100000,
    "operatingIncomeRatio": 0.1422498219,
    "totalOtherIncomeExpensesNet": -102000000,
    "incomeBeforeTax": 537100000,
    "incomeBeforeTaxRatio": 0.1195468305,
    "incomeTaxExpense": -66900000,
    "netIncome": 601200000,
    "netIncomeRatio": 0.1338141026,
    "eps": 1.51,
    "epsdiluted": 1.5,
    "weightedAverageShsOut": 397800000,
    "weightedAverageShsOutDil": 401400000,
    "link": "https://www.sec.gov/Archives/edgar/data/97745/000009774515000007/0000097745-15-000007-index.htm",
    "finalLink": "https://www.sec.gov/Archives/edgar/data/97745/000009774515000007/tmok2014.htm"
  },
  {
    "date": "2014-09-27",
    "symbol": "TMO",
    "reportedCurrency": "USD",
    "cik": "0000097745",
    "fillingDate": "2014-10-31",
    "acceptedDate": "2014-10-31 15:02:28",
    "calendarYear": "2014",
    "period": "Q3",
    "revenue": 4171400000,
    "costOfRevenue": 2127000000,
    "grossProfit": 2044400000,
    "grossProfitRatio": 0.4900992473,
    "researchAndDevelopmentExpenses": 175200000,
    "generalAndAdministrativeExpenses": 0,
    "sellingAndMarketingExpenses": 0,
    "sellingGeneralAndAdministrativeExpenses": 976600000,
    "otherExpenses": 5200000,
    "operatingExpenses": 1514700000,
    "costAndExpenses": 3641700000,
    "interestIncome": 10500000,
    "interestExpense": 116800000,
    "depreciationAndAmortization": 455700000,
    "ebitda": 1007400000,
    "ebitdaratio": 0.2415016541,
    "operatingIncome": 640300000,
    "operatingIncomeRatio": 0.1534976267,
    "totalOtherIncomeExpensesNet": -101100000,
    "incomeBeforeTax": 539200000,
    "incomeBeforeTaxRatio": 0.1292611593,
    "incomeTaxExpense": 69300000,
    "netIncome": 471600000,
    "netIncomeRatio": 0.1130555689,
    "eps": 1.18,
    "epsdiluted": 1.17,
    "weightedAverageShsOut": 399900000,
    "weightedAverageShsOutDil": 403700000,
    "link": "https://www.sec.gov/Archives/edgar/data/97745/000009774514000052/0000097745-14-000052-index.htm",
    "finalLink": "https://www.sec.gov/Archives/edgar/data/97745/000009774514000052/tmoq314.htm"
  },
  {
    "date": "2014-06-28",
    "symbol": "TMO",
    "reportedCurrency": "USD",
    "cik": "0000097745",
    "fillingDate": "2014-08-01",
    "acceptedDate": "2014-08-01 11:33:45",
    "calendarYear": "2014",
    "period": "Q2",
    "revenue": 4321900000,
    "costOfRevenue": 2361000000,
    "grossProfit": 1960900000,
    "grossProfitRatio": 0.4537124876,
    "researchAndDevelopmentExpenses": 183700000,
    "generalAndAdministrativeExpenses": 0,
    "sellingAndMarketingExpenses": 0,
    "sellingGeneralAndAdministrativeExpenses": 1024600000,
    "otherExpenses": 1500000,
    "operatingExpenses": 1551900000,
    "costAndExpenses": 3912900000,
    "interestIncome": 16000000,
    "interestExpense": 129100000,
    "depreciationAndAmortization": 434800000,
    "ebitda": 1014800000,
    "ebitdaratio": 0.2348041371,
    "operatingIncome": 348100000,
    "operatingIncomeRatio": 0.0805432796,
    "totalOtherIncomeExpensesNet": -111600000,
    "incomeBeforeTax": 236500000,
    "incomeBeforeTaxRatio": 0.0547213031,
    "incomeTaxExpense": -42000000,
    "netIncome": 278500000,
    "netIncomeRatio": 0.0644392513,
    "eps": 0.7,
    "epsdiluted": 0.69,
    "weightedAverageShsOut": 399400000,
    "weightedAverageShsOutDil": 403100000,
    "link": "https://www.sec.gov/Archives/edgar/data/97745/000009774514000045/0000097745-14-000045-index.htm",
    "finalLink": "https://www.sec.gov/Archives/edgar/data/97745/000009774514000045/tmoq214.htm"
  },
  {
    "date": "2014-03-29",
    "symbol": "TMO",
    "reportedCurrency": "USD",
    "cik": "0000097745",
    "fillingDate": "2014-05-02",
    "acceptedDate": "2014-05-02 14:05:19",
    "calendarYear": "2014",
    "period": "Q1",
    "revenue": 3903500000,
    "costOfRevenue": 2191800000,
    "grossProfit": 1711700000,
    "grossProfitRatio": 0.4385039068,
    "researchAndDevelopmentExpenses": 149700000,
    "generalAndAdministrativeExpenses": 0,
    "sellingAndMarketingExpenses": 0,
    "sellingGeneralAndAdministrativeExpenses": 982800000,
    "otherExpenses": 4800000,
    "operatingExpenses": 1418400000,
    "costAndExpenses": 3610200000,
    "interestIncome": 11900000,
    "interestExpense": 117800000,
    "depreciationAndAmortization": 365600000,
    "ebitda": 869200000,
    "ebitdaratio": 0.2226719611,
    "operatingIncome": 875500000,
    "operatingIncomeRatio": 0.2242858973,
    "totalOtherIncomeExpensesNet": -101100000,
    "incomeBeforeTax": 774400000,
    "incomeBeforeTaxRatio": 0.1983860638,
    "incomeTaxExpense": 231300000,
    "netIncome": 543100000,
    "netIncomeRatio": 0.1391315486,
    "eps": 1.38,
    "epsdiluted": 1.36,
    "weightedAverageShsOut": 393300000,
    "weightedAverageShsOutDil": 398400000,
    "link": "https://www.sec.gov/Archives/edgar/data/97745/000009774514000031/0000097745-14-000031-index.htm",
    "finalLink": "https://www.sec.gov/Archives/edgar/data/97745/000009774514000031/tmoq114.htm"
  },
  {
    "date": "2013-12-31",
    "symbol": "TMO",
    "reportedCurrency": "USD",
    "cik": "0000097745",
    "fillingDate": "2014-02-27",
    "acceptedDate": "2014-02-27 15:36:55",
    "calendarYear": "2013",
    "period": "Q4",
    "revenue": 3466900000,
    "costOfRevenue": 1931000000,
    "grossProfit": 1535900000,
    "grossProfitRatio": 0.4430182584,
    "researchAndDevelopmentExpenses": 104700000,
    "generalAndAdministrativeExpenses": 0,
    "sellingAndMarketingExpenses": 0,
    "sellingGeneralAndAdministrativeExpenses": 764000000,
    "otherExpenses": -15000000,
    "operatingExpenses": 1057600000,
    "costAndExpenses": 2988600000,
    "interestIncome": 6600000,
    "interestExpense": 69000000,
    "depreciationAndAmortization": 249300000,
    "ebitda": 695900000,
    "ebitdaratio": 0.2007268742,
    "operatingIncome": 455000000,
    "operatingIncomeRatio": 0.1312411665,
    "totalOtherIncomeExpensesNet": -77400000,
    "incomeBeforeTax": 377600000,
    "incomeBeforeTaxRatio": 0.1089157461,
    "incomeTaxExpense": 34600000,
    "netIncome": 342100000,
    "netIncomeRatio": 0.0986760507,
    "eps": 0.95,
    "epsdiluted": 0.92,
    "weightedAverageShsOut": 361800000,
    "weightedAverageShsOutDil": 370900000,
    "link": "https://www.sec.gov/Archives/edgar/data/97745/000009774514000014/0000097745-14-000014-index.htm",
    "finalLink": "https://www.sec.gov/Archives/edgar/data/97745/000009774514000014/tmok2013.htm"
  },
  {
    "date": "2013-09-28",
    "symbol": "TMO",
    "reportedCurrency": "USD",
    "cik": "0000097745",
    "fillingDate": "2013-11-01",
    "acceptedDate": "2013-11-01 11:17:16",
    "calendarYear": "2013",
    "period": "Q3",
    "revenue": 3191800000,
    "costOfRevenue": 1788200000,
    "grossProfit": 1403600000,
    "grossProfitRatio": 0.4397518642,
    "researchAndDevelopmentExpenses": 95900000,
    "generalAndAdministrativeExpenses": 0,
    "sellingAndMarketingExpenses": 0,
    "sellingGeneralAndAdministrativeExpenses": 713200000,
    "otherExpenses": -15900000,
    "operatingExpenses": 1000100000,
    "costAndExpenses": 2788300000,
    "interestIncome": 7100000,
    "interestExpense": 64300000,
    "depreciationAndAmortization": 250400000,
    "ebitda": 678900000,
    "ebitdaratio": 0.2127012971,
    "operatingIncome": 392100000,
    "operatingIncomeRatio": 0.122846043,
    "totalOtherIncomeExpensesNet": -73100000,
    "incomeBeforeTax": 319000000,
    "incomeBeforeTaxRatio": 0.0999436055,
    "incomeTaxExpense": 1300000,
    "netIncome": 317600000,
    "netIncomeRatio": 0.0995049815,
    "eps": 0.88,
    "epsdiluted": 0.86,
    "weightedAverageShsOut": 361200000,
    "weightedAverageShsOutDil": 367300000,
    "link": "https://www.sec.gov/Archives/edgar/data/97745/000009774513000048/0000097745-13-000048-index.htm",
    "finalLink": "https://www.sec.gov/Archives/edgar/data/97745/000009774513000048/tmoq313.htm"
  },
  {
    "date": "2013-06-29",
    "symbol": "TMO",
    "reportedCurrency": "USD",
    "cik": "0000097745",
    "fillingDate": "2013-08-02",
    "acceptedDate": "2013-08-02 13:52:30",
    "calendarYear": "2013",
    "period": "Q2",
    "revenue": 3240100000,
    "costOfRevenue": 1820900000,
    "grossProfit": 1419200000,
    "grossProfitRatio": 0.4380111725,
    "researchAndDevelopmentExpenses": 96700000,
    "generalAndAdministrativeExpenses": 0,
    "sellingAndMarketingExpenses": 0,
    "sellingGeneralAndAdministrativeExpenses": 734400000,
    "otherExpenses": -38100000,
    "operatingExpenses": 1022300000,
    "costAndExpenses": 2843200000,
    "interestIncome": 7100000,
    "interestExpense": 64400000,
    "depreciationAndAmortization": 249200000,
    "ebitda": 593600000,
    "ebitdaratio": 0.1832042221,
    "operatingIncome": 375400000,
    "operatingIncomeRatio": 0.1158606216,
    "totalOtherIncomeExpensesNet": -95400000,
    "incomeBeforeTax": 280000000,
    "incomeBeforeTaxRatio": 0.0864170859,
    "incomeTaxExpense": 2400000,
    "netIncome": 277400000,
    "netIncomeRatio": 0.0856146415,
    "eps": 0.77,
    "epsdiluted": 0.76,
    "weightedAverageShsOut": 360000000,
    "weightedAverageShsOutDil": 363500000,
    "link": "https://www.sec.gov/Archives/edgar/data/97745/000009774513000042/0000097745-13-000042-index.htm",
    "finalLink": "https://www.sec.gov/Archives/edgar/data/97745/000009774513000042/tmoq213.htm"
  },
  {
    "date": "2013-03-30",
    "symbol": "TMO",
    "reportedCurrency": "USD",
    "cik": "0000097745",
    "fillingDate": "2013-05-03",
    "acceptedDate": "2013-05-03 11:46:33",
    "calendarYear": "2013",
    "period": "Q1",
    "revenue": 3191500000,
    "costOfRevenue": 1799100000,
    "grossProfit": 1392400000,
    "grossProfitRatio": 0.4362838791,
    "researchAndDevelopmentExpenses": 98200000,
    "generalAndAdministrativeExpenses": 0,
    "sellingAndMarketingExpenses": 0,
    "sellingGeneralAndAdministrativeExpenses": 693600000,
    "otherExpenses": 13000000,
    "operatingExpenses": 983800000,
    "costAndExpenses": 2782900000,
    "interestIncome": 7200000,
    "interestExpense": 64400000,
    "depreciationAndAmortization": 251000000,
    "ebitda": 658300000,
    "ebitdaratio": 0.2062666458,
    "operatingIncome": 387100000,
    "operatingIncomeRatio": 0.121290929,
    "totalOtherIncomeExpensesNet": -44200000,
    "incomeBeforeTax": 342900000,
    "incomeBeforeTaxRatio": 0.1074416419,
    "incomeTaxExpense": 2100000,
    "netIncome": 336200000,
    "netIncomeRatio": 0.1053423155,
    "eps": 0.94,
    "epsdiluted": 0.93,
    "weightedAverageShsOut": 358100000,
    "weightedAverageShsOutDil": 361700000,
    "link": "https://www.sec.gov/Archives/edgar/data/97745/000009774513000024/0000097745-13-000024-index.htm",
    "finalLink": "https://www.sec.gov/Archives/edgar/data/97745/000009774513000024/tmoq113.htm"
  },
  {
    "date": "2012-12-31",
    "symbol": "TMO",
    "reportedCurrency": "USD",
    "cik": "0000097745",
    "fillingDate": "2013-02-27",
    "acceptedDate": "2013-02-27 15:07:40",
    "calendarYear": "2012",
    "period": "Q4",
    "revenue": 3259300000,
    "costOfRevenue": 1873200000,
    "grossProfit": 1386100000,
    "grossProfitRatio": 0.4252753659,
    "researchAndDevelopmentExpenses": 98500000,
    "generalAndAdministrativeExpenses": 0,
    "sellingAndMarketingExpenses": 0,
    "sellingGeneralAndAdministrativeExpenses": 856600000,
    "otherExpenses": 0,
    "operatingExpenses": 955100000,
    "costAndExpenses": 2828300000,
    "interestIncome": 6200000,
    "interestExpense": 66200000,
    "depreciationAndAmortization": 254400000,
    "ebitda": 664100000,
    "ebitdaratio": 0.2037554076,
    "operatingIncome": 400600000,
    "operatingIncomeRatio": 0.1229098273,
    "totalOtherIncomeExpensesNet": -57100000,
    "incomeBeforeTax": 343500000,
    "incomeBeforeTaxRatio": 0.1053907281,
    "incomeTaxExpense": -42300000,
    "netIncome": 376400000,
    "netIncomeRatio": 0.1154849201,
    "eps": 1.05,
    "epsdiluted": 1.04,
    "weightedAverageShsOut": 358100000,
    "weightedAverageShsOutDil": 361700000,
    "link": "https://www.sec.gov/Archives/edgar/data/97745/000009774513000007/0000097745-13-000007-index.htm",
    "finalLink": "https://www.sec.gov/Archives/edgar/data/97745/000009774513000007/tmok12.htm"
  },
  {
    "date": "2012-09-29",
    "symbol": "TMO",
    "reportedCurrency": "USD",
    "cik": "0000097745",
    "fillingDate": "2012-11-02",
    "acceptedDate": "2012-11-02 12:02:21",
    "calendarYear": "2012",
    "period": "Q3",
    "revenue": 3085700000,
    "costOfRevenue": 1732300000,
    "grossProfit": 1353400000,
    "grossProfitRatio": 0.4386038824,
    "researchAndDevelopmentExpenses": 92000000,
    "generalAndAdministrativeExpenses": 0,
    "sellingAndMarketingExpenses": 0,
    "sellingGeneralAndAdministrativeExpenses": 707800000,
    "otherExpenses": -1400000,
    "operatingExpenses": 986000000,
    "costAndExpenses": 2718300000,
    "interestIncome": 5900000,
    "interestExpense": 60300000,
    "depreciationAndAmortization": 245200000,
    "ebitda": 601900000,
    "ebitdaratio": 0.1950610882,
    "operatingIncome": 352200000,
    "operatingIncomeRatio": 0.1141394173,
    "totalOtherIncomeExpensesNet": -55800000,
    "incomeBeforeTax": 296400000,
    "incomeBeforeTaxRatio": 0.0960560003,
    "incomeTaxExpense": -3000000,
    "netIncome": 290400000,
    "netIncomeRatio": 0.0941115468,
    "eps": 0.8,
    "epsdiluted": 0.79,
    "weightedAverageShsOut": 362600000,
    "weightedAverageShsOutDil": 365400000,
    "link": "https://www.sec.gov/Archives/edgar/data/97745/000009774512000039/0000097745-12-000039-index.htm",
    "finalLink": "https://www.sec.gov/Archives/edgar/data/97745/000009774512000039/tmoq312.htm"
  },
  {
    "date": "2012-06-30",
    "symbol": "TMO",
    "reportedCurrency": "USD",
    "cik": "0000097745",
    "fillingDate": "2012-08-03",
    "acceptedDate": "2012-08-03 12:02:10",
    "calendarYear": "2012",
    "period": "Q2",
    "revenue": 3108100000,
    "costOfRevenue": 1733200000,
    "grossProfit": 1374900000,
    "grossProfitRatio": 0.4423602844,
    "researchAndDevelopmentExpenses": 94200000,
    "generalAndAdministrativeExpenses": 0,
    "sellingAndMarketingExpenses": 0,
    "sellingGeneralAndAdministrativeExpenses": 705200000,
    "otherExpenses": 1300000,
    "operatingExpenses": 982800000,
    "costAndExpenses": 2716000000,
    "interestIncome": 6700000,
    "interestExpense": 57400000,
    "depreciationAndAmortization": 240300000,
    "ebitda": 617400000,
    "ebitdaratio": 0.1986422573,
    "operatingIncome": 367800000,
    "operatingIncomeRatio": 0.1183359609,
    "totalOtherIncomeExpensesNet": -49400000,
    "incomeBeforeTax": 318400000,
    "incomeBeforeTaxRatio": 0.1024420064,
    "incomeTaxExpense": 26000000,
    "netIncome": 233800000,
    "netIncomeRatio": 0.0752228049,
    "eps": 0.64,
    "epsdiluted": 0.63,
    "weightedAverageShsOut": 367000000,
    "weightedAverageShsOutDil": 369200000,
    "link": "https://www.sec.gov/Archives/edgar/data/97745/000009774512000029/0000097745-12-000029-index.htm",
    "finalLink": "https://www.sec.gov/Archives/edgar/data/97745/000009774512000029/tmoq212.htm"
  },
  {
    "date": "2012-03-31",
    "symbol": "TMO",
    "reportedCurrency": "USD",
    "cik": "0000097745",
    "fillingDate": "2012-05-04",
    "acceptedDate": "2012-05-04 15:55:33",
    "calendarYear": "2012",
    "period": "Q1",
    "revenue": 3100300000,
    "costOfRevenue": 1753300000,
    "grossProfit": 1347000000,
    "grossProfitRatio": 0.4344740832,
    "researchAndDevelopmentExpenses": 91800000,
    "generalAndAdministrativeExpenses": 0,
    "sellingAndMarketingExpenses": 0,
    "sellingGeneralAndAdministrativeExpenses": 701300000,
    "otherExpenses": 900000,
    "operatingExpenses": 977000000,
    "costAndExpenses": 2730300000,
    "interestIncome": 6400000,
    "interestExpense": 57700000,
    "depreciationAndAmortization": 243800000,
    "ebitda": 611300000,
    "ebitdaratio": 0.197174467,
    "operatingIncome": 354900000,
    "operatingIncomeRatio": 0.114472793,
    "totalOtherIncomeExpensesNet": -43800000,
    "incomeBeforeTax": 305000000,
    "incomeBeforeTaxRatio": 0.0983775764,
    "incomeTaxExpense": 28000000,
    "netIncome": 277300000,
    "netIncomeRatio": 0.0894429571,
    "eps": 1.51,
    "epsdiluted": 1.5,
    "weightedAverageShsOut": 367300000,
    "weightedAverageShsOutDil": 370100000,
    "link": "https://www.sec.gov/Archives/edgar/data/97745/000009774512000016/0000097745-12-000016-index.htm",
    "finalLink": "https://www.sec.gov/Archives/edgar/data/97745/000009774512000016/tmoq112.htm"
  },
  {
    "date": "2011-12-31",
    "symbol": "TMO",
    "reportedCurrency": "USD",
    "cik": "0000097745",
    "fillingDate": "2012-02-29",
    "acceptedDate": "2012-02-29 16:27:56",
    "calendarYear": "2011",
    "period": "Q4",
    "revenue": 3133600000,
    "costOfRevenue": 1775800000,
    "grossProfit": 1357800000,
    "grossProfitRatio": 0.4333035486,
    "researchAndDevelopmentExpenses": 95700000,
    "generalAndAdministrativeExpenses": 0,
    "sellingAndMarketingExpenses": 0,
    "sellingGeneralAndAdministrativeExpenses": 699600000,
    "otherExpenses": 0,
    "operatingExpenses": 982000000,
    "costAndExpenses": 2757800000,
    "interestIncome": 8500000,
    "interestExpense": 59100000,
    "depreciationAndAmortization": 246900000,
    "ebitda": 613300000,
    "ebitdaratio": 0.1957173858,
    "operatingIncome": 342900000,
    "operatingIncomeRatio": 0.1094268573,
    "totalOtherIncomeExpensesNet": -35600000,
    "incomeBeforeTax": 307300000,
    "incomeBeforeTaxRatio": 0.098066122,
    "incomeTaxExpense": 17800000,
    "netIncome": 288900000,
    "netIncomeRatio": 0.0921942813,
    "eps": 0.77,
    "epsdiluted": 0.77,
    "weightedAverageShsOut": 373400000,
    "weightedAverageShsOutDil": 375900000,
    "link": "https://www.sec.gov/Archives/edgar/data/97745/000009774512000010/0000097745-12-000010-index.htm",
    "finalLink": "https://www.sec.gov/Archives/edgar/data/97745/000009774512000010/tmok11.htm"
  },
  {
    "date": "2011-10-01",
    "symbol": "TMO",
    "reportedCurrency": "USD",
    "cik": "0000097745",
    "fillingDate": "2011-11-04",
    "acceptedDate": "2011-11-04 12:23:21",
    "calendarYear": "2011",
    "period": "Q3",
    "revenue": 2973500000,
    "costOfRevenue": 1702200000,
    "grossProfit": 1271300000,
    "grossProfitRatio": 0.4275432991,
    "researchAndDevelopmentExpenses": 86800000,
    "generalAndAdministrativeExpenses": 0,
    "sellingAndMarketingExpenses": 0,
    "sellingGeneralAndAdministrativeExpenses": 682600000,
    "otherExpenses": 0,
    "operatingExpenses": 944000000,
    "costAndExpenses": 2646200000,
    "interestIncome": 6800000,
    "interestExpense": 49500000,
    "depreciationAndAmortization": 229700000,
    "ebitda": 544700000,
    "ebitdaratio": 0.1831847991,
    "operatingIncome": 315000000,
    "operatingIncomeRatio": 0.1059357659,
    "totalOtherIncomeExpensesNet": -48600000,
    "incomeBeforeTax": 264700000,
    "incomeBeforeTaxRatio": 0.0890196738,
    "incomeTaxExpense": -600000,
    "netIncome": 265400000,
    "netIncomeRatio": 0.0892550866,
    "eps": 0.7,
    "epsdiluted": 0.69,
    "weightedAverageShsOut": 379500000,
    "weightedAverageShsOutDil": 382700000,
    "link": "https://www.sec.gov/Archives/edgar/data/97745/000009774511000057/0000097745-11-000057-index.htm",
    "finalLink": "https://www.sec.gov/Archives/edgar/data/97745/000009774511000057/tmoq311.htm"
  },
  {
    "date": "2011-07-02",
    "symbol": "TMO",
    "reportedCurrency": "USD",
    "cik": "0000097745",
    "fillingDate": "2011-08-05",
    "acceptedDate": "2011-08-05 12:51:28",
    "calendarYear": "2011",
    "period": "Q2",
    "revenue": 2897400000,
    "costOfRevenue": 1691600000,
    "grossProfit": 1205800000,
    "grossProfitRatio": 0.416166218,
    "researchAndDevelopmentExpenses": 83300000,
    "generalAndAdministrativeExpenses": 0,
    "sellingAndMarketingExpenses": 0,
    "sellingGeneralAndAdministrativeExpenses": 665600000,
    "otherExpenses": 0,
    "operatingExpenses": 900100000,
    "costAndExpenses": 2591700000,
    "interestIncome": 6600000,
    "interestExpense": 38900000,
    "depreciationAndAmortization": 202600000,
    "ebitda": 494600000,
    "ebitdaratio": 0.1707047698,
    "operatingIncome": 265800000,
    "operatingIncomeRatio": 0.0917374198,
    "totalOtherIncomeExpensesNet": -11000000,
    "incomeBeforeTax": 255600000,
    "incomeBeforeTaxRatio": 0.0882170222,
    "incomeTaxExpense": 38000000,
    "netIncome": 523400000,
    "netIncomeRatio": 0.180644716,
    "eps": 1.37,
    "epsdiluted": 1.36,
    "weightedAverageShsOut": 381900000,
    "weightedAverageShsOutDil": 384852941,
    "link": "https://www.sec.gov/Archives/edgar/data/97745/000009774511000043/0000097745-11-000043-index.htm",
    "finalLink": "https://www.sec.gov/Archives/edgar/data/97745/000009774511000043/tmoq211.htm"
  },
  {
    "date": "2011-04-02",
    "symbol": "TMO",
    "reportedCurrency": "USD",
    "cik": "0000097745",
    "fillingDate": "2011-05-06",
    "acceptedDate": "2011-05-06 14:30:18",
    "calendarYear": "2011",
    "period": "Q1",
    "revenue": 2721400000,
    "costOfRevenue": 1567700000,
    "grossProfit": 1153700000,
    "grossProfitRatio": 0.4239362093,
    "researchAndDevelopmentExpenses": 74800000,
    "generalAndAdministrativeExpenses": 0,
    "sellingAndMarketingExpenses": 0,
    "sellingGeneralAndAdministrativeExpenses": 606700000,
    "otherExpenses": 0,
    "operatingExpenses": 816900000,
    "costAndExpenses": 2384600000,
    "interestIncome": 5000000,
    "interestExpense": 27800000,
    "depreciationAndAmortization": 184300000,
    "ebitda": 511100000,
    "ebitdaratio": 0.187807746,
    "operatingIncome": 321500000,
    "operatingIncomeRatio": 0.1181377232,
    "totalOtherIncomeExpensesNet": -22500000,
    "incomeBeforeTax": 299000000,
    "incomeBeforeTaxRatio": 0.1098699199,
    "incomeTaxExpense": 51800000,
    "netIncome": 252200000,
    "netIncomeRatio": 0.092672889,
    "eps": 0.65,
    "epsdiluted": 0.64,
    "weightedAverageShsOut": 388600000,
    "weightedAverageShsOutDil": 394600000,
    "link": "https://www.sec.gov/Archives/edgar/data/97745/000009774511000023/0000097745-11-000023-index.htm",
    "finalLink": "https://www.sec.gov/Archives/edgar/data/97745/000009774511000023/tmoq111.htm"
  },
  {
    "date": "2010-12-31",
    "symbol": "TMO",
    "reportedCurrency": "USD",
    "cik": "0000097745",
    "fillingDate": "2011-02-24",
    "acceptedDate": "2011-02-24 16:59:42",
    "calendarYear": "2010",
    "period": "Q4",
    "revenue": 2781100000,
    "costOfRevenue": 1619200000,
    "grossProfit": 1161900000,
    "grossProfitRatio": 0.4177843299,
    "researchAndDevelopmentExpenses": 78200000,
    "generalAndAdministrativeExpenses": 0,
    "sellingAndMarketingExpenses": 0,
    "sellingGeneralAndAdministrativeExpenses": 717900000,
    "otherExpenses": 0,
    "operatingExpenses": 796100000,
    "costAndExpenses": 2415300000,
    "interestIncome": 3800000,
    "interestExpense": 19500000,
    "depreciationAndAmortization": 190600000,
    "ebitda": 528200000,
    "ebitdaratio": 0.1899248499,
    "operatingIncome": 341300000,
    "operatingIncomeRatio": 0.1227212254,
    "totalOtherIncomeExpensesNet": -23200000,
    "incomeBeforeTax": 318100000,
    "incomeBeforeTaxRatio": 0.1143792025,
    "incomeTaxExpense": 20600000,
    "netIncome": 297500000,
    "netIncomeRatio": 0.1069720614,
    "eps": 0.77,
    "epsdiluted": 0.75,
    "weightedAverageShsOut": 388600000,
    "weightedAverageShsOutDil": 394600000,
    "link": "https://www.sec.gov/Archives/edgar/data/97745/000009774511000013/0000097745-11-000013-index.htm",
    "finalLink": "https://www.sec.gov/Archives/edgar/data/97745/000009774511000013/tmok2010.htm"
  },
  {
    "date": "2010-10-02",
    "symbol": "TMO",
    "reportedCurrency": "USD",
    "cik": "0000097745",
    "fillingDate": "2010-11-05",
    "acceptedDate": "2010-11-05 13:21:55",
    "calendarYear": "2010",
    "period": "Q3",
    "revenue": 2683500000,
    "costOfRevenue": 1552300000,
    "grossProfit": 1131200000,
    "grossProfitRatio": 0.4215390348,
    "researchAndDevelopmentExpenses": 71900000,
    "generalAndAdministrativeExpenses": 0,
    "sellingAndMarketingExpenses": 0,
    "sellingGeneralAndAdministrativeExpenses": 591000000,
    "otherExpenses": 0,
    "operatingExpenses": 802300000,
    "costAndExpenses": 2354600000,
    "interestIncome": 3400000,
    "interestExpense": 19100000,
    "depreciationAndAmortization": 188500000,
    "ebitda": 488800000,
    "ebitdaratio": 0.182150177,
    "operatingIncome": 318600000,
    "operatingIncomeRatio": 0.118725545,
    "totalOtherIncomeExpensesNet": -15400000,
    "incomeBeforeTax": 303200000,
    "incomeBeforeTaxRatio": 0.112986771,
    "incomeTaxExpense": 34700000,
    "netIncome": 268500000,
    "netIncomeRatio": 0.1000558971,
    "eps": 0.67,
    "epsdiluted": 0.66,
    "weightedAverageShsOut": 400700000,
    "weightedAverageShsOutDil": 404500000,
    "link": "https://www.sec.gov/Archives/edgar/data/97745/000009774510000040/0000097745-10-000040-index.htm",
    "finalLink": "https://www.sec.gov/Archives/edgar/data/97745/000009774510000040/tmoq310.htm"
  },
  {
    "date": "2010-07-03",
    "symbol": "TMO",
    "reportedCurrency": "USD",
    "cik": "0000097745",
    "fillingDate": "2010-08-04",
    "acceptedDate": "2010-08-04 12:53:48",
    "calendarYear": "2010",
    "period": "Q2",
    "revenue": 2649000000,
    "costOfRevenue": 1533200000,
    "grossProfit": 1115800000,
    "grossProfitRatio": 0.421215553,
    "researchAndDevelopmentExpenses": 70300000,
    "generalAndAdministrativeExpenses": 0,
    "sellingAndMarketingExpenses": 0,
    "sellingGeneralAndAdministrativeExpenses": 583300000,
    "otherExpenses": 0,
    "operatingExpenses": 795600000,
    "costAndExpenses": 2328800000,
    "interestIncome": 2900000,
    "interestExpense": 23800000,
    "depreciationAndAmortization": 191200000,
    "ebitda": 470200000,
    "ebitdaratio": 0.1775009438,
    "operatingIncome": 312000000,
    "operatingIncomeRatio": 0.1177802945,
    "totalOtherIncomeExpensesNet": -36800000,
    "incomeBeforeTax": 275200000,
    "incomeBeforeTaxRatio": 0.1038882597,
    "incomeTaxExpense": 37900000,
    "netIncome": 237300000,
    "netIncomeRatio": 0.089580974,
    "eps": 0.58,
    "epsdiluted": 0.57,
    "weightedAverageShsOut": 409300000,
    "weightedAverageShsOutDil": 415900000,
    "link": "https://www.sec.gov/Archives/edgar/data/97745/000009774510000030/0000097745-10-000030-index.htm",
    "finalLink": "https://www.sec.gov/Archives/edgar/data/97745/000009774510000030/tmoq210.htm"
  },
  {
    "date": "2010-04-03",
    "symbol": "TMO",
    "reportedCurrency": "USD",
    "cik": "0000097745",
    "fillingDate": "2010-05-06",
    "acceptedDate": "2010-05-06 15:53:29",
    "calendarYear": "2010",
    "period": "Q1",
    "revenue": 2675100000,
    "costOfRevenue": 1544900000,
    "grossProfit": 1130200000,
    "grossProfitRatio": 0.4224888789,
    "researchAndDevelopmentExpenses": 66800000,
    "generalAndAdministrativeExpenses": 0,
    "sellingAndMarketingExpenses": 0,
    "sellingGeneralAndAdministrativeExpenses": 601900000,
    "otherExpenses": 0,
    "operatingExpenses": 819800000,
    "costAndExpenses": 2364700000,
    "interestIncome": 2400000,
    "interestExpense": 22300000,
    "depreciationAndAmortization": 199700000,
    "ebitda": 475600000,
    "ebitdaratio": 0.1777877463,
    "operatingIncome": 293000000,
    "operatingIncomeRatio": 0.1095286158,
    "totalOtherIncomeExpensesNet": -24900000,
    "incomeBeforeTax": 268100000,
    "incomeBeforeTaxRatio": 0.1002205525,
    "incomeTaxExpense": 38300000,
    "netIncome": 232300000,
    "netIncomeRatio": 0.0868378752,
    "eps": 0.57,
    "epsdiluted": 0.56,
    "weightedAverageShsOut": 409600000,
    "weightedAverageShsOutDil": 418200000,
    "link": "https://www.sec.gov/Archives/edgar/data/97745/000009774510000014/0000097745-10-000014-index.htm",
    "finalLink": "https://www.sec.gov/Archives/edgar/data/97745/000009774510000014/tmoq110.htm"
  },
  {
    "date": "2009-12-31",
    "symbol": "TMO",
    "reportedCurrency": "USD",
    "cik": "0000097745",
    "fillingDate": "2010-02-26",
    "acceptedDate": "2010-02-26 15:15:58",
    "calendarYear": "2009",
    "period": "Q4",
    "revenue": 2839400000,
    "costOfRevenue": 1701100000,
    "grossProfit": 1138300000,
    "grossProfitRatio": 0.4008945552,
    "researchAndDevelopmentExpenses": 69300000,
    "generalAndAdministrativeExpenses": 0,
    "sellingAndMarketingExpenses": 0,
    "sellingGeneralAndAdministrativeExpenses": 720900000,
    "otherExpenses": 0,
    "operatingExpenses": 790200000,
    "costAndExpenses": 2491300000,
    "interestIncome": 3600000,
    "interestExpense": 29100000,
    "depreciationAndAmortization": 207200000,
    "ebitda": 517200000,
    "ebitdaratio": 0.1821511587,
    "operatingIncome": 324300000,
    "operatingIncomeRatio": 0.1142142706,
    "totalOtherIncomeExpensesNet": -43400000,
    "incomeBeforeTax": 280900000,
    "incomeBeforeTaxRatio": 0.0989293513,
    "incomeTaxExpense": 6600000,
    "netIncome": 273300000,
    "netIncomeRatio": 0.0962527294,
    "eps": 0.67,
    "epsdiluted": 0.65,
    "weightedAverageShsOut": 409600000,
    "weightedAverageShsOutDil": 418200000,
    "link": "https://www.sec.gov/Archives/edgar/data/97745/000009774510000008/0000097745-10-000008-index.htm",
    "finalLink": "https://www.sec.gov/Archives/edgar/data/97745/000009774510000008/tmok2009.htm"
  },
  {
    "date": "2009-09-26",
    "symbol": "TMO",
    "reportedCurrency": "USD",
    "cik": "0000097745",
    "fillingDate": "2009-10-30",
    "acceptedDate": "2009-10-30 10:26:23",
    "calendarYear": "2009",
    "period": "Q3",
    "revenue": 2531100000,
    "costOfRevenue": 1489300000,
    "grossProfit": 1041800000,
    "grossProfitRatio": 0.4115996997,
    "researchAndDevelopmentExpenses": 60500000,
    "generalAndAdministrativeExpenses": 0,
    "sellingAndMarketingExpenses": 0,
    "sellingGeneralAndAdministrativeExpenses": 544500000,
    "otherExpenses": 0,
    "operatingExpenses": 753200000,
    "costAndExpenses": 2242500000,
    "interestIncome": 2500000,
    "interestExpense": 29200000,
    "depreciationAndAmortization": 148200000,
    "ebitda": 471600000,
    "ebitdaratio": 0.1863221524,
    "operatingIncome": 275500000,
    "operatingIncomeRatio": 0.1088459563,
    "totalOtherIncomeExpensesNet": -28600000,
    "incomeBeforeTax": 246900000,
    "incomeBeforeTaxRatio": 0.0975465213,
    "incomeTaxExpense": 25700000,
    "netIncome": 221200000,
    "netIncomeRatio": 0.0873928332,
    "eps": 0.54,
    "epsdiluted": 0.53,
    "weightedAverageShsOut": 407900000,
    "weightedAverageShsOutDil": 420200000,
    "link": "https://www.sec.gov/Archives/edgar/data/97745/000009774509000050/0000097745-09-000050-index.htm",
    "finalLink": "https://www.sec.gov/Archives/edgar/data/97745/000009774509000050/tmoq309.htm"
  },
  {
    "date": "2009-06-27",
    "symbol": "TMO",
    "reportedCurrency": "USD",
    "cik": "0000097745",
    "fillingDate": "2009-07-31",
    "acceptedDate": "2009-07-31 10:08:12",
    "calendarYear": "2009",
    "period": "Q2",
    "revenue": 2484100000,
    "costOfRevenue": 1465600000,
    "grossProfit": 1018500000,
    "grossProfitRatio": 0.4100076486,
    "researchAndDevelopmentExpenses": 58100000,
    "generalAndAdministrativeExpenses": 0,
    "sellingAndMarketingExpenses": 0,
    "sellingGeneralAndAdministrativeExpenses": 544000000,
    "otherExpenses": 0,
    "operatingExpenses": 749200000,
    "costAndExpenses": 2214800000,
    "interestIncome": 4700000,
    "interestExpense": 29600000,
    "depreciationAndAmortization": 147100000,
    "ebitda": 456000000,
    "ebitdaratio": 0.1835674892,
    "operatingIncome": 259000000,
    "operatingIncomeRatio": 0.1042631134,
    "totalOtherIncomeExpensesNet": -26900000,
    "incomeBeforeTax": 232100000,
    "incomeBeforeTaxRatio": 0.0934342418,
    "incomeTaxExpense": 25200000,
    "netIncome": 206900000,
    "netIncomeRatio": 0.0832897226,
    "eps": 0.5,
    "epsdiluted": 0.49,
    "weightedAverageShsOut": 415300000,
    "weightedAverageShsOutDil": 423700000,
    "link": "https://www.sec.gov/Archives/edgar/data/97745/000009774509000040/0000097745-09-000040-index.htm",
    "finalLink": "https://www.sec.gov/Archives/edgar/data/97745/000009774509000040/tmoq209.htm"
  },
  {
    "date": "2009-03-31",
    "symbol": "TMO",
    "reportedCurrency": "USD",
    "cik": "0000097745",
    "fillingDate": "2009-03-31",
    "acceptedDate": "2009-03-30 20:00:00",
    "calendarYear": "2009",
    "period": "Q1",
    "revenue": 2255100000,
    "costOfRevenue": 1368200000,
    "grossProfit": 886900000,
    "grossProfitRatio": 0.3932863288,
    "researchAndDevelopmentExpenses": 58200000,
    "generalAndAdministrativeExpenses": 0,
    "sellingAndMarketingExpenses": 0,
    "sellingGeneralAndAdministrativeExpenses": 625000000,
    "otherExpenses": 0,
    "operatingExpenses": 683200000,
    "costAndExpenses": 2051400000,
    "interestIncome": 5300000,
    "interestExpense": 30200000,
    "depreciationAndAmortization": 190300000,
    "ebitda": 387700000,
    "ebitdaratio": 0.1719214226,
    "operatingIncome": 190100000,
    "operatingIncomeRatio": 0.0842978138,
    "totalOtherIncomeExpensesNet": -22900000,
    "incomeBeforeTax": 167200000,
    "incomeBeforeTaxRatio": 0.0741430535,
    "incomeTaxExpense": 18300000,
    "netIncome": 148900000,
    "netIncomeRatio": 0.0660281141,
    "eps": 0.36,
    "epsdiluted": 0.35,
    "weightedAverageShsOut": 417700000,
    "weightedAverageShsOutDil": 425300000,
    "link": "",
    "finalLink": ""
  },
  {
    "date": "2008-12-31",
    "symbol": "TMO",
    "reportedCurrency": "USD",
    "cik": "0000097745",
    "fillingDate": "2009-02-27",
    "acceptedDate": "2009-02-27 13:23:17",
    "calendarYear": "2008",
    "period": "Q4",
    "revenue": 2646300000,
    "costOfRevenue": 1579300000,
    "grossProfit": 1067000000,
    "grossProfitRatio": 0.4032044742,
    "researchAndDevelopmentExpenses": 60900000,
    "generalAndAdministrativeExpenses": 0,
    "sellingAndMarketingExpenses": 0,
    "sellingGeneralAndAdministrativeExpenses": 663100000,
    "otherExpenses": 0,
    "operatingExpenses": 724000000,
    "costAndExpenses": 2303300000,
    "interestIncome": 0,
    "interestExpense": 0,
    "depreciationAndAmortization": 194400000,
    "ebitda": 537400000,
    "ebitdaratio": 0.2030759929,
    "operatingIncome": 322500000,
    "operatingIncomeRatio": 0.1218682689,
    "totalOtherIncomeExpensesNet": -22200000,
    "incomeBeforeTax": 300300000,
    "incomeBeforeTaxRatio": 0.1134791974,
    "incomeTaxExpense": 9600000,
    "netIncome": 290200000,
    "netIncomeRatio": 0.1096625477,
    "eps": 0.69,
    "epsdiluted": 0.68,
    "weightedAverageShsOut": 417700000,
    "weightedAverageShsOutDil": 425300000,
    "link": "https://www.sec.gov/Archives/edgar/data/97745/000009774509000011/0000097745-09-000011-index.htm",
    "finalLink": "https://www.sec.gov/Archives/edgar/data/97745/000009774509000011/tmok08.htm"
  },
  {
    "date": "2008-09-27",
    "symbol": "TMO",
    "reportedCurrency": "USD",
    "cik": "0000097745",
    "fillingDate": "2008-10-30",
    "acceptedDate": "2008-10-30 15:41:29",
    "calendarYear": "2008",
    "period": "Q3",
    "revenue": 2588100000,
    "costOfRevenue": 1555300000,
    "grossProfit": 1032800000,
    "grossProfitRatio": 0.3990572234,
    "researchAndDevelopmentExpenses": 61800000,
    "generalAndAdministrativeExpenses": 0,
    "sellingAndMarketingExpenses": 0,
    "sellingGeneralAndAdministrativeExpenses": 669300000,
    "otherExpenses": 0,
    "operatingExpenses": 731100000,
    "costAndExpenses": 2286400000,
    "interestIncome": 14900000,
    "interestExpense": 39700000,
    "depreciationAndAmortization": 199700000,
    "ebitda": 498000000,
    "ebitdaratio": 0.1924191492,
    "operatingIncome": 286300000,
    "operatingIncomeRatio": 0.1106216916,
    "totalOtherIncomeExpensesNet": -27700000,
    "incomeBeforeTax": 264200000,
    "incomeBeforeTaxRatio": 0.1020826089,
    "incomeTaxExpense": 45900000,
    "netIncome": 218100000,
    "netIncomeRatio": 0.0842703141,
    "eps": 0.52,
    "epsdiluted": 0.5,
    "weightedAverageShsOut": 419000000,
    "weightedAverageShsOutDil": 438300000,
    "link": "https://www.sec.gov/Archives/edgar/data/97745/000009774508000119/0000097745-08-000119-index.htm",
    "finalLink": "https://www.sec.gov/Archives/edgar/data/97745/000009774508000119/tmoq308.htm"
  },
  {
    "date": "2008-06-28",
    "symbol": "TMO",
    "reportedCurrency": "USD",
    "cik": "0000097745",
    "fillingDate": "2008-07-31",
    "acceptedDate": "2008-07-31 12:18:49",
    "calendarYear": "2008",
    "period": "Q2",
    "revenue": 2709600000,
    "costOfRevenue": 1621500000,
    "grossProfit": 1088100000,
    "grossProfitRatio": 0.4015721878,
    "researchAndDevelopmentExpenses": 64400000,
    "generalAndAdministrativeExpenses": 0,
    "sellingAndMarketingExpenses": 0,
    "sellingGeneralAndAdministrativeExpenses": 698900000,
    "otherExpenses": 0,
    "operatingExpenses": 763300000,
    "costAndExpenses": 2384800000,
    "interestIncome": 0,
    "interestExpense": 0,
    "depreciationAndAmortization": 199800000,
    "ebitda": 524600000,
    "ebitdaratio": 0.1936079126,
    "operatingIncome": 330200000,
    "operatingIncomeRatio": 0.1218630056,
    "totalOtherIncomeExpensesNet": -22700000,
    "incomeBeforeTax": 307500000,
    "incomeBeforeTaxRatio": 0.1134853853,
    "incomeTaxExpense": 61200000,
    "netIncome": 249500000,
    "netIncomeRatio": 0.0920800118,
    "eps": 0.6,
    "epsdiluted": 0.57,
    "weightedAverageShsOut": 418000000,
    "weightedAverageShsOutDil": 437200000,
    "link": "https://www.sec.gov/Archives/edgar/data/97745/000009774508000109/0000097745-08-000109-index.htm",
    "finalLink": "https://www.sec.gov/Archives/edgar/data/97745/000009774508000109/tmoq208.htm"
  },
  {
    "date": "2008-03-29",
    "symbol": "TMO",
    "reportedCurrency": "USD",
    "cik": "0000097745",
    "fillingDate": "2008-05-02",
    "acceptedDate": "2008-05-02 11:13:15",
    "calendarYear": "2008",
    "period": "Q1",
    "revenue": 2554000000,
    "costOfRevenue": 1535600000,
    "grossProfit": 1018400000,
    "grossProfitRatio": 0.3987470634,
    "researchAndDevelopmentExpenses": 62000000,
    "generalAndAdministrativeExpenses": 0,
    "sellingAndMarketingExpenses": 0,
    "sellingGeneralAndAdministrativeExpenses": 661100000,
    "otherExpenses": 0,
    "operatingExpenses": 723100000,
    "costAndExpenses": 2258700000,
    "interestIncome": 0,
    "interestExpense": 0,
    "depreciationAndAmortization": 198800000,
    "ebitda": 494100000,
    "ebitdaratio": 0.1934612373,
    "operatingIncome": 290400000,
    "operatingIncomeRatio": 0.1137039937,
    "totalOtherIncomeExpensesNet": -12800000,
    "incomeBeforeTax": 277600000,
    "incomeBeforeTaxRatio": 0.1086922475,
    "incomeTaxExpense": 44200000,
    "netIncome": 233000000,
    "netIncomeRatio": 0.091229444,
    "eps": 0.56,
    "epsdiluted": 0.53,
    "weightedAverageShsOut": 417500000,
    "weightedAverageShsOutDil": 436200000,
    "link": "https://www.sec.gov/Archives/edgar/data/97745/000009774508000092/0000097745-08-000092-index.htm",
    "finalLink": "https://www.sec.gov/Archives/edgar/data/97745/000009774508000092/tmoq108.htm"
  },
  {
    "date": "2007-12-31",
    "symbol": "TMO",
    "reportedCurrency": "USD",
    "cik": "0000097745",
    "fillingDate": "2008-02-29",
    "acceptedDate": "2008-02-29 12:58:50",
    "calendarYear": "2007",
    "period": "Q4",
    "revenue": 2621100000,
    "costOfRevenue": 1581200000,
    "grossProfit": 1039900000,
    "grossProfitRatio": 0.396741826,
    "researchAndDevelopmentExpenses": 61400000,
    "generalAndAdministrativeExpenses": 0,
    "sellingAndMarketingExpenses": 0,
    "sellingGeneralAndAdministrativeExpenses": 675800000,
    "otherExpenses": 0,
    "operatingExpenses": 737200000,
    "costAndExpenses": 2318400000,
    "interestIncome": 0,
    "interestExpense": 0,
    "depreciationAndAmortization": 196800000,
    "ebitda": 499500000,
    "ebitdaratio": 0.1905688451,
    "operatingIncome": 285000000,
    "operatingIncomeRatio": 0.1087329747,
    "totalOtherIncomeExpensesNet": -27000000,
    "incomeBeforeTax": 258000000,
    "incomeBeforeTaxRatio": 0.098431956,
    "incomeTaxExpense": 23700000,
    "netIncome": 239800000,
    "netIncomeRatio": 0.0914883064,
    "eps": 0.57,
    "epsdiluted": 0.55,
    "weightedAverageShsOut": 417500000,
    "weightedAverageShsOutDil": 436200000,
    "link": "https://www.sec.gov/Archives/edgar/data/97745/000009774508000043/0000097745-08-000043-index.htm",
    "finalLink": "https://www.sec.gov/Archives/edgar/data/97745/000009774508000043/tmok2007.htm"
  },
  {
    "date": "2007-09-29",
    "symbol": "TMO",
    "reportedCurrency": "USD",
    "cik": "0000097745",
    "fillingDate": "2007-11-01",
    "acceptedDate": "2007-11-01 16:28:47",
    "calendarYear": "2007",
    "period": "Q3",
    "revenue": 2401200000,
    "costOfRevenue": 1453100000,
    "grossProfit": 948100000,
    "grossProfitRatio": 0.3948442445,
    "researchAndDevelopmentExpenses": 58800000,
    "generalAndAdministrativeExpenses": 0,
    "sellingAndMarketingExpenses": 0,
    "sellingGeneralAndAdministrativeExpenses": 626500000,
    "otherExpenses": 0,
    "operatingExpenses": 685300000,
    "costAndExpenses": 2138400000,
    "interestIncome": 0,
    "interestExpense": 0,
    "depreciationAndAmortization": 187600000,
    "ebitda": 450400000,
    "ebitdaratio": 0.1875728802,
    "operatingIncome": 254000000,
    "operatingIncomeRatio": 0.1057804431,
    "totalOtherIncomeExpensesNet": -18700000,
    "incomeBeforeTax": 235300000,
    "incomeBeforeTaxRatio": 0.0979926703,
    "incomeTaxExpense": 16700000,
    "netIncome": 218500000,
    "netIncomeRatio": 0.0909961686,
    "eps": 0.51,
    "epsdiluted": 0.49,
    "weightedAverageShsOut": 424300000,
    "weightedAverageShsOutDil": 446600000,
    "link": "https://www.sec.gov/Archives/edgar/data/97745/000009774507000219/0000097745-07-000219-index.htm",
    "finalLink": "https://www.sec.gov/Archives/edgar/data/97745/000009774507000219/tmoq307.htm"
  },
  {
    "date": "2007-06-30",
    "symbol": "TMO",
    "reportedCurrency": "USD",
    "cik": "0000097745",
    "fillingDate": "2007-08-09",
    "acceptedDate": "2007-08-09 13:31:10",
    "calendarYear": "2007",
    "period": "Q2",
    "revenue": 2385900000,
    "costOfRevenue": 1449300000,
    "grossProfit": 936600000,
    "grossProfitRatio": 0.3925562681,
    "researchAndDevelopmentExpenses": 58700000,
    "generalAndAdministrativeExpenses": 0,
    "sellingAndMarketingExpenses": 0,
    "sellingGeneralAndAdministrativeExpenses": 626600000,
    "otherExpenses": 0,
    "operatingExpenses": 685300000,
    "costAndExpenses": 2134600000,
    "interestIncome": 0,
    "interestExpense": 0,
    "depreciationAndAmortization": 187100000,
    "ebitda": 438400000,
    "ebitdaratio": 0.1837461754,
    "operatingIncome": 243000000,
    "operatingIncomeRatio": 0.1018483591,
    "totalOtherIncomeExpensesNet": -20700000,
    "incomeBeforeTax": 222300000,
    "incomeBeforeTaxRatio": 0.0931723878,
    "incomeTaxExpense": 34400000,
    "netIncome": 163900000,
    "netIncomeRatio": 0.0686952513,
    "eps": 0.39,
    "epsdiluted": 0.37,
    "weightedAverageShsOut": 424000000,
    "weightedAverageShsOutDil": 446500000,
    "link": "https://www.sec.gov/Archives/edgar/data/97745/000009774507000099/0000097745-07-000099-index.htm",
    "finalLink": "https://www.sec.gov/Archives/edgar/data/97745/000009774507000099/tmo2q07.htm"
  },
  {
    "date": "2007-03-31",
    "symbol": "TMO",
    "reportedCurrency": "USD",
    "cik": "0000097745",
    "fillingDate": "2007-05-04",
    "acceptedDate": "2007-05-04 14:45:38",
    "calendarYear": "2007",
    "period": "Q1",
    "revenue": 2338200000,
    "costOfRevenue": 1458300000,
    "grossProfit": 879900000,
    "grossProfitRatio": 0.3763151142,
    "researchAndDevelopmentExpenses": 59800000,
    "generalAndAdministrativeExpenses": 0,
    "sellingAndMarketingExpenses": 0,
    "sellingGeneralAndAdministrativeExpenses": 620300000,
    "otherExpenses": 0,
    "operatingExpenses": 680100000,
    "costAndExpenses": 2138400000,
    "interestIncome": 0,
    "interestExpense": 0,
    "depreciationAndAmortization": 185300000,
    "ebitda": 385100000,
    "ebitdaratio": 0.1646993414,
    "operatingIncome": 192400000,
    "operatingIncomeRatio": 0.0822855188,
    "totalOtherIncomeExpensesNet": -26700000,
    "incomeBeforeTax": 165700000,
    "incomeBeforeTaxRatio": 0.0708664785,
    "incomeTaxExpense": 26900000,
    "netIncome": 138900000,
    "netIncomeRatio": 0.0594046703,
    "eps": 0.33,
    "epsdiluted": 0.31,
    "weightedAverageShsOut": 420100000,
    "weightedAverageShsOutDil": 441100000,
    "link": "https://www.sec.gov/Archives/edgar/data/97745/000009774507000074/0000097745-07-000074-index.htm",
    "finalLink": "https://www.sec.gov/Archives/edgar/data/97745/000009774507000074/tmoq107.htm"
  },
  {
    "date": "2006-12-31",
    "symbol": "TMO",
    "reportedCurrency": "USD",
    "cik": "0000097745",
    "fillingDate": "2007-03-01",
    "acceptedDate": "2007-03-01 16:41:57",
    "calendarYear": "2006",
    "period": "Q4",
    "revenue": 1668900000,
    "costOfRevenue": 1074841000,
    "grossProfit": 594059000,
    "grossProfitRatio": 0.3559584157,
    "researchAndDevelopmentExpenses": 52169000,
    "generalAndAdministrativeExpenses": 0,
    "sellingAndMarketingExpenses": 0,
    "sellingGeneralAndAdministrativeExpenses": 482900000,
    "otherExpenses": 0,
    "operatingExpenses": 535069000,
    "costAndExpenses": 1609910000,
    "interestIncome": 0,
    "interestExpense": 0,
    "depreciationAndAmortization": 124511000,
    "ebitda": 183501000,
    "ebitdaratio": 0.1099532626,
    "operatingIncome": 26830000,
    "operatingIncomeRatio": 0.0160764575,
    "totalOtherIncomeExpensesNet": -19684000,
    "incomeBeforeTax": 7146000,
    "incomeBeforeTaxRatio": 0.0042818623,
    "incomeTaxExpense": -17775000,
    "netIncome": 25316000,
    "netIncomeRatio": 0.0151692732,
    "eps": 0.06,
    "epsdiluted": 0.057,
    "weightedAverageShsOut": 420100000,
    "weightedAverageShsOutDil": 441100000,
    "link": "https://www.sec.gov/Archives/edgar/data/97745/000009774507000053/0000097745-07-000053-index.htm",
    "finalLink": "https://www.sec.gov/Archives/edgar/data/97745/000009774507000053/tmok2006.htm"
  },
  {
    "date": "2006-09-30",
    "symbol": "TMO",
    "reportedCurrency": "USD",
    "cik": "0000097745",
    "fillingDate": "2006-11-03",
    "acceptedDate": "2006-11-03 15:37:19",
    "calendarYear": "2006",
    "period": "Q3",
    "revenue": 724962000,
    "costOfRevenue": 388077000,
    "grossProfit": 336885000,
    "grossProfitRatio": 0.4646933219,
    "researchAndDevelopmentExpenses": 38658000,
    "generalAndAdministrativeExpenses": 0,
    "sellingAndMarketingExpenses": 0,
    "sellingGeneralAndAdministrativeExpenses": 217938000,
    "otherExpenses": 0,
    "operatingExpenses": 256596000,
    "costAndExpenses": 644673000,
    "interestIncome": 0,
    "interestExpense": 0,
    "depreciationAndAmortization": 39825000,
    "ebitda": 120063000,
    "ebitdaratio": 0.1656128183,
    "operatingIncome": 75111000,
    "operatingIncomeRatio": 0.1036068097,
    "totalOtherIncomeExpensesNet": -5811000,
    "incomeBeforeTax": 69368000,
    "incomeBeforeTaxRatio": 0.0956850152,
    "incomeTaxExpense": 20535000,
    "netIncome": 48800000,
    "netIncomeRatio": 0.067313873,
    "eps": 0.31,
    "epsdiluted": 0.3,
    "weightedAverageShsOut": 157700000,
    "weightedAverageShsOutDil": 162200000,
    "link": "https://www.sec.gov/Archives/edgar/data/97745/000009774506000155/0000097745-06-000155-index.htm",
    "finalLink": "https://www.sec.gov/Archives/edgar/data/97745/000009774506000155/tmo3q06.htm"
  },
  {
    "date": "2006-07-01",
    "symbol": "TMO",
    "reportedCurrency": "USD",
    "cik": "0000097745",
    "fillingDate": "2006-08-04",
    "acceptedDate": "2006-08-04 14:25:23",
    "calendarYear": "2006",
    "period": "Q2",
    "revenue": 713468000,
    "costOfRevenue": 388976000,
    "grossProfit": 324492000,
    "grossProfitRatio": 0.4548094659,
    "researchAndDevelopmentExpenses": 40620000,
    "generalAndAdministrativeExpenses": 0,
    "sellingAndMarketingExpenses": 0,
    "sellingGeneralAndAdministrativeExpenses": 206919000,
    "otherExpenses": 0,
    "operatingExpenses": 247539000,
    "costAndExpenses": 636515000,
    "interestIncome": 0,
    "interestExpense": 0,
    "depreciationAndAmortization": 39117000,
    "ebitda": 116070000,
    "ebitdaratio": 0.1626842409,
    "operatingIncome": 72173000,
    "operatingIncomeRatio": 0.1011580057,
    "totalOtherIncomeExpensesNet": -3383000,
    "incomeBeforeTax": 68790000,
    "incomeBeforeTaxRatio": 0.0964163775,
    "incomeTaxExpense": 19847000,
    "netIncome": 47880000,
    "netIncomeRatio": 0.0671088262,
    "eps": 0.3,
    "epsdiluted": 0.29,
    "weightedAverageShsOut": 161289000,
    "weightedAverageShsOutDil": 165523000,
    "link": "https://www.sec.gov/Archives/edgar/data/97745/000009774506000140/0000097745-06-000140-index.htm",
    "finalLink": "https://www.sec.gov/Archives/edgar/data/97745/000009774506000140/tmo2q06.htm"
  },
  {
    "date": "2006-04-01",
    "symbol": "TMO",
    "reportedCurrency": "USD",
    "cik": "0000097745",
    "fillingDate": "2006-05-05",
    "acceptedDate": "2006-05-05 14:55:31",
    "calendarYear": "2006",
    "period": "Q1",
    "revenue": 684287000,
    "costOfRevenue": 371663000,
    "grossProfit": 312624000,
    "grossProfitRatio": 0.456860937,
    "researchAndDevelopmentExpenses": 38737000,
    "generalAndAdministrativeExpenses": 0,
    "sellingAndMarketingExpenses": 0,
    "sellingGeneralAndAdministrativeExpenses": 202448000,
    "otherExpenses": 0,
    "operatingExpenses": 241185000,
    "costAndExpenses": 612848000,
    "interestIncome": 0,
    "interestExpense": 0,
    "depreciationAndAmortization": 37320000,
    "ebitda": 108765000,
    "ebitdaratio": 0.1589464654,
    "operatingIncome": 67845000,
    "operatingIncomeRatio": 0.0991469953,
    "totalOtherIncomeExpensesNet": -3745000,
    "incomeBeforeTax": 64066000,
    "incomeBeforeTaxRatio": 0.0936244587,
    "incomeTaxExpense": 20447000,
    "netIncome": 46900000,
    "netIncomeRatio": 0.0685384934,
    "eps": 0.29,
    "epsdiluted": 0.28,
    "weightedAverageShsOut": 163000000,
    "weightedAverageShsOutDil": 167000000,
    "link": "https://www.sec.gov/Archives/edgar/data/97745/000009774506000102/0000097745-06-000102-index.htm",
    "finalLink": "https://www.sec.gov/Archives/edgar/data/97745/000009774506000102/tmoq1_06.htm"
  },
  {
    "date": "2005-12-31",
    "symbol": "TMO",
    "reportedCurrency": "USD",
    "cik": "0000097745",
    "fillingDate": "2006-03-02",
    "acceptedDate": "2006-03-02 14:07:12",
    "calendarYear": "2005",
    "period": "Q4",
    "revenue": 740787000,
    "costOfRevenue": 398227000,
    "grossProfit": 342560000,
    "grossProfitRatio": 0.4624271214,
    "researchAndDevelopmentExpenses": 38231000,
    "generalAndAdministrativeExpenses": 0,
    "sellingAndMarketingExpenses": 0,
    "sellingGeneralAndAdministrativeExpenses": 211369000,
    "otherExpenses": 0,
    "operatingExpenses": 249600000,
    "costAndExpenses": 647827000,
    "interestIncome": 0,
    "interestExpense": 0,
    "depreciationAndAmortization": 37928000,
    "ebitda": 130888000,
    "ebitdaratio": 0.1766877658,
    "operatingIncome": 88487000,
    "operatingIncomeRatio": 0.1194499903,
    "totalOtherIncomeExpensesNet": -3646000,
    "incomeBeforeTax": 84841000,
    "incomeBeforeTaxRatio": 0.1145281977,
    "incomeTaxExpense": 29480000,
    "netIncome": 56405000,
    "netIncomeRatio": 0.0761419949,
    "eps": 0.35,
    "epsdiluted": 0.34,
    "weightedAverageShsOut": 163044000,
    "weightedAverageShsOutDil": 166982000,
    "link": "https://www.sec.gov/Archives/edgar/data/97745/000009774506000048/0000097745-06-000048-index.htm",
    "finalLink": "https://www.sec.gov/Archives/edgar/data/97745/000009774506000048/tmok2005.htm"
  },
  {
    "date": "2005-10-01",
    "symbol": "TMO",
    "reportedCurrency": "USD",
    "cik": "0000097745",
    "fillingDate": "2005-11-09",
    "acceptedDate": "2005-11-09 14:50:37",
    "calendarYear": "2005",
    "period": "Q3",
    "revenue": 679411000,
    "costOfRevenue": 373712000,
    "grossProfit": 305699000,
    "grossProfitRatio": 0.4499470865,
    "researchAndDevelopmentExpenses": 38784000,
    "generalAndAdministrativeExpenses": 0,
    "sellingAndMarketingExpenses": 0,
    "sellingGeneralAndAdministrativeExpenses": 194323000,
    "otherExpenses": 0,
    "operatingExpenses": 233107000,
    "costAndExpenses": 606819000,
    "interestIncome": 0,
    "interestExpense": 0,
    "depreciationAndAmortization": 37909000,
    "ebitda": 110501000,
    "ebitdaratio": 0.1626423476,
    "operatingIncome": 62110000,
    "operatingIncomeRatio": 0.0914174189,
    "totalOtherIncomeExpensesNet": -2751000,
    "incomeBeforeTax": 59359000,
    "incomeBeforeTaxRatio": 0.0873683234,
    "incomeTaxExpense": 18762000,
    "netIncome": 57734000,
    "netIncomeRatio": 0.0849765459,
    "eps": 0.36,
    "epsdiluted": 0.35,
    "weightedAverageShsOut": 161794000,
    "weightedAverageShsOutDil": 165635000,
    "link": "https://www.sec.gov/Archives/edgar/data/97745/000009774505000147/0000097745-05-000147-index.htm",
    "finalLink": "https://www.sec.gov/Archives/edgar/data/97745/000009774505000147/tmoq305.txt"
  },
  {
    "date": "2005-07-02",
    "symbol": "TMO",
    "reportedCurrency": "USD",
    "cik": "0000097745",
    "fillingDate": "2005-08-04",
    "acceptedDate": "2005-08-04 16:41:37",
    "calendarYear": "2005",
    "period": "Q2",
    "revenue": 653621000,
    "costOfRevenue": 366166000,
    "grossProfit": 287455000,
    "grossProfitRatio": 0.4397885013,
    "researchAndDevelopmentExpenses": 39432000,
    "generalAndAdministrativeExpenses": 0,
    "sellingAndMarketingExpenses": 0,
    "sellingGeneralAndAdministrativeExpenses": 192593000,
    "otherExpenses": 90000,
    "operatingExpenses": 232115000,
    "costAndExpenses": 598281000,
    "interestIncome": 0,
    "interestExpense": 0,
    "depreciationAndAmortization": 29869000,
    "ebitda": 85209000,
    "ebitdaratio": 0.1303645385,
    "operatingIncome": 53124000,
    "operatingIncomeRatio": 0.0812764584,
    "totalOtherIncomeExpensesNet": 25594000,
    "incomeBeforeTax": 78718000,
    "incomeBeforeTaxRatio": 0.120433707,
    "incomeTaxExpense": 21958000,
    "netIncome": 60223000,
    "netIncomeRatio": 0.0921374925,
    "eps": 0.37,
    "epsdiluted": 0.37,
    "weightedAverageShsOut": 161255000,
    "weightedAverageShsOutDil": 164658000,
    "link": "https://www.sec.gov/Archives/edgar/data/97745/000009774505000118/0000097745-05-000118-index.htm",
    "finalLink": "https://www.sec.gov/Archives/edgar/data/97745/000009774505000118/tmoq205.txt"
  },
  {
    "date": "2005-04-02",
    "symbol": "TMO",
    "reportedCurrency": "USD",
    "cik": "0000097745",
    "fillingDate": "2005-05-06",
    "acceptedDate": "2005-05-06 13:09:06",
    "calendarYear": "2005",
    "period": "Q1",
    "revenue": 559208000,
    "costOfRevenue": 299974000,
    "grossProfit": 259234000,
    "grossProfitRatio": 0.4635734825,
    "researchAndDevelopmentExpenses": 36328000,
    "generalAndAdministrativeExpenses": 0,
    "sellingAndMarketingExpenses": 0,
    "sellingGeneralAndAdministrativeExpenses": 163501000,
    "otherExpenses": 0,
    "operatingExpenses": 199829000,
    "costAndExpenses": 499803000,
    "interestIncome": 0,
    "interestExpense": 0,
    "depreciationAndAmortization": 17566000,
    "ebitda": 76971000,
    "ebitdaratio": 0.1376428806,
    "operatingIncome": 59676000,
    "operatingIncomeRatio": 0.1067152115,
    "totalOtherIncomeExpensesNet": 3304000,
    "incomeBeforeTax": 62980000,
    "incomeBeforeTaxRatio": 0.1126235676,
    "incomeTaxExpense": 17397000,
    "netIncome": 48856000,
    "netIncomeRatio": 0.0873664182,
    "eps": 0.3,
    "epsdiluted": 0.3,
    "weightedAverageShsOut": 160957000,
    "weightedAverageShsOutDil": 164730000,
    "link": "https://www.sec.gov/Archives/edgar/data/97745/000009774505000069/0000097745-05-000069-index.htm",
    "finalLink": "https://www.sec.gov/Archives/edgar/data/97745/000009774505000069/tmoq105.txt"
  },
  {
    "date": "2004-12-31",
    "symbol": "TMO",
    "reportedCurrency": "USD",
    "cik": "0000097745",
    "fillingDate": "2005-03-16",
    "acceptedDate": "2005-03-16 14:41:02",
    "calendarYear": "2004",
    "period": "Q4",
    "revenue": 613339000,
    "costOfRevenue": 329560000,
    "grossProfit": 283779000,
    "grossProfitRatio": 0.4626788774,
    "researchAndDevelopmentExpenses": 34945000,
    "generalAndAdministrativeExpenses": 0,
    "sellingAndMarketingExpenses": 0,
    "sellingGeneralAndAdministrativeExpenses": 175966000,
    "otherExpenses": 0,
    "operatingExpenses": 210911000,
    "costAndExpenses": 540471000,
    "interestIncome": 0,
    "interestExpense": 0,
    "depreciationAndAmortization": 18748000,
    "ebitda": 91616000,
    "ebitdaratio": 0.149372533,
    "operatingIncome": 66047000,
    "operatingIncomeRatio": 0.1076843312,
    "totalOtherIncomeExpensesNet": 5967000,
    "incomeBeforeTax": 72014000,
    "incomeBeforeTaxRatio": 0.1174130456,
    "incomeTaxExpense": -13468000,
    "netIncome": 121099000,
    "netIncomeRatio": 0.1974421975,
    "eps": 0.75,
    "epsdiluted": 0.74,
    "weightedAverageShsOut": 160957000,
    "weightedAverageShsOutDil": 164730000,
    "link": "https://www.sec.gov/Archives/edgar/data/97745/000009774505000045/0000097745-05-000045-index.htm",
    "finalLink": "https://www.sec.gov/Archives/edgar/data/97745/000009774505000045/tmok04.txt"
  },
  {
    "date": "2004-10-02",
    "symbol": "TMO",
    "reportedCurrency": "USD",
    "cik": "0000097745",
    "fillingDate": "2004-11-08",
    "acceptedDate": "2004-11-08 15:40:17",
    "calendarYear": "2004",
    "period": "Q3",
    "revenue": 542315000,
    "costOfRevenue": 291360000,
    "grossProfit": 250955000,
    "grossProfitRatio": 0.4627476651,
    "researchAndDevelopmentExpenses": 32874000,
    "generalAndAdministrativeExpenses": 0,
    "sellingAndMarketingExpenses": 0,
    "sellingGeneralAndAdministrativeExpenses": 153425000,
    "otherExpenses": 0,
    "operatingExpenses": 186299000,
    "costAndExpenses": 477659000,
    "interestIncome": 0,
    "interestExpense": 0,
    "depreciationAndAmortization": 16283000,
    "ebitda": 80939000,
    "ebitdaratio": 0.1492472087,
    "operatingIncome": 59621000,
    "operatingIncomeRatio": 0.1099379512,
    "totalOtherIncomeExpensesNet": 2471000,
    "incomeBeforeTax": 62092000,
    "incomeBeforeTaxRatio": 0.1144943437,
    "incomeTaxExpense": 19451000,
    "netIncome": 107476000,
    "netIncomeRatio": 0.1981800245,
    "eps": 0.66,
    "epsdiluted": 0.65,
    "weightedAverageShsOut": 161514000,
    "weightedAverageShsOutDil": 165570000,
    "link": "https://www.sec.gov/Archives/edgar/data/97745/000009774504000166/0000097745-04-000166-index.htm",
    "finalLink": "https://www.sec.gov/Archives/edgar/data/97745/000009774504000166/tmoq304.txt"
  },
  {
    "date": "2004-07-03",
    "symbol": "TMO",
    "reportedCurrency": "USD",
    "cik": "0000097745",
    "fillingDate": "2004-08-09",
    "acceptedDate": "2004-08-09 15:39:49",
    "calendarYear": "2004",
    "period": "Q2",
    "revenue": 525309000,
    "costOfRevenue": 286424000,
    "grossProfit": 238885000,
    "grossProfitRatio": 0.4547513939,
    "researchAndDevelopmentExpenses": 32592000,
    "generalAndAdministrativeExpenses": 0,
    "sellingAndMarketingExpenses": 0,
    "sellingGeneralAndAdministrativeExpenses": 146508000,
    "otherExpenses": 0,
    "operatingExpenses": 179100000,
    "costAndExpenses": 465524000,
    "interestIncome": 0,
    "interestExpense": 0,
    "depreciationAndAmortization": 13597000,
    "ebitda": 76211000,
    "ebitdaratio": 0.1450784205,
    "operatingIncome": 58970000,
    "operatingIncomeRatio": 0.1122577378,
    "totalOtherIncomeExpensesNet": 10667000,
    "incomeBeforeTax": 69637000,
    "incomeBeforeTaxRatio": 0.1325638814,
    "incomeTaxExpense": 19058000,
    "netIncome": 91080000,
    "netIncomeRatio": 0.1733836656,
    "eps": 0.55,
    "epsdiluted": 0.54,
    "weightedAverageShsOut": 165571000,
    "weightedAverageShsOutDil": 170521000,
    "link": "https://www.sec.gov/Archives/edgar/data/97745/000009774504000152/0000097745-04-000152-index.htm",
    "finalLink": "https://www.sec.gov/Archives/edgar/data/97745/000009774504000152/tmoq204.txt"
  },
  {
    "date": "2004-04-03",
    "symbol": "TMO",
    "reportedCurrency": "USD",
    "cik": "0000097745",
    "fillingDate": "2004-05-10",
    "acceptedDate": "2004-05-10 15:58:21",
    "calendarYear": "2004",
    "period": "Q1",
    "revenue": 582002000,
    "costOfRevenue": 317418000,
    "grossProfit": 264584000,
    "grossProfitRatio": 0.4546101216,
    "researchAndDevelopmentExpenses": 39822000,
    "generalAndAdministrativeExpenses": 0,
    "sellingAndMarketingExpenses": 0,
    "sellingGeneralAndAdministrativeExpenses": 163711000,
    "otherExpenses": 0,
    "operatingExpenses": 203533000,
    "costAndExpenses": 520951000,
    "interestIncome": 0,
    "interestExpense": 0,
    "depreciationAndAmortization": 17513000,
    "ebitda": 70716000,
    "ebitdaratio": 0.1215047371,
    "operatingIncome": 57885000,
    "operatingIncomeRatio": 0.0994584211,
    "totalOtherIncomeExpensesNet": -2409000,
    "incomeBeforeTax": 60080000,
    "incomeBeforeTaxRatio": 0.1032298858,
    "incomeTaxExpense": 16958000,
    "netIncome": 43122000,
    "netIncomeRatio": 0.0740925289,
    "eps": 0.24,
    "epsdiluted": 0.24,
    "weightedAverageShsOut": 165206000,
    "weightedAverageShsOutDil": 169996000,
    "link": "https://www.sec.gov/Archives/edgar/data/97745/000009774504000066/0000097745-04-000066-index.htm",
    "finalLink": "https://www.sec.gov/Archives/edgar/data/97745/000009774504000066/tmoq104.txt"
  },
  {
    "date": "2003-12-31",
    "symbol": "TMO",
    "reportedCurrency": "USD",
    "cik": "0000097745",
    "fillingDate": "2004-03-02",
    "acceptedDate": "2004-03-02 17:06:33",
    "calendarYear": "2003",
    "period": "Q4",
    "revenue": 583409000,
    "costOfRevenue": 318280000,
    "grossProfit": 265129000,
    "grossProfitRatio": 0.4544479088,
    "researchAndDevelopmentExpenses": 37041000,
    "generalAndAdministrativeExpenses": 0,
    "sellingAndMarketingExpenses": 0,
    "sellingGeneralAndAdministrativeExpenses": 151811000,
    "otherExpenses": 0,
    "operatingExpenses": 188852000,
    "costAndExpenses": 507132000,
    "interestIncome": 0,
    "interestExpense": 0,
    "depreciationAndAmortization": 14962000,
    "ebitda": 91239000,
    "ebitdaratio": 0.1563894283,
    "operatingIncome": 54815000,
    "operatingIncomeRatio": 0.0939563839,
    "totalOtherIncomeExpensesNet": 5759000,
    "incomeBeforeTax": 60574000,
    "incomeBeforeTaxRatio": 0.1038276749,
    "incomeTaxExpense": 11404000,
    "netIncome": 61928000,
    "netIncomeRatio": 0.1061485167,
    "eps": 0.37,
    "epsdiluted": 0.36,
    "weightedAverageShsOut": 165206000,
    "weightedAverageShsOutDil": 169996000,
    "link": "https://www.sec.gov/Archives/edgar/data/97745/000009774504000036/0000097745-04-000036-index.htm",
    "finalLink": "https://www.sec.gov/Archives/edgar/data/97745/000009774504000036/tmok03.txt"
  },
  {
    "date": "2003-09-27",
    "symbol": "TMO",
    "reportedCurrency": "USD",
    "cik": "0000097745",
    "fillingDate": "2003-11-06",
    "acceptedDate": "2003-11-06 15:23:49",
    "calendarYear": "2003",
    "period": "Q3",
    "revenue": 497116000,
    "costOfRevenue": 271213000,
    "grossProfit": 225903000,
    "grossProfitRatio": 0.4544271357,
    "researchAndDevelopmentExpenses": 34900000,
    "generalAndAdministrativeExpenses": 0,
    "sellingAndMarketingExpenses": 0,
    "sellingGeneralAndAdministrativeExpenses": 134349000,
    "otherExpenses": 0,
    "operatingExpenses": 169249000,
    "costAndExpenses": 440462000,
    "interestIncome": 0,
    "interestExpense": 0,
    "depreciationAndAmortization": 14532000,
    "ebitda": 61344000,
    "ebitdaratio": 0.1233997699,
    "operatingIncome": 42381000,
    "operatingIncomeRatio": 0.0852537436,
    "totalOtherIncomeExpensesNet": 10536000,
    "incomeBeforeTax": 52385000,
    "incomeBeforeTaxRatio": 0.1053778193,
    "incomeTaxExpense": 13388000,
    "netIncome": 48515000,
    "netIncomeRatio": 0.0975929159,
    "eps": 0.3,
    "epsdiluted": 0.29,
    "weightedAverageShsOut": 162531000,
    "weightedAverageShsOutDil": 169155000,
    "link": "https://www.sec.gov/Archives/edgar/data/97745/000009774503000170/0000097745-03-000170-index.htm",
    "finalLink": "https://www.sec.gov/Archives/edgar/data/97745/000009774503000170/tmo3q03.txt"
  },
  {
    "date": "2003-06-28",
    "symbol": "TMO",
    "reportedCurrency": "USD",
    "cik": "0000097745",
    "fillingDate": "2003-08-07",
    "acceptedDate": "2003-08-07 13:36:37",
    "calendarYear": "2003",
    "period": "Q2",
    "revenue": 516405000,
    "costOfRevenue": 283260000,
    "grossProfit": 233145000,
    "grossProfitRatio": 0.4514770384,
    "researchAndDevelopmentExpenses": 37132000,
    "generalAndAdministrativeExpenses": 0,
    "sellingAndMarketingExpenses": 0,
    "sellingGeneralAndAdministrativeExpenses": 142859000,
    "otherExpenses": 0,
    "operatingExpenses": 179991000,
    "costAndExpenses": 463251000,
    "interestIncome": 0,
    "interestExpense": 0,
    "depreciationAndAmortization": 15020000,
    "ebitda": 62640000,
    "ebitdaratio": 0.1213001423,
    "operatingIncome": 48282000,
    "operatingIncomeRatio": 0.0934963837,
    "totalOtherIncomeExpensesNet": 12440000,
    "incomeBeforeTax": 60477000,
    "incomeBeforeTaxRatio": 0.1171115694,
    "incomeTaxExpense": 7338000,
    "netIncome": 53139000,
    "netIncomeRatio": 0.1029017922,
    "eps": 0.33,
    "epsdiluted": 0.32,
    "weightedAverageShsOut": 162048000,
    "weightedAverageShsOutDil": 172459000,
    "link": "https://www.sec.gov/Archives/edgar/data/97745/000009774503000137/0000097745-03-000137-index.htm",
    "finalLink": "https://www.sec.gov/Archives/edgar/data/97745/000009774503000137/tmoq203.txt"
  },
  {
    "date": "2003-03-29",
    "symbol": "TMO",
    "reportedCurrency": "USD",
    "cik": "0000097745",
    "fillingDate": "2003-05-08",
    "acceptedDate": "2003-05-08 13:57:26",
    "calendarYear": "2003",
    "period": "Q1",
    "revenue": 500205000,
    "costOfRevenue": 276367000,
    "grossProfit": 223838000,
    "grossProfitRatio": 0.4474925281,
    "researchAndDevelopmentExpenses": 37321000,
    "generalAndAdministrativeExpenses": 0,
    "sellingAndMarketingExpenses": 0,
    "sellingGeneralAndAdministrativeExpenses": 139119000,
    "otherExpenses": 0,
    "operatingExpenses": 176440000,
    "costAndExpenses": 452807000,
    "interestIncome": 0,
    "interestExpense": 0,
    "depreciationAndAmortization": 14034000,
    "ebitda": 61432000,
    "ebitdaratio": 0.1228136464,
    "operatingIncome": 39296000,
    "operatingIncomeRatio": 0.0785597905,
    "totalOtherIncomeExpensesNet": 5901000,
    "incomeBeforeTax": 45197000,
    "incomeBeforeTaxRatio": 0.0903569536,
    "incomeTaxExpense": 13806000,
    "netIncome": 36427000,
    "netIncomeRatio": 0.0728241421,
    "eps": 0.22,
    "epsdiluted": 0.22,
    "weightedAverageShsOut": 162844000,
    "weightedAverageShsOutDil": 165614000,
    "link": "https://www.sec.gov/Archives/edgar/data/97745/000009774503000057/0000097745-03-000057-index.htm",
    "finalLink": "https://www.sec.gov/Archives/edgar/data/97745/000009774503000057/tmoq103.txt"
  },
  {
    "date": "2002-12-28",
    "symbol": "TMO",
    "reportedCurrency": "USD",
    "cik": "0000097745",
    "fillingDate": "2003-03-07",
    "acceptedDate": "2003-03-07 17:10:59",
    "calendarYear": "2002",
    "period": "Q4",
    "revenue": 568745000,
    "costOfRevenue": 323470000,
    "grossProfit": 245275000,
    "grossProfitRatio": 0.4312565385,
    "researchAndDevelopmentExpenses": 38188000,
    "generalAndAdministrativeExpenses": 0,
    "sellingAndMarketingExpenses": 0,
    "sellingGeneralAndAdministrativeExpenses": 147046000,
    "otherExpenses": 0,
    "operatingExpenses": 185234000,
    "costAndExpenses": 508704000,
    "interestIncome": 0,
    "interestExpense": 0,
    "depreciationAndAmortization": 14177000,
    "ebitda": 74218000,
    "ebitdaratio": 0.130494334,
    "operatingIncome": 38672000,
    "operatingIncomeRatio": 0.067995323,
    "totalOtherIncomeExpensesNet": 21498000,
    "incomeBeforeTax": 60170000,
    "incomeBeforeTaxRatio": 0.1057943367,
    "incomeTaxExpense": 17694000,
    "netIncome": 87152000,
    "netIncomeRatio": 0.1532356328,
    "eps": 0.54,
    "epsdiluted": 0.53,
    "weightedAverageShsOut": 162844000,
    "weightedAverageShsOutDil": 165614000,
    "link": "https://www.sec.gov/Archives/edgar/data/97745/000009774503000034/0000097745-03-000034-index.htm",
    "finalLink": "https://www.sec.gov/Archives/edgar/data/97745/000009774503000034/tmok02.txt"
  },
  {
    "date": "2002-09-28",
    "symbol": "TMO",
    "reportedCurrency": "USD",
    "cik": "0000097745",
    "fillingDate": "2002-11-08",
    "acceptedDate": "2002-11-08 14:00:31",
    "calendarYear": "2002",
    "period": "Q3",
    "revenue": 517171000,
    "costOfRevenue": 288514000,
    "grossProfit": 228657000,
    "grossProfitRatio": 0.4421303592,
    "researchAndDevelopmentExpenses": 37553000,
    "generalAndAdministrativeExpenses": 0,
    "sellingAndMarketingExpenses": 0,
    "sellingGeneralAndAdministrativeExpenses": 139326000,
    "otherExpenses": 0,
    "operatingExpenses": 176879000,
    "costAndExpenses": 465393000,
    "interestIncome": 0,
    "interestExpense": 0,
    "depreciationAndAmortization": 13827000,
    "ebitda": 65605000,
    "ebitdaratio": 0.1268535939,
    "operatingIncome": 44871000,
    "operatingIncomeRatio": 0.0867624055,
    "totalOtherIncomeExpensesNet": 11738000,
    "incomeBeforeTax": 56609000,
    "incomeBeforeTaxRatio": 0.1094589604,
    "incomeTaxExpense": 17626000,
    "netIncome": 39017000,
    "netIncomeRatio": 0.075443132,
    "eps": 0.24,
    "epsdiluted": 0.23,
    "weightedAverageShsOut": 165701000,
    "weightedAverageShsOutDil": 176342000,
    "link": "https://www.sec.gov/Archives/edgar/data/97745/000009774502000086/0000097745-02-000086-index.htm",
    "finalLink": "https://www.sec.gov/Archives/edgar/data/97745/000009774502000086/tmoq302.txt"
  },
  {
    "date": "2002-06-29",
    "symbol": "TMO",
    "reportedCurrency": "USD",
    "cik": "0000097745",
    "fillingDate": "2002-08-13",
    "acceptedDate": "2002-08-13 17:14:34",
    "calendarYear": "2002",
    "period": "Q2",
    "revenue": 509113000,
    "costOfRevenue": 279325000,
    "grossProfit": 229788000,
    "grossProfitRatio": 0.4513497004,
    "researchAndDevelopmentExpenses": 39754000,
    "generalAndAdministrativeExpenses": 0,
    "sellingAndMarketingExpenses": 0,
    "sellingGeneralAndAdministrativeExpenses": 139371000,
    "otherExpenses": 0,
    "operatingExpenses": 179125000,
    "costAndExpenses": 458450000,
    "interestIncome": 0,
    "interestExpense": 0,
    "depreciationAndAmortization": 13836000,
    "ebitda": 44102000,
    "ebitdaratio": 0.0866251697,
    "operatingIncome": 35176000,
    "operatingIncomeRatio": 0.0690927162,
    "totalOtherIncomeExpensesNet": 38289000,
    "incomeBeforeTax": 73465000,
    "incomeBeforeTaxRatio": 0.1442999884,
    "incomeTaxExpense": 23975000,
    "netIncome": 68517000,
    "netIncomeRatio": 0.1345811244,
    "eps": 0.4,
    "epsdiluted": 0.38,
    "weightedAverageShsOut": 171122000,
    "weightedAverageShsOutDil": 186740000,
    "link": "https://www.sec.gov/Archives/edgar/data/97745/000009774502000055/0000097745-02-000055-index.htm",
    "finalLink": "https://www.sec.gov/Archives/edgar/data/97745/000009774502000055/tmo2q02.txt"
  },
  {
    "date": "2002-03-30",
    "symbol": "TMO",
    "reportedCurrency": "USD",
    "cik": "0000097745",
    "fillingDate": "2002-05-09",
    "acceptedDate": "2002-05-09 17:06:51",
    "calendarYear": "2002",
    "period": "Q1",
    "revenue": 491326000,
    "costOfRevenue": 267670000,
    "grossProfit": 223656000,
    "grossProfitRatio": 0.4552089651,
    "researchAndDevelopmentExpenses": 39626000,
    "generalAndAdministrativeExpenses": 0,
    "sellingAndMarketingExpenses": 0,
    "sellingGeneralAndAdministrativeExpenses": 138913000,
    "otherExpenses": 0,
    "operatingExpenses": 178539000,
    "costAndExpenses": 446209000,
    "interestIncome": 0,
    "interestExpense": 0,
    "depreciationAndAmortization": 14536000,
    "ebitda": 59653000,
    "ebitdaratio": 0.1214122599,
    "operatingIncome": 36734000,
    "operatingIncomeRatio": 0.0747650236,
    "totalOtherIncomeExpensesNet": 61339000,
    "incomeBeforeTax": 98073000,
    "incomeBeforeTaxRatio": 0.1996088137,
    "incomeTaxExpense": 33692000,
    "netIncome": 115044000,
    "netIncomeRatio": 0.2341500348,
    "eps": 0.66,
    "epsdiluted": 0.59,
    "weightedAverageShsOut": 174250000,
    "weightedAverageShsOutDil": 204189000,
    "link": "https://www.sec.gov/Archives/edgar/data/97745/000009774502000029/0000097745-02-000029-index.htm",
    "finalLink": "https://www.sec.gov/Archives/edgar/data/97745/000009774502000029/tmoq102.txt"
  },
  {
    "date": "2001-12-29",
    "symbol": "TMO",
    "reportedCurrency": "USD",
    "cik": "0000097745",
    "fillingDate": "2002-03-15",
    "acceptedDate": "2002-03-15 00:00:00",
    "calendarYear": "2001",
    "period": "Q4",
    "revenue": 559708000,
    "costOfRevenue": 322888000,
    "grossProfit": 236820000,
    "grossProfitRatio": 0.4231134806,
    "researchAndDevelopmentExpenses": 40581000,
    "generalAndAdministrativeExpenses": 0,
    "sellingAndMarketingExpenses": 0,
    "sellingGeneralAndAdministrativeExpenses": 156121000,
    "otherExpenses": 0,
    "operatingExpenses": 196702000,
    "costAndExpenses": 519590000,
    "interestIncome": 0,
    "interestExpense": 0,
    "depreciationAndAmortization": 24441000,
    "ebitda": 64559000,
    "ebitdaratio": 0.1153440723,
    "operatingIncome": -48438000,
    "operatingIncomeRatio": -0.0865415538,
    "totalOtherIncomeExpensesNet": 33282000,
    "incomeBeforeTax": -15156000,
    "incomeBeforeTaxRatio": -0.0270784052,
    "incomeTaxExpense": -7829000,
    "netIncome": -6868000,
    "netIncomeRatio": -0.012270684,
    "eps": -0.0394,
    "epsdiluted": -0.0336,
    "weightedAverageShsOut": 174250000,
    "weightedAverageShsOutDil": 204189000,
    "link": "https://www.sec.gov/Archives/edgar/data/97745/000009774502000016/0000097745-02-000016-index.htm",
    "finalLink": "https://www.sec.gov/Archives/edgar/data/97745/000009774502000016/tmok01.txt"
  },
  {
    "date": "2001-09-29",
    "symbol": "TMO",
    "reportedCurrency": "USD",
    "cik": "0000097745",
    "fillingDate": "2001-11-09",
    "acceptedDate": "2001-11-09 00:00:00",
    "calendarYear": "2001",
    "period": "Q3",
    "revenue": 512941000,
    "costOfRevenue": 284455000,
    "grossProfit": 228486000,
    "grossProfitRatio": 0.4454430432,
    "researchAndDevelopmentExpenses": 41962000,
    "generalAndAdministrativeExpenses": 0,
    "sellingAndMarketingExpenses": 0,
    "sellingGeneralAndAdministrativeExpenses": 148318000,
    "otherExpenses": 0,
    "operatingExpenses": 190280000,
    "costAndExpenses": 474735000,
    "interestIncome": 0,
    "interestExpense": 0,
    "depreciationAndAmortization": 25544000,
    "ebitda": 63750000,
    "ebitdaratio": 0.1242832996,
    "operatingIncome": 28635000,
    "operatingIncomeRatio": 0.0558251339,
    "totalOtherIncomeExpensesNet": 12132000,
    "incomeBeforeTax": 40767000,
    "incomeBeforeTaxRatio": 0.0794769769,
    "incomeTaxExpense": 15090000,
    "netIncome": 26279000,
    "netIncomeRatio": 0.051232013,
    "eps": 0.15,
    "epsdiluted": 0.14,
    "weightedAverageShsOut": 180280000,
    "weightedAverageShsOutDil": 182823000,
    "link": "https://www.sec.gov/Archives/edgar/data/97745/000009774501500098/0000097745-01-500098-index.htm",
    "finalLink": "https://www.sec.gov/Archives/edgar/data/97745/000009774501500098/tmo3q01.txt"
  },
  {
    "date": "2001-06-30",
    "symbol": "TMO",
    "reportedCurrency": "USD",
    "cik": "0000097745",
    "fillingDate": "2001-08-09",
    "acceptedDate": "2001-08-09 00:00:00",
    "calendarYear": "2001",
    "period": "Q2",
    "revenue": 542472000,
    "costOfRevenue": 304410000,
    "grossProfit": 238062000,
    "grossProfitRatio": 0.4388466133,
    "researchAndDevelopmentExpenses": 44706000,
    "generalAndAdministrativeExpenses": 0,
    "sellingAndMarketingExpenses": 0,
    "sellingGeneralAndAdministrativeExpenses": 155498000,
    "otherExpenses": 0,
    "operatingExpenses": 200204000,
    "costAndExpenses": 504614000,
    "interestIncome": 0,
    "interestExpense": 0,
    "depreciationAndAmortization": 24594000,
    "ebitda": 62452000,
    "ebitdaratio": 0.1151248359,
    "operatingIncome": 14165000,
    "operatingIncomeRatio": 0.0261119468,
    "totalOtherIncomeExpensesNet": -148000,
    "incomeBeforeTax": 14017000,
    "incomeBeforeTaxRatio": 0.0258391217,
    "incomeTaxExpense": 5411000,
    "netIncome": 24983000,
    "netIncomeRatio": 0.0460539899,
    "eps": 0.14,
    "epsdiluted": 0.14,
    "weightedAverageShsOut": 181628000,
    "weightedAverageShsOutDil": 185056000,
    "link": "https://www.sec.gov/Archives/edgar/data/97745/000009774501500063/0000097745-01-500063-index.htm",
    "finalLink": "https://www.sec.gov/Archives/edgar/data/97745/000009774501500063/tmo201q.txt"
  },
  {
    "date": "2001-03-31",
    "symbol": "TMO",
    "reportedCurrency": "USD",
    "cik": "0000097745",
    "fillingDate": "2001-05-11",
    "acceptedDate": "2001-05-11 00:00:00",
    "calendarYear": "2001",
    "period": "Q1",
    "revenue": 573089000,
    "costOfRevenue": 317835000,
    "grossProfit": 255254000,
    "grossProfitRatio": 0.4454002781,
    "researchAndDevelopmentExpenses": 44365000,
    "generalAndAdministrativeExpenses": 0,
    "sellingAndMarketingExpenses": 0,
    "sellingGeneralAndAdministrativeExpenses": 160167000,
    "otherExpenses": 0,
    "operatingExpenses": 204532000,
    "costAndExpenses": 522367000,
    "interestIncome": 0,
    "interestExpense": 0,
    "depreciationAndAmortization": 23942000,
    "ebitda": 74664000,
    "ebitdaratio": 0.1302834289,
    "operatingIncome": 39840000,
    "operatingIncomeRatio": 0.0695179981,
    "totalOtherIncomeExpensesNet": -3746000,
    "incomeBeforeTax": 36094000,
    "incomeBeforeTaxRatio": 0.0629814915,
    "incomeTaxExpense": 14257000,
    "netIncome": -45175000,
    "netIncomeRatio": -0.0788271979,
    "eps": -0.25,
    "epsdiluted": -0.24,
    "weightedAverageShsOut": 182856000,
    "weightedAverageShsOutDil": 187177000,
    "link": "https://www.sec.gov/Archives/edgar/data/97745/000009774501500031/0000097745-01-500031-index.htm",
    "finalLink": "https://www.sec.gov/Archives/edgar/data/97745/000009774501500031/tmo101q.txt"
  },
  {
    "date": "2000-12-30",
    "symbol": "TMO",
    "reportedCurrency": "USD",
    "cik": "0000097745",
    "fillingDate": "2001-03-21",
    "acceptedDate": "2001-03-21 00:00:00",
    "calendarYear": "2000",
    "period": "Q4",
    "revenue": 491160000,
    "costOfRevenue": 338220000,
    "grossProfit": 152940000,
    "grossProfitRatio": 0.311385292,
    "researchAndDevelopmentExpenses": 41594000,
    "generalAndAdministrativeExpenses": 0,
    "sellingAndMarketingExpenses": 0,
    "sellingGeneralAndAdministrativeExpenses": 143319000,
    "otherExpenses": -77501000,
    "operatingExpenses": 107412000,
    "costAndExpenses": 445632000,
    "interestIncome": 0,
    "interestExpense": 0,
    "depreciationAndAmortization": 19985000,
    "ebitda": 65513000,
    "ebitdaratio": 0.1333842332,
    "operatingIncome": 45528000,
    "operatingIncomeRatio": 0.0926948449,
    "totalOtherIncomeExpensesNet": -33004000,
    "incomeBeforeTax": 12524000,
    "incomeBeforeTaxRatio": 0.0254988191,
    "incomeTaxExpense": 4517000,
    "netIncome": -90683000,
    "netIncomeRatio": -0.1846302631,
    "eps": -0.5,
    "epsdiluted": -0.48,
    "weightedAverageShsOut": 182856000,
    "weightedAverageShsOutDil": 187177000,
    "link": "https://www.sec.gov/Archives/edgar/data/97745/000009774501000012/0000097745-01-000012-index.htm",
    "finalLink": "https://www.sec.gov/Archives/edgar/data/97745/000009774501000012/0000097745-01-000012-0001.txt"
  },
  {
    "date": "2000-09-30",
    "symbol": "TMO",
    "reportedCurrency": "USD",
    "cik": "0000097745",
    "fillingDate": "2000-11-13",
    "acceptedDate": "2000-11-13 00:00:00",
    "calendarYear": "2000",
    "period": "Q3",
    "revenue": 580951000,
    "costOfRevenue": 311443000,
    "grossProfit": 269508000,
    "grossProfitRatio": 0.4639083158,
    "researchAndDevelopmentExpenses": 40611000,
    "generalAndAdministrativeExpenses": 0,
    "sellingAndMarketingExpenses": 0,
    "sellingGeneralAndAdministrativeExpenses": 157903000,
    "otherExpenses": 27578000,
    "operatingExpenses": 226092000,
    "costAndExpenses": 537535000,
    "interestIncome": 0,
    "interestExpense": 0,
    "depreciationAndAmortization": 27578000,
    "ebitda": 59388000,
    "ebitdaratio": 0.1022254889,
    "operatingIncome": 43416000,
    "operatingIncomeRatio": 0.0747326367,
    "totalOtherIncomeExpensesNet": 29908000,
    "incomeBeforeTax": 83848000,
    "incomeBeforeTaxRatio": 0.1443288677,
    "incomeTaxExpense": 70360000,
    "netIncome": 12279000,
    "netIncomeRatio": 0.0211360338,
    "eps": 0.07,
    "epsdiluted": 0.07,
    "weightedAverageShsOut": 175978000,
    "weightedAverageShsOutDil": 180440000,
    "link": "https://www.sec.gov/Archives/edgar/data/97745/000079603800000053/0000796038-00-000053-index.htm",
    "finalLink": "https://www.sec.gov/Archives/edgar/data/97745/000079603800000053/0000796038-00-000053-0001.txt"
  },
  {
    "date": "2000-07-01",
    "symbol": "TMO",
    "reportedCurrency": "USD",
    "cik": "0000097745",
    "fillingDate": "2000-08-14",
    "acceptedDate": "2000-08-14 00:00:00",
    "calendarYear": "2000",
    "period": "Q2",
    "revenue": 609482000,
    "costOfRevenue": 308033000,
    "grossProfit": 301449000,
    "grossProfitRatio": 0.494598692,
    "researchAndDevelopmentExpenses": 46105000,
    "generalAndAdministrativeExpenses": 0,
    "sellingAndMarketingExpenses": 0,
    "sellingGeneralAndAdministrativeExpenses": 172016000,
    "otherExpenses": 25730000,
    "operatingExpenses": 243851000,
    "costAndExpenses": 551884000,
    "interestIncome": 0,
    "interestExpense": 0,
    "depreciationAndAmortization": 25730000,
    "ebitda": 77871000,
    "ebitdaratio": 0.1277658733,
    "operatingIncome": 57598000,
    "operatingIncomeRatio": 0.0945032011,
    "totalOtherIncomeExpensesNet": -10750000,
    "incomeBeforeTax": 45873000,
    "incomeBeforeTaxRatio": 0.0752655534,
    "incomeTaxExpense": 20612000,
    "netIncome": 24255000,
    "netIncomeRatio": 0.0397960891,
    "eps": 0.16,
    "epsdiluted": 0.15,
    "weightedAverageShsOut": 156018000,
    "weightedAverageShsOutDil": 157767000,
    "link": "https://www.sec.gov/Archives/edgar/data/97745/000079603800000037/0000796038-00-000037-index.htm",
    "finalLink": "https://www.sec.gov/Archives/edgar/data/97745/000079603800000037/0000796038-00-000037-0001.txt"
  },
  {
    "date": "2000-04-01",
    "symbol": "TMO",
    "reportedCurrency": "USD",
    "cik": "0000097745",
    "fillingDate": "2000-05-12",
    "acceptedDate": "2000-05-12 00:00:00",
    "calendarYear": "2000",
    "period": "Q1",
    "revenue": 598929000,
    "costOfRevenue": 300990000,
    "grossProfit": 297939000,
    "grossProfitRatio": 0.4974529535,
    "researchAndDevelopmentExpenses": 48446000,
    "generalAndAdministrativeExpenses": 0,
    "sellingAndMarketingExpenses": 0,
    "sellingGeneralAndAdministrativeExpenses": 173682000,
    "otherExpenses": 24193000,
    "operatingExpenses": 246321000,
    "costAndExpenses": 547311000,
    "interestIncome": 0,
    "interestExpense": 0,
    "depreciationAndAmortization": 24193000,
    "ebitda": 73728000,
    "ebitdaratio": 0.123099733,
    "operatingIncome": 51618000,
    "operatingIncomeRatio": 0.0861838382,
    "totalOtherIncomeExpensesNet": -19599000,
    "incomeBeforeTax": 32019000,
    "incomeBeforeTaxRatio": 0.0534604269,
    "incomeTaxExpense": 16728000,
    "netIncome": 15823000,
    "netIncomeRatio": 0.0264188243,
    "eps": 0.1,
    "epsdiluted": 0.1,
    "weightedAverageShsOut": 156813000,
    "weightedAverageShsOutDil": 157464000,
    "link": "https://www.sec.gov/Archives/edgar/data/97745/000009774500000042/0000097745-00-000042-index.html",
    "finalLink": "https://www.sec.gov/Archives/edgar/data/97745/000009774500000042/"
  },
  {
    "date": "2000-01-01",
    "symbol": "TMO",
    "reportedCurrency": "USD",
    "cik": "0000097745",
    "fillingDate": "2000-03-22",
    "acceptedDate": "2000-03-22 00:00:00",
    "calendarYear": "1999",
    "period": "Q4",
    "revenue": 658985000,
    "costOfRevenue": 367939000,
    "grossProfit": 291046000,
    "grossProfitRatio": 0.4416580044,
    "researchAndDevelopmentExpenses": -148400000,
    "generalAndAdministrativeExpenses": 0,
    "sellingAndMarketingExpenses": 0,
    "sellingGeneralAndAdministrativeExpenses": -135400000,
    "otherExpenses": -31300000,
    "operatingExpenses": -315100000,
    "costAndExpenses": -750300000,
    "interestIncome": 0,
    "interestExpense": 0,
    "depreciationAndAmortization": -31300000,
    "ebitda": 11100000,
    "ebitdaratio": 0.016844086,
    "operatingIncome": 42400000,
    "operatingIncomeRatio": 0.0643413735,
    "totalOtherIncomeExpensesNet": 172900000,
    "incomeBeforeTax": 215300000,
    "incomeBeforeTaxRatio": 0.3267145686,
    "incomeTaxExpense": 59300000,
    "netIncome": -4000000,
    "netIncomeRatio": -0.0060699409,
    "eps": -0.0255,
    "epsdiluted": -0.0254,
    "weightedAverageShsOut": 156813000,
    "weightedAverageShsOutDil": 157464000,
    "link": "https://www.sec.gov/Archives/edgar/data/97745/000009774500000027/0000097745-00-000027-index.html",
    "finalLink": "https://www.sec.gov/Archives/edgar/data/97745/000009774500000027/"
  },
  {
    "date": "1999-10-02",
    "symbol": "TMO",
    "reportedCurrency": "USD",
    "cik": "0000097745",
    "fillingDate": "1999-11-12",
    "acceptedDate": "1999-11-12 00:00:00",
    "calendarYear": "1999",
    "period": "Q3",
    "revenue": 624292000,
    "costOfRevenue": 347460000,
    "grossProfit": 276832000,
    "grossProfitRatio": 0.4434335215,
    "researchAndDevelopmentExpenses": 106200000,
    "generalAndAdministrativeExpenses": 0,
    "sellingAndMarketingExpenses": 0,
    "sellingGeneralAndAdministrativeExpenses": 267300000,
    "otherExpenses": 53900000,
    "operatingExpenses": 427400000,
    "costAndExpenses": 994000000,
    "interestIncome": 0,
    "interestExpense": 0,
    "depreciationAndAmortization": 53900000,
    "ebitda": 95038000,
    "ebitdaratio": 0.1522332498,
    "operatingIncome": 83300000,
    "operatingIncomeRatio": 0.1334311508,
    "totalOtherIncomeExpensesNet": 1157000,
    "incomeBeforeTax": 66800000,
    "incomeBeforeTaxRatio": 0.107001211,
    "incomeTaxExpense": 30500000,
    "netIncome": 36329000,
    "netIncomeRatio": 0.0581923203,
    "eps": 0.23,
    "epsdiluted": 0.22,
    "weightedAverageShsOut": 158198000,
    "weightedAverageShsOutDil": 158384000,
    "link": "https://www.sec.gov/Archives/edgar/data/97745/000009774599000035/0000097745-99-000035-index.html",
    "finalLink": "https://www.sec.gov/Archives/edgar/data/97745/000009774599000035/"
  },
  {
    "date": "1999-07-03",
    "symbol": "TMO",
    "reportedCurrency": "USD",
    "cik": "0000097745",
    "fillingDate": "1999-08-12",
    "acceptedDate": "1999-08-12 00:00:00",
    "calendarYear": "1999",
    "period": "Q2",
    "revenue": 632166000,
    "costOfRevenue": 350983000,
    "grossProfit": 281183000,
    "grossProfitRatio": 0.4447929816,
    "researchAndDevelopmentExpenses": 111300000,
    "generalAndAdministrativeExpenses": 0,
    "sellingAndMarketingExpenses": 0,
    "sellingGeneralAndAdministrativeExpenses": 283300000,
    "otherExpenses": 45900000,
    "operatingExpenses": 440500000,
    "costAndExpenses": 1037100000,
    "interestIncome": 0,
    "interestExpense": 0,
    "depreciationAndAmortization": 45900000,
    "ebitda": 106237000,
    "ebitdaratio": 0.1680523786,
    "operatingIncome": 55200000,
    "operatingIncomeRatio": 0.0873188371,
    "totalOtherIncomeExpensesNet": -182148000,
    "incomeBeforeTax": -322800000,
    "incomeBeforeTaxRatio": -0.5106253737,
    "incomeTaxExpense": -87600000,
    "netIncome": -235200000,
    "netIncomeRatio": -0.3720541756,
    "eps": -1.49,
    "epsdiluted": -1.49,
    "weightedAverageShsOut": 157844295,
    "weightedAverageShsOutDil": 157844295,
    "link": "https://www.sec.gov/Archives/edgar/data/97745/000079598699000015/0000795986-99-000015-index.html",
    "finalLink": "https://www.sec.gov/Archives/edgar/data/97745/000079598699000015/"
  },
  {
    "date": "1999-04-03",
    "symbol": "TMO",
    "reportedCurrency": "USD",
    "cik": "0000097745",
    "fillingDate": "1999-05-13",
    "acceptedDate": "1999-05-13 00:00:00",
    "calendarYear": "1999",
    "period": "Q1",
    "revenue": 555750000,
    "costOfRevenue": 312112000,
    "grossProfit": 243638000,
    "grossProfitRatio": 0.4383949618,
    "researchAndDevelopmentExpenses": 101900000,
    "generalAndAdministrativeExpenses": 0,
    "sellingAndMarketingExpenses": 0,
    "sellingGeneralAndAdministrativeExpenses": 257800000,
    "otherExpenses": 45100000,
    "operatingExpenses": 404800000,
    "costAndExpenses": 941800000,
    "interestIncome": 0,
    "interestExpense": 0,
    "depreciationAndAmortization": 45100000,
    "ebitda": 78656000,
    "ebitdaratio": 0.1415312641,
    "operatingIncome": 67700000,
    "operatingIncomeRatio": 0.1218173639,
    "totalOtherIncomeExpensesNet": 7786000,
    "incomeBeforeTax": 59200000,
    "incomeBeforeTaxRatio": 0.106522717,
    "incomeTaxExpense": 30900000,
    "netIncome": 28299000,
    "netIncomeRatio": 0.0509203779,
    "eps": 0.18,
    "epsdiluted": 0.17,
    "weightedAverageShsOut": 157216667,
    "weightedAverageShsOutDil": 166464706,
    "link": "https://www.sec.gov/Archives/edgar/data/97745/000079598699000010/0000795986-99-000010-index.html",
    "finalLink": "https://www.sec.gov/Archives/edgar/data/97745/"
  },
  {
    "date": "1999-01-02",
    "symbol": "TMO",
    "reportedCurrency": "USD",
    "cik": "0000097745",
    "fillingDate": "1999-03-23",
    "acceptedDate": "1999-03-23 00:00:00",
    "calendarYear": "1998",
    "period": "Q4",
    "revenue": 998400000,
    "costOfRevenue": 535800000,
    "grossProfit": 462600000,
    "grossProfitRatio": 0.4633413462,
    "researchAndDevelopmentExpenses": 89200000,
    "generalAndAdministrativeExpenses": 0,
    "sellingAndMarketingExpenses": 0,
    "sellingGeneralAndAdministrativeExpenses": 252300000,
    "otherExpenses": 42500000,
    "operatingExpenses": 384000000,
    "costAndExpenses": 919800000,
    "interestIncome": 0,
    "interestExpense": 0,
    "depreciationAndAmortization": 42500000,
    "ebitda": 121100000,
    "ebitdaratio": 0.1212940705,
    "operatingIncome": 78600000,
    "operatingIncomeRatio": 0.0787259615,
    "totalOtherIncomeExpensesNet": -6100000,
    "incomeBeforeTax": 72500000,
    "incomeBeforeTaxRatio": 0.0726161859,
    "incomeTaxExpense": 40600000,
    "netIncome": 37000000,
    "netIncomeRatio": 0.0370592949,
    "eps": 0.24,
    "epsdiluted": 0.22,
    "weightedAverageShsOut": 157222222,
    "weightedAverageShsOutDil": 166470588,
    "link": "https://www.sec.gov/Archives/edgar/data/97745/000009774599000017/0000097745-99-000017-index.html",
    "finalLink": "https://www.sec.gov/Archives/edgar/data/97745/"
  },
  {
    "date": "1998-10-03",
    "symbol": "TMO",
    "reportedCurrency": "USD",
    "cik": "0000097745",
    "fillingDate": "1998-11-12",
    "acceptedDate": "1998-11-12 00:00:00",
    "calendarYear": "1998",
    "period": "Q3",
    "revenue": 977200000,
    "costOfRevenue": 513300000,
    "grossProfit": 463900000,
    "grossProfitRatio": 0.4747237004,
    "researchAndDevelopmentExpenses": 93200000,
    "generalAndAdministrativeExpenses": 0,
    "sellingAndMarketingExpenses": 0,
    "sellingGeneralAndAdministrativeExpenses": 234200000,
    "otherExpenses": 41200000,
    "operatingExpenses": 368600000,
    "costAndExpenses": 881900000,
    "interestIncome": 0,
    "interestExpense": 0,
    "depreciationAndAmortization": 41200000,
    "ebitda": 142100000,
    "ebitdaratio": 0.1454154728,
    "operatingIncome": 95300000,
    "operatingIncomeRatio": 0.0975235366,
    "totalOtherIncomeExpensesNet": -41400000,
    "incomeBeforeTax": 55800000,
    "incomeBeforeTaxRatio": 0.0571019239,
    "incomeTaxExpense": 38200000,
    "netIncome": 17600000,
    "netIncomeRatio": 0.0180106427,
    "eps": 0.11,
    "epsdiluted": 0.1,
    "weightedAverageShsOut": 160000000,
    "weightedAverageShsOutDil": 176000000,
    "link": "https://www.sec.gov/Archives/edgar/data/97745/000009774598000059/0000097745-98-000059-index.html",
    "finalLink": "https://www.sec.gov/Archives/edgar/data/97745/"
  },
  {
    "date": "1998-07-04",
    "symbol": "TMO",
    "reportedCurrency": "USD",
    "cik": "0000097745",
    "fillingDate": "1998-08-13",
    "acceptedDate": "1998-08-13 00:00:00",
    "calendarYear": "1998",
    "period": "Q2",
    "revenue": 947800000,
    "costOfRevenue": 484000000,
    "grossProfit": 463800000,
    "grossProfitRatio": 0.4893437434,
    "researchAndDevelopmentExpenses": 94000000,
    "generalAndAdministrativeExpenses": 0,
    "sellingAndMarketingExpenses": 0,
    "sellingGeneralAndAdministrativeExpenses": 223800000,
    "otherExpenses": 40500000,
    "operatingExpenses": 358300000,
    "costAndExpenses": 842300000,
    "interestIncome": 0,
    "interestExpense": 0,
    "depreciationAndAmortization": 40500000,
    "ebitda": 146000000,
    "ebitdaratio": 0.1540409369,
    "operatingIncome": 105500000,
    "operatingIncomeRatio": 0.111310403,
    "totalOtherIncomeExpensesNet": 5200000,
    "incomeBeforeTax": 110700000,
    "incomeBeforeTaxRatio": 0.1167967926,
    "incomeTaxExpense": 51100000,
    "netIncome": 61800000,
    "netIncomeRatio": 0.0652036295,
    "eps": 0.37,
    "epsdiluted": 0.34,
    "weightedAverageShsOut": 167027027,
    "weightedAverageShsOutDil": 181764706,
    "link": "https://www.sec.gov/Archives/edgar/data/97745/000009774598000050/0000097745-98-000050-index.html",
    "finalLink": "https://www.sec.gov/Archives/edgar/data/97745/"
  },
  {
    "date": "1998-04-04",
    "symbol": "TMO",
    "reportedCurrency": "USD",
    "cik": "0000097745",
    "fillingDate": "1998-05-18",
    "acceptedDate": "1998-05-18 00:00:00",
    "calendarYear": "1998",
    "period": "Q1",
    "revenue": 944300000,
    "costOfRevenue": 495600000,
    "grossProfit": 448700000,
    "grossProfitRatio": 0.4751667902,
    "researchAndDevelopmentExpenses": 92100000,
    "generalAndAdministrativeExpenses": 0,
    "sellingAndMarketingExpenses": 0,
    "sellingGeneralAndAdministrativeExpenses": 226000000,
    "otherExpenses": 38100000,
    "operatingExpenses": 356200000,
    "costAndExpenses": 851800000,
    "interestIncome": 0,
    "interestExpense": 0,
    "depreciationAndAmortization": 38100000,
    "ebitda": 130600000,
    "ebitdaratio": 0.1383035052,
    "operatingIncome": 92500000,
    "operatingIncomeRatio": 0.097956158,
    "totalOtherIncomeExpensesNet": 14600000,
    "incomeBeforeTax": 107100000,
    "incomeBeforeTaxRatio": 0.1134173462,
    "incomeTaxExpense": 41600000,
    "netIncome": 65500000,
    "netIncomeRatio": 0.0693635497,
    "eps": 0.41,
    "epsdiluted": 0.37,
    "weightedAverageShsOut": 159756098,
    "weightedAverageShsOutDil": 177027027,
    "link": "https://www.sec.gov/Archives/edgar/data/97745/000009774598000025/0000097745-98-000025-index.html",
    "finalLink": "https://www.sec.gov/Archives/edgar/data/97745/"
  },
  {
    "date": "1998-01-03",
    "symbol": "TMO",
    "reportedCurrency": "USD",
    "cik": "0000097745",
    "fillingDate": "1998-03-12",
    "acceptedDate": "1998-03-12 00:00:00",
    "calendarYear": "1997",
    "period": "Q4",
    "revenue": 1009900000,
    "costOfRevenue": 523400000,
    "grossProfit": 486500000,
    "grossProfitRatio": 0.4817308644,
    "researchAndDevelopmentExpenses": 93200000,
    "generalAndAdministrativeExpenses": 0,
    "sellingAndMarketingExpenses": 0,
    "sellingGeneralAndAdministrativeExpenses": 236400000,
    "otherExpenses": 36500000,
    "operatingExpenses": 366100000,
    "costAndExpenses": 889500000,
    "interestIncome": 0,
    "interestExpense": 0,
    "depreciationAndAmortization": 36500000,
    "ebitda": 156900000,
    "ebitdaratio": 0.155361917,
    "operatingIncome": 120400000,
    "operatingIncomeRatio": 0.1192197247,
    "totalOtherIncomeExpensesNet": 5100000,
    "incomeBeforeTax": 125500000,
    "incomeBeforeTaxRatio": 0.1242697297,
    "incomeTaxExpense": 56300000,
    "netIncome": 69200000,
    "netIncomeRatio": 0.0685216358,
    "eps": 0.43,
    "epsdiluted": 0.39,
    "weightedAverageShsOut": 159756098,
    "weightedAverageShsOutDil": 177027027,
    "link": "https://www.sec.gov/Archives/edgar/data/97745/000009774598000005/0000097745-98-000005-index.html",
    "finalLink": "https://www.sec.gov/Archives/edgar/data/97745/"
  },
  {
    "date": "1997-09-27",
    "symbol": "TMO",
    "reportedCurrency": "USD",
    "cik": "0000097745",
    "fillingDate": "1997-11-05",
    "acceptedDate": "1997-11-05 00:00:00",
    "calendarYear": "1997",
    "period": "Q3",
    "revenue": 909900000,
    "costOfRevenue": 467600000,
    "grossProfit": 442300000,
    "grossProfitRatio": 0.4860973733,
    "researchAndDevelopmentExpenses": 84100000,
    "generalAndAdministrativeExpenses": 0,
    "sellingAndMarketingExpenses": 0,
    "sellingGeneralAndAdministrativeExpenses": 205800000,
    "otherExpenses": 33100000,
    "operatingExpenses": 323000000,
    "costAndExpenses": 790600000,
    "interestIncome": 0,
    "interestExpense": 0,
    "depreciationAndAmortization": 33100000,
    "ebitda": 152400000,
    "ebitdaratio": 0.1674909331,
    "operatingIncome": 119300000,
    "operatingIncomeRatio": 0.1311133092,
    "totalOtherIncomeExpensesNet": -9400000,
    "incomeBeforeTax": 109900000,
    "incomeBeforeTaxRatio": 0.1207825036,
    "incomeTaxExpense": 48000000,
    "netIncome": 61900000,
    "netIncomeRatio": 0.0680294538,
    "eps": 0.41,
    "epsdiluted": 0.36,
    "weightedAverageShsOut": 150975610,
    "weightedAverageShsOutDil": 171944444,
    "link": "https://www.sec.gov/Archives/edgar/data/97745/000009774597000140/0000097745-97-000140-index.html",
    "finalLink": "https://www.sec.gov/Archives/edgar/data/97745/"
  },
  {
    "date": "1997-06-28",
    "symbol": "TMO",
    "reportedCurrency": "USD",
    "cik": "0000097745",
    "fillingDate": "1997-08-06",
    "acceptedDate": "1997-08-06 00:00:00",
    "calendarYear": "1997",
    "period": "Q2",
    "revenue": 875000000,
    "costOfRevenue": 481900000,
    "grossProfit": 393100000,
    "grossProfitRatio": 0.4492571429,
    "researchAndDevelopmentExpenses": 81500000,
    "generalAndAdministrativeExpenses": 0,
    "sellingAndMarketingExpenses": 0,
    "sellingGeneralAndAdministrativeExpenses": 213200000,
    "otherExpenses": 0,
    "operatingExpenses": 294700000,
    "costAndExpenses": 776600000,
    "interestIncome": 0,
    "interestExpense": 0,
    "depreciationAndAmortization": -14400000,
    "ebitda": 84000000,
    "ebitdaratio": 0.096,
    "operatingIncome": 98400000,
    "operatingIncomeRatio": 0.1124571429,
    "totalOtherIncomeExpensesNet": -200000,
    "incomeBeforeTax": 98200000,
    "incomeBeforeTaxRatio": 0.1122285714,
    "incomeTaxExpense": 42000000,
    "netIncome": 56200000,
    "netIncomeRatio": 0.0642285714,
    "eps": 0.37,
    "epsdiluted": 0.35,
    "weightedAverageShsOut": 151891892,
    "weightedAverageShsOutDil": 160571429,
    "link": "https://www.sec.gov/Archives/edgar/data/97745/000009774597000125/0000097745-97-000125-index.html",
    "finalLink": "https://www.sec.gov/Archives/edgar/data/97745/"
  },
  {
    "date": "1997-03-29",
    "symbol": "TMO",
    "reportedCurrency": "USD",
    "cik": "0000097745",
    "fillingDate": "1997-05-06",
    "acceptedDate": "1997-05-06 00:00:00",
    "calendarYear": "1997",
    "period": "Q1",
    "revenue": 763500000,
    "costOfRevenue": 430800000,
    "grossProfit": 332700000,
    "grossProfitRatio": 0.4357563851,
    "researchAndDevelopmentExpenses": 78500000,
    "generalAndAdministrativeExpenses": 0,
    "sellingAndMarketingExpenses": 0,
    "sellingGeneralAndAdministrativeExpenses": 185300000,
    "otherExpenses": 0,
    "operatingExpenses": 263800000,
    "costAndExpenses": 694600000,
    "interestIncome": 0,
    "interestExpense": 0,
    "depreciationAndAmortization": -28800000,
    "ebitda": 40100000,
    "ebitdaratio": 0.0525212836,
    "operatingIncome": 68900000,
    "operatingIncomeRatio": 0.0902423052,
    "totalOtherIncomeExpensesNet": 11600000,
    "incomeBeforeTax": 80500000,
    "incomeBeforeTaxRatio": 0.1054354944,
    "incomeTaxExpense": 28400000,
    "netIncome": 52100000,
    "netIncomeRatio": 0.0682383759,
    "eps": 0.35,
    "epsdiluted": 0.32,
    "weightedAverageShsOut": 148857143,
    "weightedAverageShsOutDil": 162812500,
    "link": "https://www.sec.gov/Archives/edgar/data/97745/000009774597000097/0000097745-97-000097-index.html",
    "finalLink": "https://www.sec.gov/Archives/edgar/data/97745/"
  },
  {
    "date": "1996-12-28",
    "symbol": "TMO",
    "reportedCurrency": "USD",
    "cik": "0000097745",
    "fillingDate": "1997-03-20",
    "acceptedDate": "1997-03-20 00:00:00",
    "calendarYear": "1996",
    "period": "Q4",
    "revenue": 794500000,
    "costOfRevenue": 333200000,
    "grossProfit": 461300000,
    "grossProfitRatio": 0.5806167401,
    "researchAndDevelopmentExpenses": 0,
    "generalAndAdministrativeExpenses": 0,
    "sellingAndMarketingExpenses": 0,
    "sellingGeneralAndAdministrativeExpenses": 258800000,
    "otherExpenses": 115200000,
    "operatingExpenses": 374000000,
    "costAndExpenses": 707200000,
    "interestIncome": 0,
    "interestExpense": 0,
    "depreciationAndAmortization": -18200000,
    "ebitda": 69100000,
    "ebitdaratio": 0.086972939,
    "operatingIncome": 87300000,
    "operatingIncomeRatio": 0.1098804279,
    "totalOtherIncomeExpensesNet": 2500000,
    "incomeBeforeTax": 89800000,
    "incomeBeforeTaxRatio": 0.113027061,
    "incomeTaxExpense": 36200000,
    "netIncome": 53600000,
    "netIncomeRatio": 0.0674638137,
    "eps": 0.36,
    "epsdiluted": 0.33,
    "weightedAverageShsOut": 148857143,
    "weightedAverageShsOutDil": 162812500,
    "link": "https://www.sec.gov/Archives/edgar/data/97745/000009774597000026/0000097745-97-000026-index.html",
    "finalLink": "https://www.sec.gov/Archives/edgar/data/97745/"
  },
  {
    "date": "1996-09-28",
    "symbol": "TMO",
    "reportedCurrency": "USD",
    "cik": "0000097745",
    "fillingDate": "1996-11-06",
    "acceptedDate": "1996-11-06 00:00:00",
    "calendarYear": "1996",
    "period": "Q3",
    "revenue": 740000000,
    "costOfRevenue": 409200000,
    "grossProfit": 330800000,
    "grossProfitRatio": 0.447027027,
    "researchAndDevelopmentExpenses": 0,
    "generalAndAdministrativeExpenses": 0,
    "sellingAndMarketingExpenses": 0,
    "sellingGeneralAndAdministrativeExpenses": 252700000,
    "otherExpenses": 0,
    "operatingExpenses": 252700000,
    "costAndExpenses": 661900000,
    "interestIncome": 0,
    "interestExpense": 0,
    "depreciationAndAmortization": -33300000,
    "ebitda": 44800000,
    "ebitdaratio": 0.0605405405,
    "operatingIncome": 78100000,
    "operatingIncomeRatio": 0.1055405405,
    "totalOtherIncomeExpensesNet": 5000000,
    "incomeBeforeTax": 83100000,
    "incomeBeforeTaxRatio": 0.1122972973,
    "incomeTaxExpense": 31900000,
    "netIncome": 51200000,
    "netIncomeRatio": 0.0691891892,
    "eps": 0.36,
    "epsdiluted": 0.32,
    "weightedAverageShsOut": 142222222,
    "weightedAverageShsOutDil": 160000000,
    "link": "https://www.sec.gov/Archives/edgar/data/97745/000009774596000050/0000097745-96-000050-index.html",
    "finalLink": "https://www.sec.gov/Archives/edgar/data/97745/"
  },
  {
    "date": "1996-06-29",
    "symbol": "TMO",
    "reportedCurrency": "USD",
    "cik": "0000097745",
    "fillingDate": "1996-08-08",
    "acceptedDate": "1996-08-08 00:00:00",
    "calendarYear": "1996",
    "period": "Q2",
    "revenue": 745800000,
    "costOfRevenue": 428000000,
    "grossProfit": 317800000,
    "grossProfitRatio": 0.4261196031,
    "researchAndDevelopmentExpenses": 76300000,
    "generalAndAdministrativeExpenses": 0,
    "sellingAndMarketingExpenses": 0,
    "sellingGeneralAndAdministrativeExpenses": 179400000,
    "otherExpenses": 0,
    "operatingExpenses": 255700000,
    "costAndExpenses": 683700000,
    "interestIncome": 0,
    "interestExpense": 0,
    "depreciationAndAmortization": -45200000,
    "ebitda": 16900000,
    "ebitdaratio": 0.0226602306,
    "operatingIncome": 62100000,
    "operatingIncomeRatio": 0.0832662912,
    "totalOtherIncomeExpensesNet": 2800000,
    "incomeBeforeTax": 64900000,
    "incomeBeforeTaxRatio": 0.087020649,
    "incomeTaxExpense": 20000000,
    "netIncome": 44900000,
    "netIncomeRatio": 0.060203808,
    "eps": 0.32,
    "epsdiluted": 0.32,
    "weightedAverageShsOut": 140312500,
    "weightedAverageShsOutDil": 140312500,
    "link": "https://www.sec.gov/Archives/edgar/data/97745/000009774596000036/0000097745-96-000036-index.html",
    "finalLink": "https://www.sec.gov/Archives/edgar/data/97745/"
  },
  {
    "date": "1996-03-30",
    "symbol": "TMO",
    "reportedCurrency": "USD",
    "cik": "0000097745",
    "fillingDate": "1996-05-08",
    "acceptedDate": "1996-05-08 00:00:00",
    "calendarYear": "1996",
    "period": "Q1",
    "revenue": 635100000,
    "costOfRevenue": 364700000,
    "grossProfit": 270400000,
    "grossProfitRatio": 0.4257597229,
    "researchAndDevelopmentExpenses": 67400000,
    "generalAndAdministrativeExpenses": 0,
    "sellingAndMarketingExpenses": 0,
    "sellingGeneralAndAdministrativeExpenses": 147500000,
    "otherExpenses": 0,
    "operatingExpenses": 214900000,
    "costAndExpenses": 579600000,
    "interestIncome": 0,
    "interestExpense": 0,
    "depreciationAndAmortization": -47300000,
    "ebitda": 8200000,
    "ebitdaratio": 0.0129113525,
    "operatingIncome": 55500000,
    "operatingIncomeRatio": 0.0873878129,
    "totalOtherIncomeExpensesNet": 6800000,
    "incomeBeforeTax": 62700000,
    "incomeBeforeTaxRatio": 0.0987246103,
    "incomeTaxExpense": 22300000,
    "netIncome": 41000000,
    "netIncomeRatio": 0.0645567627,
    "eps": 0.21,
    "epsdiluted": 0.21,
    "weightedAverageShsOut": 135989961,
    "weightedAverageShsOutDil": 135989961,
    "link": "https://www.sec.gov/Archives/edgar/data/97745/000009774596000034/0000097745-96-000034-index.html",
    "finalLink": "https://www.sec.gov/Archives/edgar/data/97745/"
  },
  {
    "date": "1995-12-30",
    "symbol": "TMO",
    "reportedCurrency": "USD",
    "cik": "0000097745",
    "fillingDate": "1996-03-13",
    "acceptedDate": "1996-03-13 00:00:00",
    "calendarYear": "1995",
    "period": "Q4",
    "revenue": 629800000,
    "costOfRevenue": 265300000,
    "grossProfit": 364500000,
    "grossProfitRatio": 0.5787551604,
    "researchAndDevelopmentExpenses": 70300000,
    "generalAndAdministrativeExpenses": 0,
    "sellingAndMarketingExpenses": 0,
    "sellingGeneralAndAdministrativeExpenses": 135300000,
    "otherExpenses": 85000000,
    "operatingExpenses": 290600000,
    "costAndExpenses": 555900000,
    "interestIncome": 0,
    "interestExpense": 0,
    "depreciationAndAmortization": -36800000,
    "ebitda": 37100000,
    "ebitdaratio": 0.0589075897,
    "operatingIncome": 73900000,
    "operatingIncomeRatio": 0.1173388377,
    "totalOtherIncomeExpensesNet": -800000,
    "incomeBeforeTax": 73100000,
    "incomeBeforeTaxRatio": 0.1160685932,
    "incomeTaxExpense": 33300000,
    "netIncome": 39800000,
    "netIncomeRatio": 0.063194665,
    "eps": 0.28,
    "epsdiluted": 0.28,
    "weightedAverageShsOut": 131776855,
    "weightedAverageShsOutDil": 135989961,
    "link": "https://www.sec.gov/Archives/edgar/data/97745/000009774596000026/0000097745-96-000026-index.html",
    "finalLink": "https://www.sec.gov/Archives/edgar/data/97745/"
  },
  {
    "date": "1995-09-30",
    "symbol": "TMO",
    "reportedCurrency": "USD",
    "cik": "0000097745",
    "fillingDate": "1995-11-08",
    "acceptedDate": "1995-11-08 00:00:00",
    "calendarYear": "1995",
    "period": "Q3",
    "revenue": 570400000,
    "costOfRevenue": 314500000,
    "grossProfit": 255900000,
    "grossProfitRatio": 0.4486325386,
    "researchAndDevelopmentExpenses": 67500000,
    "generalAndAdministrativeExpenses": 0,
    "sellingAndMarketingExpenses": 0,
    "sellingGeneralAndAdministrativeExpenses": 120000000,
    "otherExpenses": 0,
    "operatingExpenses": 187500000,
    "costAndExpenses": 502000000,
    "interestIncome": 0,
    "interestExpense": 0,
    "depreciationAndAmortization": -38900000,
    "ebitda": 29500000,
    "ebitdaratio": 0.0517180926,
    "operatingIncome": 68400000,
    "operatingIncomeRatio": 0.1199158485,
    "totalOtherIncomeExpensesNet": -7000000,
    "incomeBeforeTax": 61400000,
    "incomeBeforeTaxRatio": 0.1076437588,
    "incomeTaxExpense": 23300000,
    "netIncome": 38100000,
    "netIncomeRatio": 0.0667952314,
    "eps": 0.2,
    "epsdiluted": 0.18,
    "weightedAverageShsOut": 129671803,
    "weightedAverageShsOutDil": 129671803,
    "link": "https://www.sec.gov/Archives/edgar/data/97745/000009774595000046/0000097745-95-000046-index.html",
    "finalLink": "https://www.sec.gov/Archives/edgar/data/97745/"
  }
]