[
  {
    "date": "2024-12-31",
    "symbol": "TMO",
    "reportedCurrency": "USD",
    "cik": "0000097745",
    "fillingDate": "2025-02-20",
    "acceptedDate": "2025-02-20 13:33:52",
    "calendarYear": "2024",
    "period": "FY",
    "revenue": 42879000000,
    "costOfRevenue": 25151000000,
    "grossProfit": 17728000000,
    "grossProfitRatio": 0.4134424777,
    "researchAndDevelopmentExpenses": 1390000000,
    "generalAndAdministrativeExpenses": 0,
    "sellingAndMarketingExpenses": 0,
    "sellingGeneralAndAdministrativeExpenses": 8676000000,
    "otherExpenses": 0,
    "operatingExpenses": 10066000000,
    "costAndExpenses": 35217000000,
    "interestIncome": 1078000000,
    "interestExpense": 1654000000,
    "depreciationAndAmortization": 3108000000,
    "ebitda": 11800000000,
    "ebitdaratio": 0.2751929849,
    "operatingIncome": 7662000000,
    "operatingIncomeRatio": 0.1786888687,
    "totalOtherIncomeExpensesNet": -667000000,
    "incomeBeforeTax": 6995000000,
    "incomeBeforeTaxRatio": 0.1631334686,
    "incomeTaxExpense": 657000000,
    "netIncome": 6335000000,
    "netIncomeRatio": 0.1477413186,
    "eps": 16.58,
    "epsdiluted": 16.53,
    "weightedAverageShsOut": 382000000,
    "weightedAverageShsOutDil": 383000000,
    "link": "https://www.sec.gov/Archives/edgar/data/97745/000009774525000010/0000097745-25-000010-index.htm",
    "finalLink": "https://www.sec.gov/Archives/edgar/data/97745/000009774525000010/tmo-20241231.htm"
  },
  {
    "date": "2023-12-31",
    "symbol": "TMO",
    "reportedCurrency": "USD",
    "cik": "0000097745",
    "fillingDate": "2024-02-22",
    "acceptedDate": "2024-02-22 13:06:42",
    "calendarYear": "2023",
    "period": "FY",
    "revenue": 42857000000,
    "costOfRevenue": 25663000000,
    "grossProfit": 17194000000,
    "grossProfitRatio": 0.4011946706,
    "researchAndDevelopmentExpenses": 1337000000,
    "generalAndAdministrativeExpenses": 0,
    "sellingAndMarketingExpenses": 0,
    "sellingGeneralAndAdministrativeExpenses": 8411000000,
    "otherExpenses": 0,
    "operatingExpenses": 9748000000,
    "costAndExpenses": 35411000000,
    "interestIncome": 879000000,
    "interestExpense": 1491000000,
    "depreciationAndAmortization": 3406000000,
    "ebitda": 11195000000,
    "ebitdaratio": 0.2612175374,
    "operatingIncome": 7446000000,
    "operatingIncomeRatio": 0.1737405791,
    "totalOtherIncomeExpensesNet": -1207000000,
    "incomeBeforeTax": 6239000000,
    "incomeBeforeTaxRatio": 0.1455771519,
    "incomeTaxExpense": 284000000,
    "netIncome": 5995000000,
    "netIncomeRatio": 0.1398837996,
    "eps": 15.53,
    "epsdiluted": 15.45,
    "weightedAverageShsOut": 386000000,
    "weightedAverageShsOutDil": 388000000,
    "link": "https://www.sec.gov/Archives/edgar/data/97745/000009774524000007/0000097745-24-000007-index.htm",
    "finalLink": "https://www.sec.gov/Archives/edgar/data/97745/000009774524000007/tmo-20231231.htm"
  },
  {
    "date": "2022-12-31",
    "symbol": "TMO",
    "reportedCurrency": "USD",
    "cik": "0000097745",
    "fillingDate": "2023-02-23",
    "acceptedDate": "2023-02-23 12:54:52",
    "calendarYear": "2022",
    "period": "FY",
    "revenue": 44915000000,
    "costOfRevenue": 25904000000,
    "grossProfit": 19011000000,
    "grossProfitRatio": 0.4232661694,
    "researchAndDevelopmentExpenses": 1471000000,
    "generalAndAdministrativeExpenses": 0,
    "sellingAndMarketingExpenses": 0,
    "sellingGeneralAndAdministrativeExpenses": 9015000000,
    "otherExpenses": 0,
    "operatingExpenses": 10486000000,
    "costAndExpenses": 36390000000,
    "interestIncome": 272000000,
    "interestExpense": 726000000,
    "depreciationAndAmortization": 3381000000,
    "ebitda": 11942000000,
    "ebitdaratio": 0.2658799955,
    "operatingIncome": 8525000000,
    "operatingIncomeRatio": 0.1898029611,
    "totalOtherIncomeExpensesNet": -862000000,
    "incomeBeforeTax": 7663000000,
    "incomeBeforeTaxRatio": 0.1706111544,
    "incomeTaxExpense": 703000000,
    "netIncome": 6950000000,
    "netIncomeRatio": 0.1547367249,
    "eps": 17.73,
    "epsdiluted": 17.64,
    "weightedAverageShsOut": 392000000,
    "weightedAverageShsOutDil": 394000000,
    "link": "https://www.sec.gov/Archives/edgar/data/97745/000009774523000008/0000097745-23-000008-index.htm",
    "finalLink": "https://www.sec.gov/Archives/edgar/data/97745/000009774523000008/tmo-20221231.htm"
  },
  {
    "date": "2021-12-31",
    "symbol": "TMO",
    "reportedCurrency": "USD",
    "cik": "0000097745",
    "fillingDate": "2022-02-24",
    "acceptedDate": "2022-02-24 12:58:37",
    "calendarYear": "2021",
    "period": "FY",
    "revenue": 39211000000,
    "costOfRevenue": 19577000000,
    "grossProfit": 19634000000,
    "grossProfitRatio": 0.5007268369,
    "researchAndDevelopmentExpenses": 1406000000,
    "generalAndAdministrativeExpenses": 0,
    "sellingAndMarketingExpenses": 0,
    "sellingGeneralAndAdministrativeExpenses": 7910000000,
    "otherExpenses": 0,
    "operatingExpenses": 9316000000,
    "costAndExpenses": 28893000000,
    "interestIncome": 43000000,
    "interestExpense": 536000000,
    "depreciationAndAmortization": 2592000000,
    "ebitda": 11969000000,
    "ebitdaratio": 0.3052459769,
    "operatingIncome": 10318000000,
    "operatingIncomeRatio": 0.2631404453,
    "totalOtherIncomeExpensesNet": -1481000000,
    "incomeBeforeTax": 8837000000,
    "incomeBeforeTaxRatio": 0.2253704318,
    "incomeTaxExpense": 1109000000,
    "netIncome": 7725000000,
    "netIncomeRatio": 0.1970110428,
    "eps": 19.61,
    "epsdiluted": 19.46,
    "weightedAverageShsOut": 394000000,
    "weightedAverageShsOutDil": 397000000,
    "link": "https://www.sec.gov/Archives/edgar/data/97745/000009774522000011/0000097745-22-000011-index.htm",
    "finalLink": "https://www.sec.gov/Archives/edgar/data/97745/000009774522000011/tmo-20211231.htm"
  },
  {
    "date": "2020-12-31",
    "symbol": "TMO",
    "reportedCurrency": "USD",
    "cik": "0000097745",
    "fillingDate": "2021-02-25",
    "acceptedDate": "2021-02-24 17:36:20",
    "calendarYear": "2020",
    "period": "FY",
    "revenue": 32218000000,
    "costOfRevenue": 16191000000,
    "grossProfit": 16027000000,
    "grossProfitRatio": 0.4974548389,
    "researchAndDevelopmentExpenses": 1181000000,
    "generalAndAdministrativeExpenses": 0,
    "sellingAndMarketingExpenses": 0,
    "sellingGeneralAndAdministrativeExpenses": 6949000000,
    "otherExpenses": 0,
    "operatingExpenses": 8130000000,
    "costAndExpenses": 24321000000,
    "interestIncome": 65000000,
    "interestExpense": 553000000,
    "depreciationAndAmortization": 2325000000,
    "ebitda": 10108000000,
    "ebitdaratio": 0.3137376622,
    "operatingIncome": 7897000000,
    "operatingIncomeRatio": 0.2451114284,
    "totalOtherIncomeExpensesNet": -670000000,
    "incomeBeforeTax": 7227000000,
    "incomeBeforeTaxRatio": 0.2243156,
    "incomeTaxExpense": 850000000,
    "netIncome": 6375000000,
    "netIncomeRatio": 0.1978707555,
    "eps": 16.1,
    "epsdiluted": 15.98,
    "weightedAverageShsOut": 396000000,
    "weightedAverageShsOutDil": 399000000,
    "link": "https://www.sec.gov/Archives/edgar/data/97745/000009774521000011/0000097745-21-000011-index.htm",
    "finalLink": "https://www.sec.gov/Archives/edgar/data/97745/000009774521000011/tmo-20201231.htm"
  },
  {
    "date": "2019-12-31",
    "symbol": "TMO",
    "reportedCurrency": "USD",
    "cik": "0000097745",
    "fillingDate": "2020-02-26",
    "acceptedDate": "2020-02-26 15:33:51",
    "calendarYear": "2019",
    "period": "FY",
    "revenue": 25542000000,
    "costOfRevenue": 14198000000,
    "grossProfit": 11344000000,
    "grossProfitRatio": 0.4441312348,
    "researchAndDevelopmentExpenses": 1003000000,
    "generalAndAdministrativeExpenses": 0,
    "sellingAndMarketingExpenses": 0,
    "sellingGeneralAndAdministrativeExpenses": 6062000000,
    "otherExpenses": -20000000,
    "operatingExpenses": 7085000000,
    "costAndExpenses": 21283000000,
    "interestIncome": 224000000,
    "interestExpense": 676000000,
    "depreciationAndAmortization": 2277000000,
    "ebitda": 7023000000,
    "ebitdaratio": 0.2749588912,
    "operatingIncome": 4259000000,
    "operatingIncomeRatio": 0.1667449691,
    "totalOtherIncomeExpensesNet": -189000000,
    "incomeBeforeTax": 4070000000,
    "incomeBeforeTaxRatio": 0.1593453919,
    "incomeTaxExpense": 374000000,
    "netIncome": 3696000000,
    "netIncomeRatio": 0.1447028424,
    "eps": 9.24,
    "epsdiluted": 9.17,
    "weightedAverageShsOut": 400000000,
    "weightedAverageShsOutDil": 403000000,
    "link": "https://www.sec.gov/Archives/edgar/data/97745/000009774520000009/0000097745-20-000009-index.htm",
    "finalLink": "https://www.sec.gov/Archives/edgar/data/97745/000009774520000009/tmo-20191231.htm"
  },
  {
    "date": "2018-12-31",
    "symbol": "TMO",
    "reportedCurrency": "USD",
    "cik": "0000097745",
    "fillingDate": "2019-02-27",
    "acceptedDate": "2019-02-27 16:15:13",
    "calendarYear": "2018",
    "period": "FY",
    "revenue": 24358000000,
    "costOfRevenue": 13370000000,
    "grossProfit": 10988000000,
    "grossProfitRatio": 0.45110436,
    "researchAndDevelopmentExpenses": 967000000,
    "generalAndAdministrativeExpenses": 0,
    "sellingAndMarketingExpenses": 0,
    "sellingGeneralAndAdministrativeExpenses": 6028000000,
    "otherExpenses": -121000000,
    "operatingExpenses": 7116000000,
    "costAndExpenses": 20486000000,
    "interestIncome": 137000000,
    "interestExpense": 667000000,
    "depreciationAndAmortization": 2266000000,
    "ebitda": 6195000000,
    "ebitdaratio": 0.2543312259,
    "operatingIncome": 3872000000,
    "operatingIncomeRatio": 0.158962148,
    "totalOtherIncomeExpensesNet": -610000000,
    "incomeBeforeTax": 3262000000,
    "incomeBeforeTaxRatio": 0.133919041,
    "incomeTaxExpense": 324000000,
    "netIncome": 2938000000,
    "netIncomeRatio": 0.1206174563,
    "eps": 7.31,
    "epsdiluted": 7.24,
    "weightedAverageShsOut": 402000000,
    "weightedAverageShsOutDil": 406000000,
    "link": "https://www.sec.gov/Archives/edgar/data/97745/000009774519000007/0000097745-19-000007-index.htm",
    "finalLink": "https://www.sec.gov/Archives/edgar/data/97745/000009774519000007/a201810k.htm"
  },
  {
    "date": "2017-12-31",
    "symbol": "TMO",
    "reportedCurrency": "USD",
    "cik": "0000097745",
    "fillingDate": "2018-02-28",
    "acceptedDate": "2018-02-28 09:19:05",
    "calendarYear": "2017",
    "period": "FY",
    "revenue": 20918000000,
    "costOfRevenue": 11239000000,
    "grossProfit": 9679000000,
    "grossProfitRatio": 0.4627115403,
    "researchAndDevelopmentExpenses": 888000000,
    "generalAndAdministrativeExpenses": 0,
    "sellingAndMarketingExpenses": 0,
    "sellingGeneralAndAdministrativeExpenses": 5414000000,
    "otherExpenses": -110000000,
    "operatingExpenses": 6412000000,
    "costAndExpenses": 17651000000,
    "interestIncome": 81000000,
    "interestExpense": 592000000,
    "depreciationAndAmortization": 2033000000,
    "ebitda": 5054000000,
    "ebitdaratio": 0.2416100966,
    "operatingIncome": 3267000000,
    "operatingIncomeRatio": 0.1561812793,
    "totalOtherIncomeExpensesNet": -838000000,
    "incomeBeforeTax": 2429000000,
    "incomeBeforeTaxRatio": 0.116120088,
    "incomeTaxExpense": 201000000,
    "netIncome": 2225000000,
    "netIncomeRatio": 0.1063677216,
    "eps": 5.64,
    "epsdiluted": 5.59,
    "weightedAverageShsOut": 395000000,
    "weightedAverageShsOutDil": 398000000,
    "link": "https://www.sec.gov/Archives/edgar/data/97745/000009774518000006/0000097745-18-000006-index.htm",
    "finalLink": "https://www.sec.gov/Archives/edgar/data/97745/000009774518000006/a201710k.htm"
  },
  {
    "date": "2016-12-31",
    "symbol": "TMO",
    "reportedCurrency": "USD",
    "cik": "0000097745",
    "fillingDate": "2017-02-28",
    "acceptedDate": "2017-02-28 15:22:18",
    "calendarYear": "2016",
    "period": "FY",
    "revenue": 18274100000,
    "costOfRevenue": 9692200000,
    "grossProfit": 8581900000,
    "grossProfitRatio": 0.4696209389,
    "researchAndDevelopmentExpenses": 754800000,
    "generalAndAdministrativeExpenses": 0,
    "sellingAndMarketingExpenses": 0,
    "sellingGeneralAndAdministrativeExpenses": 4872000000,
    "otherExpenses": -96200000,
    "operatingExpenses": 5723000000,
    "costAndExpenses": 15415200000,
    "interestIncome": 48400000,
    "interestExpense": 469600000,
    "depreciationAndAmortization": 1758000000,
    "ebitda": 4251500000,
    "ebitdaratio": 0.2326516764,
    "operatingIncome": 2858900000,
    "operatingIncomeRatio": 0.1564454611,
    "totalOtherIncomeExpensesNet": -835000000,
    "incomeBeforeTax": 2023900000,
    "incomeBeforeTaxRatio": 0.1107523763,
    "incomeTaxExpense": -1400000,
    "netIncome": 2021800000,
    "netIncomeRatio": 0.1106374596,
    "eps": 5.12,
    "epsdiluted": 5.09,
    "weightedAverageShsOut": 394800000,
    "weightedAverageShsOutDil": 397400000,
    "link": "https://www.sec.gov/Archives/edgar/data/97745/000009774517000007/0000097745-17-000007-index.htm",
    "finalLink": "https://www.sec.gov/Archives/edgar/data/97745/000009774517000007/tmo201610k.htm"
  },
  {
    "date": "2015-12-31",
    "symbol": "TMO",
    "reportedCurrency": "USD",
    "cik": "0000097745",
    "fillingDate": "2016-02-25",
    "acceptedDate": "2016-02-25 14:24:54",
    "calendarYear": "2015",
    "period": "FY",
    "revenue": 16965400000,
    "costOfRevenue": 9127400000,
    "grossProfit": 7838000000,
    "grossProfitRatio": 0.4619991276,
    "researchAndDevelopmentExpenses": 692300000,
    "generalAndAdministrativeExpenses": 0,
    "sellingAndMarketingExpenses": 0,
    "sellingGeneralAndAdministrativeExpenses": 4565800000,
    "otherExpenses": -85400000,
    "operatingExpenses": 5343500000,
    "costAndExpenses": 14470900000,
    "interestIncome": 30600000,
    "interestExpense": 414900000,
    "depreciationAndAmortization": 1688200000,
    "ebitda": 4039500000,
    "ebitdaratio": 0.2381022552,
    "operatingIncome": 2494500000,
    "operatingIncomeRatio": 0.1470345527,
    "totalOtherIncomeExpensesNet": -558100000,
    "incomeBeforeTax": 1936400000,
    "incomeBeforeTaxRatio": 0.1141381871,
    "incomeTaxExpense": -43900000,
    "netIncome": 1975400000,
    "netIncomeRatio": 0.1164369835,
    "eps": 4.96,
    "epsdiluted": 4.92,
    "weightedAverageShsOut": 398700000,
    "weightedAverageShsOutDil": 401900000,
    "link": "https://www.sec.gov/Archives/edgar/data/97745/000009774516000043/0000097745-16-000043-index.htm",
    "finalLink": "https://www.sec.gov/Archives/edgar/data/97745/000009774516000043/tmo201510k.htm"
  },
  {
    "date": "2014-12-31",
    "symbol": "TMO",
    "reportedCurrency": "USD",
    "cik": "0000097745",
    "fillingDate": "2015-03-05",
    "acceptedDate": "2015-03-05 16:06:34",
    "calendarYear": "2014",
    "period": "FY",
    "revenue": 16889600000,
    "costOfRevenue": 9004100000,
    "grossProfit": 7885500000,
    "grossProfitRatio": 0.4668849469,
    "researchAndDevelopmentExpenses": 691100000,
    "generalAndAdministrativeExpenses": 0,
    "sellingAndMarketingExpenses": 0,
    "sellingGeneralAndAdministrativeExpenses": 4765400000,
    "otherExpenses": -80600000,
    "operatingExpenses": 5537100000,
    "costAndExpenses": 14541200000,
    "interestIncome": 47700000,
    "interestExpense": 479900000,
    "depreciationAndAmortization": 1684800000,
    "ebitda": 4251900000,
    "ebitdaratio": 0.251746637,
    "operatingIncome": 2348400000,
    "operatingIncomeRatio": 0.1390441455,
    "totalOtherIncomeExpensesNet": -261200000,
    "incomeBeforeTax": 2087199999,
    "incomeBeforeTaxRatio": 0.1235790071,
    "incomeTaxExpense": 191700000,
    "netIncome": 1894400000,
    "netIncomeRatio": 0.1121636984,
    "eps": 4.76,
    "epsdiluted": 4.71,
    "weightedAverageShsOut": 398200000,
    "weightedAverageShsOutDil": 402300000,
    "link": "https://www.sec.gov/Archives/edgar/data/97745/000119312515078768/0001193125-15-078768-index.htm",
    "finalLink": "https://www.sec.gov/Archives/edgar/data/97745/000119312515078768/d886654d10ka.htm"
  },
  {
    "date": "2013-12-31",
    "symbol": "TMO",
    "reportedCurrency": "USD",
    "cik": "0000097745",
    "fillingDate": "2014-02-27",
    "acceptedDate": "2014-02-27 15:36:55",
    "calendarYear": "2013",
    "period": "FY",
    "revenue": 13090300000,
    "costOfRevenue": 7464600000,
    "grossProfit": 5625700000,
    "grossProfitRatio": 0.429760968,
    "researchAndDevelopmentExpenses": 395500000,
    "generalAndAdministrativeExpenses": 0,
    "sellingAndMarketingExpenses": 0,
    "sellingGeneralAndAdministrativeExpenses": 3360800000,
    "otherExpenses": -70700000,
    "operatingExpenses": 3827000000,
    "costAndExpenses": 11291600000,
    "interestIncome": 28000000,
    "interestExpense": 262300000,
    "depreciationAndAmortization": 999900000,
    "ebitda": 2581700000,
    "ebitdaratio": 0.1972223708,
    "operatingIncome": 1798700000,
    "operatingIncomeRatio": 0.1374070877,
    "totalOtherIncomeExpensesNet": -479200000,
    "incomeBeforeTax": 1319500000,
    "incomeBeforeTaxRatio": 0.1007998289,
    "incomeTaxExpense": 40400000,
    "netIncome": 1273300000,
    "netIncomeRatio": 0.097270498,
    "eps": 3.53,
    "epsdiluted": 3.48,
    "weightedAverageShsOut": 360300000,
    "weightedAverageShsOutDil": 365800000,
    "link": "https://www.sec.gov/Archives/edgar/data/97745/000009774514000014/0000097745-14-000014-index.htm",
    "finalLink": "https://www.sec.gov/Archives/edgar/data/97745/000009774514000014/tmok2013.htm"
  },
  {
    "date": "2012-12-31",
    "symbol": "TMO",
    "reportedCurrency": "USD",
    "cik": "0000097745",
    "fillingDate": "2013-02-27",
    "acceptedDate": "2013-02-27 15:07:40",
    "calendarYear": "2012",
    "period": "FY",
    "revenue": 12509900000,
    "costOfRevenue": 7095600000,
    "grossProfit": 5414300000,
    "grossProfitRatio": 0.4328012214,
    "researchAndDevelopmentExpenses": 376400000,
    "generalAndAdministrativeExpenses": 0,
    "sellingAndMarketingExpenses": 0,
    "sellingGeneralAndAdministrativeExpenses": 3342400000,
    "otherExpenses": -66200000,
    "operatingExpenses": 3785000000,
    "costAndExpenses": 10880600000,
    "interestIncome": 25200000,
    "interestExpense": 241600000,
    "depreciationAndAmortization": 983700000,
    "ebitda": 2494700000,
    "ebitdaratio": 0.1994180609,
    "operatingIncome": 1629300000,
    "operatingIncomeRatio": 0.1302408492,
    "totalOtherIncomeExpensesNet": -359900000,
    "incomeBeforeTax": 1269400000,
    "incomeBeforeTaxRatio": 0.1014716345,
    "incomeTaxExpense": 11000000,
    "netIncome": 1177900000,
    "netIncomeRatio": 0.0941574273,
    "eps": 3.24,
    "epsdiluted": 3.21,
    "weightedAverageShsOut": 363800000,
    "weightedAverageShsOutDil": 366600000,
    "link": "https://www.sec.gov/Archives/edgar/data/97745/000009774513000007/0000097745-13-000007-index.htm",
    "finalLink": "https://www.sec.gov/Archives/edgar/data/97745/000009774513000007/tmok12.htm"
  },
  {
    "date": "2011-12-31",
    "symbol": "TMO",
    "reportedCurrency": "USD",
    "cik": "0000097745",
    "fillingDate": "2012-02-29",
    "acceptedDate": "2012-02-29 16:27:56",
    "calendarYear": "2011",
    "period": "FY",
    "revenue": 11725900000,
    "costOfRevenue": 6692200000,
    "grossProfit": 4866600000,
    "grossProfitRatio": 0.4150299764,
    "researchAndDevelopmentExpenses": 340200000,
    "generalAndAdministrativeExpenses": 0,
    "sellingAndMarketingExpenses": 0,
    "sellingGeneralAndAdministrativeExpenses": 3045000000,
    "otherExpenses": 0,
    "operatingExpenses": 3385200000,
    "costAndExpenses": 10077400000,
    "interestIncome": 26800000,
    "interestExpense": 191800000,
    "depreciationAndAmortization": 859600000,
    "ebitda": 2184200000,
    "ebitdaratio": 0.1862714163,
    "operatingIncome": 1481400000,
    "operatingIncomeRatio": 0.1263357184,
    "totalOtherIncomeExpensesNet": -348600000,
    "incomeBeforeTax": 1132800000,
    "incomeBeforeTaxRatio": 0.0966066571,
    "incomeTaxExpense": 109400000,
    "netIncome": 1329900000,
    "netIncomeRatio": 0.1134156014,
    "eps": 3.49,
    "epsdiluted": 3.46,
    "weightedAverageShsOut": 380800000,
    "weightedAverageShsOutDil": 384800000,
    "link": "https://www.sec.gov/Archives/edgar/data/97745/000009774512000010/0000097745-12-000010-index.htm",
    "finalLink": "https://www.sec.gov/Archives/edgar/data/97745/000009774512000010/tmok11.htm"
  },
  {
    "date": "2010-12-31",
    "symbol": "TMO",
    "reportedCurrency": "USD",
    "cik": "0000097745",
    "fillingDate": "2011-02-24",
    "acceptedDate": "2011-02-24 16:59:42",
    "calendarYear": "2010",
    "period": "FY",
    "revenue": 10788700000,
    "costOfRevenue": 6118400000,
    "grossProfit": 4274700000,
    "grossProfitRatio": 0.3962201192,
    "researchAndDevelopmentExpenses": 284400000,
    "generalAndAdministrativeExpenses": 0,
    "sellingAndMarketingExpenses": 0,
    "sellingGeneralAndAdministrativeExpenses": 2725800000,
    "otherExpenses": 0,
    "operatingExpenses": 3010200000,
    "costAndExpenses": 9128600000,
    "interestIncome": 12400000,
    "interestExpense": 84700000,
    "depreciationAndAmortization": 739700000,
    "ebitda": 1912100000,
    "ebitdaratio": 0.1772317332,
    "operatingIncome": 1264500000,
    "operatingIncomeRatio": 0.1172059655,
    "totalOtherIncomeExpensesNet": -176800000,
    "incomeBeforeTax": 1087700000,
    "incomeBeforeTaxRatio": 0.1008184489,
    "incomeTaxExpense": 101600000,
    "netIncome": 1035600000,
    "netIncomeRatio": 0.0959893222,
    "eps": 2.57,
    "epsdiluted": 2.53,
    "weightedAverageShsOut": 403300000,
    "weightedAverageShsOutDil": 409400000,
    "link": "https://www.sec.gov/Archives/edgar/data/97745/000009774511000013/0000097745-11-000013-index.htm",
    "finalLink": "https://www.sec.gov/Archives/edgar/data/97745/000009774511000013/tmok2010.htm"
  },
  {
    "date": "2009-12-31",
    "symbol": "TMO",
    "reportedCurrency": "USD",
    "cik": "0000097745",
    "fillingDate": "2010-02-26",
    "acceptedDate": "2010-02-26 15:15:58",
    "calendarYear": "2009",
    "period": "FY",
    "revenue": 10109700000,
    "costOfRevenue": 6039400000,
    "grossProfit": 4070300000,
    "grossProfitRatio": 0.4026133318,
    "researchAndDevelopmentExpenses": 246100000,
    "generalAndAdministrativeExpenses": 0,
    "sellingAndMarketingExpenses": 0,
    "sellingGeneralAndAdministrativeExpenses": 2667400000,
    "otherExpenses": -38900000,
    "operatingExpenses": 2952400000,
    "costAndExpenses": 8991800000,
    "interestIncome": 16100000,
    "interestExpense": 118100000,
    "depreciationAndAmortization": 787300000,
    "ebitda": 1832500000,
    "ebitdaratio": 0.1812615607,
    "operatingIncome": 1117900000,
    "operatingIncomeRatio": 0.1105769706,
    "totalOtherIncomeExpensesNet": -190800000,
    "incomeBeforeTax": 927100000,
    "incomeBeforeTaxRatio": 0.091704007,
    "incomeTaxExpense": 75800000,
    "netIncome": 850300000,
    "netIncomeRatio": 0.0841073425,
    "eps": 2.06,
    "epsdiluted": 2.01,
    "weightedAverageShsOut": 412400000,
    "weightedAverageShsOutDil": 423034826,
    "link": "https://www.sec.gov/Archives/edgar/data/97745/000009774510000008/0000097745-10-000008-index.htm",
    "finalLink": "https://www.sec.gov/Archives/edgar/data/97745/000009774510000008/tmok2009.htm"
  },
  {
    "date": "2008-12-31",
    "symbol": "TMO",
    "reportedCurrency": "USD",
    "cik": "0000097745",
    "fillingDate": "2009-02-27",
    "acceptedDate": "2009-02-27 13:23:17",
    "calendarYear": "2008",
    "period": "FY",
    "revenue": 10498000000,
    "costOfRevenue": 6255600000,
    "grossProfit": 4242399999,
    "grossProfitRatio": 0.4041150694,
    "researchAndDevelopmentExpenses": 249100000,
    "generalAndAdministrativeExpenses": 0,
    "sellingAndMarketingExpenses": 0,
    "sellingGeneralAndAdministrativeExpenses": 2692300000,
    "otherExpenses": -34700000,
    "operatingExpenses": 2976100000,
    "costAndExpenses": 9231700000,
    "interestIncome": 51700000,
    "interestExpense": 129900000,
    "depreciationAndAmortization": 792700000,
    "ebitda": 2072200000,
    "ebitdaratio": 0.197389979,
    "operatingIncome": 1266300000,
    "operatingIncomeRatio": 0.1206229758,
    "totalOtherIncomeExpensesNet": -116700000,
    "incomeBeforeTax": 1149600000,
    "incomeBeforeTaxRatio": 0.1095065727,
    "incomeTaxExpense": 160900000,
    "netIncome": 994200000,
    "netIncomeRatio": 0.0947037531,
    "eps": 2.34,
    "epsdiluted": 2.25,
    "weightedAverageShsOut": 418200000,
    "weightedAverageShsOutDil": 434700000,
    "link": "https://www.sec.gov/Archives/edgar/data/97745/000009774509000011/0000097745-09-000011-index.htm",
    "finalLink": "https://www.sec.gov/Archives/edgar/data/97745/000009774509000011/tmok08.htm"
  },
  {
    "date": "2007-12-31",
    "symbol": "TMO",
    "reportedCurrency": "USD",
    "cik": "0000097745",
    "fillingDate": "2008-02-29",
    "acceptedDate": "2008-02-29 12:58:50",
    "calendarYear": "2007",
    "period": "FY",
    "revenue": 9746400000,
    "costOfRevenue": 5852300000,
    "grossProfit": 3894100000,
    "grossProfitRatio": 0.3995423951,
    "researchAndDevelopmentExpenses": 238700000,
    "generalAndAdministrativeExpenses": 0,
    "sellingAndMarketingExpenses": 0,
    "sellingGeneralAndAdministrativeExpenses": 2549100000,
    "otherExpenses": -40500000,
    "operatingExpenses": 2828300000,
    "costAndExpenses": 8680600000,
    "interestIncome": 46500000,
    "interestExpense": 139800000,
    "depreciationAndAmortization": 756800000,
    "ebitda": 1777900000,
    "ebitdaratio": 0.1824160716,
    "operatingIncome": 1065800000,
    "operatingIncomeRatio": 0.1093531971,
    "totalOtherIncomeExpensesNet": -184500000,
    "incomeBeforeTax": 881300000,
    "incomeBeforeTaxRatio": 0.0904231306,
    "incomeTaxExpense": 101700000,
    "netIncome": 761100000,
    "netIncomeRatio": 0.0780903718,
    "eps": 1.81,
    "epsdiluted": 1.72,
    "weightedAverageShsOut": 421500000,
    "weightedAverageShsOutDil": 443700000,
    "link": "https://www.sec.gov/Archives/edgar/data/97745/000009774508000043/0000097745-08-000043-index.htm",
    "finalLink": "https://www.sec.gov/Archives/edgar/data/97745/000009774508000043/tmok2007.htm"
  },
  {
    "date": "2006-12-31",
    "symbol": "TMO",
    "reportedCurrency": "USD",
    "cik": "0000097745",
    "fillingDate": "2007-03-01",
    "acceptedDate": "2007-03-01 16:41:57",
    "calendarYear": "2006",
    "period": "FY",
    "revenue": 3791617000,
    "costOfRevenue": 2104670000,
    "grossProfit": 1686947000,
    "grossProfitRatio": 0.4449149268,
    "researchAndDevelopmentExpenses": 170184000,
    "generalAndAdministrativeExpenses": 0,
    "sellingAndMarketingExpenses": 0,
    "sellingGeneralAndAdministrativeExpenses": 1110205000,
    "otherExpenses": -41262000,
    "operatingExpenses": 1321651000,
    "costAndExpenses": 3426321000,
    "interestIncome": 16419000,
    "interestExpense": 51930000,
    "depreciationAndAmortization": 240773000,
    "ebitda": 502073000,
    "ebitdaratio": 0.1324165917,
    "operatingIncome": 365296000,
    "operatingIncomeRatio": 0.0963430642,
    "totalOtherIncomeExpensesNet": -155926000,
    "incomeBeforeTax": 209370000,
    "incomeBeforeTaxRatio": 0.0552191848,
    "incomeTaxExpense": 43054000,
    "netIncome": 168935000,
    "netIncomeRatio": 0.0445548693,
    "eps": 0.86,
    "epsdiluted": 0.84,
    "weightedAverageShsOut": 196100000,
    "weightedAverageShsOutDil": 203700000,
    "link": "https://www.sec.gov/Archives/edgar/data/97745/000009774507000053/0000097745-07-000053-index.htm",
    "finalLink": "https://www.sec.gov/Archives/edgar/data/97745/000009774507000053/tmok2006.htm"
  },
  {
    "date": "2005-12-31",
    "symbol": "TMO",
    "reportedCurrency": "USD",
    "cik": "0000097745",
    "fillingDate": "2006-03-02",
    "acceptedDate": "2006-03-02 14:07:12",
    "calendarYear": "2005",
    "period": "FY",
    "revenue": 2633027000,
    "costOfRevenue": 1395570000,
    "grossProfit": 1237457000,
    "grossProfitRatio": 0.4699750515,
    "researchAndDevelopmentExpenses": 152775000,
    "generalAndAdministrativeExpenses": 0,
    "sellingAndMarketingExpenses": 0,
    "sellingGeneralAndAdministrativeExpenses": 761786000,
    "otherExpenses": -29122000,
    "operatingExpenses": 943683000,
    "costAndExpenses": 2339253000,
    "interestIncome": 11569000,
    "interestExpense": 26715000,
    "depreciationAndAmortization": 123272000,
    "ebitda": 435885000,
    "ebitdaratio": 0.1655452071,
    "operatingIncome": 293774000,
    "operatingIncomeRatio": 0.111572726,
    "totalOtherIncomeExpensesNet": -7876000,
    "incomeBeforeTax": 285898000,
    "incomeBeforeTaxRatio": 0.1085814919,
    "incomeTaxExpense": 87597000,
    "netIncome": 223218000,
    "netIncomeRatio": 0.0847761911,
    "eps": 1.38,
    "epsdiluted": 1.36,
    "weightedAverageShsOut": 161587000,
    "weightedAverageShsOutDil": 165334000,
    "link": "https://www.sec.gov/Archives/edgar/data/97745/000009774506000048/0000097745-06-000048-index.htm",
    "finalLink": "https://www.sec.gov/Archives/edgar/data/97745/000009774506000048/tmok2005.htm"
  },
  {
    "date": "2004-12-31",
    "symbol": "TMO",
    "reportedCurrency": "USD",
    "cik": "0000097745",
    "fillingDate": "2005-03-16",
    "acceptedDate": "2005-03-16 14:41:02",
    "calendarYear": "2004",
    "period": "FY",
    "revenue": 2205995000,
    "costOfRevenue": 1190416000,
    "grossProfit": 1015579000,
    "grossProfitRatio": 0.4603723037,
    "researchAndDevelopmentExpenses": 134680000,
    "generalAndAdministrativeExpenses": 0,
    "sellingAndMarketingExpenses": 0,
    "sellingGeneralAndAdministrativeExpenses": 626458000,
    "otherExpenses": 0,
    "operatingExpenses": 761138000,
    "costAndExpenses": 1951554000,
    "interestIncome": 9021000,
    "interestExpense": 10979000,
    "depreciationAndAmortization": 66141000,
    "ebitda": 336339000,
    "ebitdaratio": 0.1524658941,
    "operatingIncome": 254441000,
    "operatingIncomeRatio": 0.1153406966,
    "totalOtherIncomeExpensesNet": 4778000,
    "incomeBeforeTax": 259219000,
    "incomeBeforeTaxRatio": 0.1175066127,
    "incomeTaxExpense": 40852000,
    "netIncome": 361837000,
    "netIncomeRatio": 0.1640243972,
    "eps": 2.22,
    "epsdiluted": 2.17,
    "weightedAverageShsOut": 163133000,
    "weightedAverageShsOutDil": 167641000,
    "link": "https://www.sec.gov/Archives/edgar/data/97745/000009774505000045/0000097745-05-000045-index.htm",
    "finalLink": "https://www.sec.gov/Archives/edgar/data/97745/000009774505000045/tmok04.txt"
  },
  {
    "date": "2003-12-31",
    "symbol": "TMO",
    "reportedCurrency": "USD",
    "cik": "0000097745",
    "fillingDate": "2004-03-02",
    "acceptedDate": "2004-03-02 17:06:33",
    "calendarYear": "2003",
    "period": "FY",
    "revenue": 2097135000,
    "costOfRevenue": 1149120000,
    "grossProfit": 948015000,
    "grossProfitRatio": 0.452052443,
    "researchAndDevelopmentExpenses": 146394000,
    "generalAndAdministrativeExpenses": 0,
    "sellingAndMarketingExpenses": 0,
    "sellingGeneralAndAdministrativeExpenses": 568138000,
    "otherExpenses": 0,
    "operatingExpenses": 714532000,
    "costAndExpenses": 1863652000,
    "interestIncome": 0,
    "interestExpense": 0,
    "depreciationAndAmortization": 58548000,
    "ebitda": 279300000,
    "ebitdaratio": 0.1331816979,
    "operatingIncome": 184774000,
    "operatingIncomeRatio": 0.0881078233,
    "totalOtherIncomeExpensesNet": 35247000,
    "incomeBeforeTax": 218633000,
    "incomeBeforeTaxRatio": 0.1042531835,
    "incomeTaxExpense": 45936000,
    "netIncome": 200009000,
    "netIncomeRatio": 0.0953724963,
    "eps": 1.23,
    "epsdiluted": 1.2,
    "weightedAverageShsOut": 162713000,
    "weightedAverageShsOutDil": 170730000,
    "link": "https://www.sec.gov/Archives/edgar/data/97745/000009774504000036/0000097745-04-000036-index.htm",
    "finalLink": "https://www.sec.gov/Archives/edgar/data/97745/000009774504000036/tmok03.txt"
  },
  {
    "date": "2002-12-28",
    "symbol": "TMO",
    "reportedCurrency": "USD",
    "cik": "0000097745",
    "fillingDate": "2003-03-07",
    "acceptedDate": "2003-03-07 17:10:59",
    "calendarYear": "2002",
    "period": "FY",
    "revenue": 2086355000,
    "costOfRevenue": 1158979000,
    "grossProfit": 927376000,
    "grossProfitRatio": 0.4444957833,
    "researchAndDevelopmentExpenses": 155121000,
    "generalAndAdministrativeExpenses": 0,
    "sellingAndMarketingExpenses": 0,
    "sellingGeneralAndAdministrativeExpenses": 564656000,
    "otherExpenses": 0,
    "operatingExpenses": 719777000,
    "costAndExpenses": 1878756000,
    "interestIncome": 0,
    "interestExpense": 0,
    "depreciationAndAmortization": 56376000,
    "ebitda": 193079000,
    "ebitdaratio": 0.0925436946,
    "operatingIncome": 155453000,
    "operatingIncomeRatio": 0.0745093716,
    "totalOtherIncomeExpensesNet": 131500000,
    "incomeBeforeTax": 287986000,
    "incomeBeforeTaxRatio": 0.1380330768,
    "incomeTaxExpense": 92987000,
    "netIncome": 309730000,
    "netIncomeRatio": 0.1484550808,
    "eps": 1.84,
    "epsdiluted": 1.73,
    "weightedAverageShsOut": 168331522,
    "weightedAverageShsOutDil": 179034682,
    "link": "https://www.sec.gov/Archives/edgar/data/97745/000009774503000034/0000097745-03-000034-index.htm",
    "finalLink": "https://www.sec.gov/Archives/edgar/data/97745/000009774503000034/tmok02.txt"
  },
  {
    "date": "2001-12-29",
    "symbol": "TMO",
    "reportedCurrency": "USD",
    "cik": "0000097745",
    "fillingDate": "2002-03-15",
    "acceptedDate": "2002-03-15 00:00:00",
    "calendarYear": "2001",
    "period": "FY",
    "revenue": 2188210000,
    "costOfRevenue": 1229588000,
    "grossProfit": 958622000,
    "grossProfitRatio": 0.4380850101,
    "researchAndDevelopmentExpenses": 171614000,
    "generalAndAdministrativeExpenses": 0,
    "sellingAndMarketingExpenses": 0,
    "sellingGeneralAndAdministrativeExpenses": 620104000,
    "otherExpenses": 0,
    "operatingExpenses": 791718000,
    "costAndExpenses": 2021306000,
    "interestIncome": 0,
    "interestExpense": 0,
    "depreciationAndAmortization": 98521000,
    "ebitda": 265425000,
    "ebitdaratio": 0.1212977731,
    "operatingIncome": 34202000,
    "operatingIncomeRatio": 0.0156301269,
    "totalOtherIncomeExpensesNet": 42319000,
    "incomeBeforeTax": 76521000,
    "incomeBeforeTaxRatio": 0.0349696784,
    "incomeTaxExpense": 26929000,
    "netIncome": -781000,
    "netIncomeRatio": -0.0003569127,
    "eps": -0.0043,
    "epsdiluted": -0.0042,
    "weightedAverageShsOut": 181588000,
    "weightedAverageShsOutDil": 185019000,
    "link": "https://www.sec.gov/Archives/edgar/data/97745/000009774502000016/0000097745-02-000016-index.htm",
    "finalLink": "https://www.sec.gov/Archives/edgar/data/97745/000009774502000016/tmok01.txt"
  },
  {
    "date": "2000-12-30",
    "symbol": "TMO",
    "reportedCurrency": "USD",
    "cik": "0000097745",
    "fillingDate": "2001-03-21",
    "acceptedDate": "2001-03-21 00:00:00",
    "calendarYear": "2000",
    "period": "FY",
    "revenue": 2280522000,
    "costOfRevenue": 1258686000,
    "grossProfit": 1021836000,
    "grossProfitRatio": 0.4480710995,
    "researchAndDevelopmentExpenses": 176756000,
    "generalAndAdministrativeExpenses": 0,
    "sellingAndMarketingExpenses": 0,
    "sellingGeneralAndAdministrativeExpenses": 646920000,
    "otherExpenses": 0,
    "operatingExpenses": 823676000,
    "costAndExpenses": 2082362000,
    "interestIncome": 0,
    "interestExpense": 0,
    "depreciationAndAmortization": 97486000,
    "ebitda": 295646000,
    "ebitdaratio": 0.1296396176,
    "operatingIncome": 198160000,
    "operatingIncomeRatio": 0.0868923869,
    "totalOtherIncomeExpensesNet": -23896000,
    "incomeBeforeTax": 174264000,
    "incomeBeforeTaxRatio": 0.0764140841,
    "incomeTaxExpense": 112217000,
    "netIncome": -36111000,
    "netIncomeRatio": -0.0158345326,
    "eps": -0.22,
    "epsdiluted": -0.22,
    "weightedAverageShsOut": 164140909,
    "weightedAverageShsOutDil": 164140909,
    "link": "https://www.sec.gov/Archives/edgar/data/97745/000009774501000012/0000097745-01-000012-index.htm",
    "finalLink": "https://www.sec.gov/Archives/edgar/data/97745/000009774501000012/0000097745-01-000012-0001.txt"
  },
  {
    "date": "2000-01-01",
    "symbol": "TMO",
    "reportedCurrency": "USD",
    "cik": "0000097745",
    "fillingDate": "2000-03-22",
    "acceptedDate": "2000-03-22 00:00:00",
    "calendarYear": "1999",
    "period": "FY",
    "revenue": 2471200000,
    "costOfRevenue": 1264900000,
    "grossProfit": 1206300000,
    "grossProfitRatio": 0.4881434121,
    "researchAndDevelopmentExpenses": 171100000,
    "generalAndAdministrativeExpenses": 0,
    "sellingAndMarketingExpenses": 0,
    "sellingGeneralAndAdministrativeExpenses": 673000000,
    "otherExpenses": 113600000,
    "operatingExpenses": 957700000,
    "costAndExpenses": 2222600000,
    "interestIncome": 0,
    "interestExpense": 0,
    "depreciationAndAmortization": 113600000,
    "ebitda": 362200000,
    "ebitdaratio": 0.1465684688,
    "operatingIncome": 248600000,
    "operatingIncomeRatio": 0.1005988993,
    "totalOtherIncomeExpensesNet": -230100000,
    "incomeBeforeTax": 18500000,
    "incomeBeforeTaxRatio": 0.0074862415,
    "incomeTaxExpense": 33100000,
    "netIncome": -174600000,
    "netIncomeRatio": -0.0706539333,
    "eps": -1.11,
    "epsdiluted": -1.1,
    "weightedAverageShsOut": 157987000,
    "weightedAverageShsOutDil": 158223000,
    "link": "https://www.sec.gov/Archives/edgar/data/97745/000009774500000027/0000097745-00-000027-index.html",
    "finalLink": "https://www.sec.gov/Archives/edgar/data/97745/000009774500000027/"
  },
  {
    "date": "1999-01-02",
    "symbol": "TMO",
    "reportedCurrency": "USD",
    "cik": "0000097745",
    "fillingDate": "1999-03-23",
    "acceptedDate": "1999-03-23 00:00:00",
    "calendarYear": "1998",
    "period": "FY",
    "revenue": 3867600000,
    "costOfRevenue": 2024600000,
    "grossProfit": 1843000000,
    "grossProfitRatio": 0.4765229083,
    "researchAndDevelopmentExpenses": 367300000,
    "generalAndAdministrativeExpenses": 0,
    "sellingAndMarketingExpenses": 0,
    "sellingGeneralAndAdministrativeExpenses": 937600000,
    "otherExpenses": 162300000,
    "operatingExpenses": 1467200000,
    "costAndExpenses": 3491800000,
    "interestIncome": 0,
    "interestExpense": 0,
    "depreciationAndAmortization": 162300000,
    "ebitda": 353400000,
    "ebitdaratio": 0.0913744958,
    "operatingIncome": 375800000,
    "operatingIncomeRatio": 0.0971662013,
    "totalOtherIncomeExpensesNet": -28300000,
    "incomeBeforeTax": 347500000,
    "incomeBeforeTaxRatio": 0.089849002,
    "incomeTaxExpense": 170700000,
    "netIncome": 181900000,
    "netIncomeRatio": 0.047031751,
    "eps": 1.12,
    "epsdiluted": 1.08,
    "weightedAverageShsOut": 162410714,
    "weightedAverageShsOutDil": 168425926,
    "link": "https://www.sec.gov/Archives/edgar/data/97745/000009774599000017/0000097745-99-000017-index.html",
    "finalLink": "https://www.sec.gov/Archives/edgar/data/97745/"
  },
  {
    "date": "1998-01-03",
    "symbol": "TMO",
    "reportedCurrency": "USD",
    "cik": "0000097745",
    "fillingDate": "1998-03-12",
    "acceptedDate": "1998-03-12 00:00:00",
    "calendarYear": "1997",
    "period": "FY",
    "revenue": 3558300000,
    "costOfRevenue": 1837600000,
    "grossProfit": 1720700000,
    "grossProfitRatio": 0.4835736166,
    "researchAndDevelopmentExpenses": 337300000,
    "generalAndAdministrativeExpenses": 0,
    "sellingAndMarketingExpenses": 0,
    "sellingGeneralAndAdministrativeExpenses": 840700000,
    "otherExpenses": 135700000,
    "operatingExpenses": 1313700000,
    "costAndExpenses": 3151300000,
    "interestIncome": 0,
    "interestExpense": 0,
    "depreciationAndAmortization": 135700000,
    "ebitda": 371600000,
    "ebitdaratio": 0.1044318916,
    "operatingIncome": 407000000,
    "operatingIncomeRatio": 0.1143804626,
    "totalOtherIncomeExpensesNet": -100300000,
    "incomeBeforeTax": 414000000,
    "incomeBeforeTaxRatio": 0.1163476941,
    "incomeTaxExpense": 174700000,
    "netIncome": 239300000,
    "netIncomeRatio": 0.0672512155,
    "eps": 1.57,
    "epsdiluted": 1.41,
    "weightedAverageShsOut": 152484076,
    "weightedAverageShsOutDil": 169787234,
    "link": "https://www.sec.gov/Archives/edgar/data/97745/000009774598000005/0000097745-98-000005-index.html",
    "finalLink": "https://www.sec.gov/Archives/edgar/data/97745/"
  },
  {
    "date": "1996-12-28",
    "symbol": "TMO",
    "reportedCurrency": "USD",
    "cik": "0000097745",
    "fillingDate": "1997-03-20",
    "acceptedDate": "1997-03-20 00:00:00",
    "calendarYear": "1996",
    "period": "FY",
    "revenue": 2932600000,
    "costOfRevenue": 1542500000,
    "grossProfit": 1390100000,
    "grossProfitRatio": 0.4740162313,
    "researchAndDevelopmentExpenses": 0,
    "generalAndAdministrativeExpenses": 0,
    "sellingAndMarketingExpenses": 0,
    "sellingGeneralAndAdministrativeExpenses": 990700000,
    "otherExpenses": 115200000,
    "operatingExpenses": 1105900000,
    "costAndExpenses": 2648400000,
    "interestIncome": 0,
    "interestExpense": 0,
    "depreciationAndAmortization": 115200000,
    "ebitda": 399400000,
    "ebitdaratio": 0.1361931392,
    "operatingIncome": 284200000,
    "operatingIncomeRatio": 0.0969105913,
    "totalOtherIncomeExpensesNet": 17400000,
    "incomeBeforeTax": 301600000,
    "incomeBeforeTaxRatio": 0.1028438928,
    "incomeTaxExpense": 110800000,
    "netIncome": 190800000,
    "netIncomeRatio": 0.06506172,
    "eps": 1.35,
    "epsdiluted": 1.22,
    "weightedAverageShsOut": 141525000,
    "weightedAverageShsOutDil": 175700000,
    "link": "https://www.sec.gov/Archives/edgar/data/97745/000009774597000026/0000097745-97-000026-index.html",
    "finalLink": "https://www.sec.gov/Archives/edgar/data/97745/"
  },
  {
    "date": "1995-12-30",
    "symbol": "TMO",
    "reportedCurrency": "USD",
    "cik": "0000097745",
    "fillingDate": "1996-03-13",
    "acceptedDate": "1996-03-13 00:00:00",
    "calendarYear": "1995",
    "period": "FY",
    "revenue": 2207400000,
    "costOfRevenue": 1124700000,
    "grossProfit": 1082700000,
    "grossProfitRatio": 0.4904865453,
    "researchAndDevelopmentExpenses": 269600000,
    "generalAndAdministrativeExpenses": 0,
    "sellingAndMarketingExpenses": 0,
    "sellingGeneralAndAdministrativeExpenses": 480800000,
    "otherExpenses": 85000000,
    "operatingExpenses": 835400000,
    "costAndExpenses": 1960100000,
    "interestIncome": 0,
    "interestExpense": 0,
    "depreciationAndAmortization": 85000000,
    "ebitda": 332300000,
    "ebitdaratio": 0.1505390958,
    "operatingIncome": 247300000,
    "operatingIncomeRatio": 0.1120322551,
    "totalOtherIncomeExpensesNet": -8300000,
    "incomeBeforeTax": 239000000,
    "incomeBeforeTaxRatio": 0.1082721754,
    "incomeTaxExpense": 98900000,
    "netIncome": 140100000,
    "netIncomeRatio": 0.0634683338,
    "eps": 1.11,
    "epsdiluted": 0.99,
    "weightedAverageShsOut": 125484000,
    "weightedAverageShsOutDil": 158103000,
    "link": "https://www.sec.gov/Archives/edgar/data/97745/000009774596000026/0000097745-96-000026-index.html",
    "finalLink": "https://www.sec.gov/Archives/edgar/data/97745/"
  },
  {
    "date": "1994-12-31",
    "symbol": "TMO",
    "reportedCurrency": "USD",
    "cik": "0000097745",
    "fillingDate": "1995-04-21",
    "acceptedDate": "1995-04-21 00:00:00",
    "calendarYear": "1994",
    "period": "FY",
    "revenue": 1585300000,
    "costOfRevenue": 866300000,
    "grossProfit": 719000000,
    "grossProfitRatio": 0.4535419164,
    "researchAndDevelopmentExpenses": 103700000,
    "generalAndAdministrativeExpenses": 0,
    "sellingAndMarketingExpenses": 0,
    "sellingGeneralAndAdministrativeExpenses": 373200000,
    "otherExpenses": 62300000,
    "operatingExpenses": 539200000,
    "costAndExpenses": 1405500000,
    "interestIncome": 0,
    "interestExpense": 0,
    "depreciationAndAmortization": 62300000,
    "ebitda": 242100000,
    "ebitdaratio": 0.1527155743,
    "operatingIncome": 179800000,
    "operatingIncomeRatio": 0.1134170189,
    "totalOtherIncomeExpensesNet": -7200000,
    "incomeBeforeTax": 172600000,
    "incomeBeforeTaxRatio": 0.1088752917,
    "incomeTaxExpense": 69200000,
    "netIncome": 103400000,
    "netIncomeRatio": 0.0652242478,
    "eps": 0.93,
    "epsdiluted": 0.82,
    "weightedAverageShsOut": 110801250,
    "weightedAverageShsOutDil": 145530000,
    "link": "https://www.sec.gov/Archives/edgar/data/97745/000009774595000032/0000097745-95-000032-index.html",
    "finalLink": "https://www.sec.gov/Archives/edgar/data/97745/"
  },
  {
    "date": "1994-01-01",
    "symbol": "TMO",
    "reportedCurrency": "USD",
    "cik": "0000097745",
    "fillingDate": "1994-03-09",
    "acceptedDate": "1994-03-09 00:00:00",
    "calendarYear": "1993",
    "period": "FY",
    "revenue": 1249700000,
    "costOfRevenue": 713100000,
    "grossProfit": 536600000,
    "grossProfitRatio": 0.4293830519,
    "researchAndDevelopmentExpenses": 0,
    "generalAndAdministrativeExpenses": 0,
    "sellingAndMarketingExpenses": 0,
    "sellingGeneralAndAdministrativeExpenses": 370600000,
    "otherExpenses": 42400000,
    "operatingExpenses": 413000000,
    "costAndExpenses": 1126100000,
    "interestIncome": 0,
    "interestExpense": 0,
    "depreciationAndAmortization": 42400000,
    "ebitda": 166000000,
    "ebitdaratio": 0.1328318797,
    "operatingIncome": 123600000,
    "operatingIncomeRatio": 0.0989037369,
    "totalOtherIncomeExpensesNet": -13600000,
    "incomeBeforeTax": 110000000,
    "incomeBeforeTaxRatio": 0.0880211251,
    "incomeTaxExpense": 33400000,
    "netIncome": 76600000,
    "netIncomeRatio": 0.0612947107,
    "eps": 0.33,
    "epsdiluted": 0.29,
    "weightedAverageShsOut": 107711000,
    "weightedAverageShsOutDil": 107711000,
    "link": "https://www.sec.gov/Archives/edgar/data/97745/000009774594000033/0000097745-94-000033-index.html",
    "finalLink": "https://www.sec.gov/Archives/edgar/data/97745/"
  },
  {
    "date": "1992-12-31",
    "symbol": "TMO",
    "reportedCurrency": "USD",
    "cik": "0000097745",
    "fillingDate": "1992-12-31",
    "acceptedDate": "1992-12-31 00:00:00",
    "calendarYear": "1992",
    "period": "FY",
    "revenue": 949000000,
    "costOfRevenue": 579800000,
    "grossProfit": 369200000,
    "grossProfitRatio": 0.3890410959,
    "researchAndDevelopmentExpenses": 0,
    "generalAndAdministrativeExpenses": 0,
    "sellingAndMarketingExpenses": 0,
    "sellingGeneralAndAdministrativeExpenses": 271700000,
    "otherExpenses": 29200000,
    "operatingExpenses": 300900000,
    "costAndExpenses": 880700000,
    "interestIncome": 0,
    "interestExpense": 0,
    "depreciationAndAmortization": 29200000,
    "ebitda": 97500000,
    "ebitdaratio": 0.102739726,
    "operatingIncome": 68300000,
    "operatingIncomeRatio": 0.0719704953,
    "totalOtherIncomeExpensesNet": 19800000,
    "incomeBeforeTax": 88100000,
    "incomeBeforeTaxRatio": 0.0928345627,
    "incomeTaxExpense": 27500000,
    "netIncome": 59200000,
    "netIncomeRatio": 0.0623814542,
    "eps": 0.18,
    "epsdiluted": 0.17,
    "weightedAverageShsOut": 91036000,
    "weightedAverageShsOutDil": 91036000,
    "link": null,
    "finalLink": null
  },
  {
    "date": "1991-12-31",
    "symbol": "TMO",
    "reportedCurrency": "USD",
    "cik": "0000097745",
    "fillingDate": "1991-12-31",
    "acceptedDate": "1991-12-31 00:00:00",
    "calendarYear": "1991",
    "period": "FY",
    "revenue": 805500000,
    "costOfRevenue": 510200000,
    "grossProfit": 295300000,
    "grossProfitRatio": 0.3666045934,
    "researchAndDevelopmentExpenses": 0,
    "generalAndAdministrativeExpenses": 0,
    "sellingAndMarketingExpenses": 0,
    "sellingGeneralAndAdministrativeExpenses": 233600000,
    "otherExpenses": 23400000,
    "operatingExpenses": 257000000,
    "costAndExpenses": 767200000,
    "interestIncome": 0,
    "interestExpense": 0,
    "depreciationAndAmortization": 23400000,
    "ebitda": 61700000,
    "ebitdaratio": 0.0765983861,
    "operatingIncome": 38300000,
    "operatingIncomeRatio": 0.0475481068,
    "totalOtherIncomeExpensesNet": 33700000,
    "incomeBeforeTax": 72000000,
    "incomeBeforeTaxRatio": 0.0893854749,
    "incomeTaxExpense": 24900000,
    "netIncome": 47100000,
    "netIncomeRatio": 0.0584729981,
    "eps": 0.17,
    "epsdiluted": 0.16,
    "weightedAverageShsOut": 87055000,
    "weightedAverageShsOutDil": 87055000,
    "link": null,
    "finalLink": null
  },
  {
    "date": "1990-12-31",
    "symbol": "TMO",
    "reportedCurrency": "USD",
    "cik": "0000097745",
    "fillingDate": "1990-12-31",
    "acceptedDate": "1990-12-31 00:00:00",
    "calendarYear": "1990",
    "period": "FY",
    "revenue": 708000000,
    "costOfRevenue": 443000000,
    "grossProfit": 265000000,
    "grossProfitRatio": 0.3742937853,
    "researchAndDevelopmentExpenses": 0,
    "generalAndAdministrativeExpenses": 0,
    "sellingAndMarketingExpenses": 0,
    "sellingGeneralAndAdministrativeExpenses": 210600000,
    "otherExpenses": 18800000,
    "operatingExpenses": 229400000,
    "costAndExpenses": 672400000,
    "interestIncome": 0,
    "interestExpense": 0,
    "depreciationAndAmortization": 18800000,
    "ebitda": 54400000,
    "ebitdaratio": 0.0768361582,
    "operatingIncome": 35600000,
    "operatingIncomeRatio": 0.0502824859,
    "totalOtherIncomeExpensesNet": 15400000,
    "incomeBeforeTax": 51000000,
    "incomeBeforeTaxRatio": 0.0720338983,
    "incomeTaxExpense": 17100000,
    "netIncome": 33900000,
    "netIncomeRatio": 0.0478813559,
    "eps": 0.14,
    "epsdiluted": 0.13,
    "weightedAverageShsOut": 70604000,
    "weightedAverageShsOutDil": 70604000,
    "link": null,
    "finalLink": null
  },
  {
    "date": "1989-12-31",
    "symbol": "TMO",
    "reportedCurrency": "USD",
    "cik": "0000097745",
    "fillingDate": "1989-12-31",
    "acceptedDate": "1989-12-31 00:00:00",
    "calendarYear": "1989",
    "period": "FY",
    "revenue": 579000000,
    "costOfRevenue": 384100000,
    "grossProfit": 194900000,
    "grossProfitRatio": 0.3366148532,
    "researchAndDevelopmentExpenses": 0,
    "generalAndAdministrativeExpenses": 0,
    "sellingAndMarketingExpenses": 0,
    "sellingGeneralAndAdministrativeExpenses": 164400000,
    "otherExpenses": 12700000,
    "operatingExpenses": 177100000,
    "costAndExpenses": 561200000,
    "interestIncome": 0,
    "interestExpense": 0,
    "depreciationAndAmortization": 12700000,
    "ebitda": 30500000,
    "ebitdaratio": 0.0526770294,
    "operatingIncome": 17800000,
    "operatingIncomeRatio": 0.0307426598,
    "totalOtherIncomeExpensesNet": 16400000,
    "incomeBeforeTax": 34200000,
    "incomeBeforeTaxRatio": 0.0590673575,
    "incomeTaxExpense": 9600000,
    "netIncome": 24600000,
    "netIncomeRatio": 0.0424870466,
    "eps": 0.11,
    "epsdiluted": 0.1,
    "weightedAverageShsOut": 61063000,
    "weightedAverageShsOutDil": 61063000,
    "link": null,
    "finalLink": null
  },
  {
    "date": "1988-12-31",
    "symbol": "TMO",
    "reportedCurrency": "USD",
    "cik": "0000097745",
    "fillingDate": "1988-12-31",
    "acceptedDate": "1988-12-30 19:00:00",
    "calendarYear": "1988",
    "period": "FY",
    "revenue": 500600000,
    "costOfRevenue": 325700000,
    "grossProfit": 174900000,
    "grossProfitRatio": 0.3493807431,
    "researchAndDevelopmentExpenses": 0,
    "generalAndAdministrativeExpenses": 0,
    "sellingAndMarketingExpenses": 0,
    "sellingGeneralAndAdministrativeExpenses": 144600000,
    "otherExpenses": 11100000,
    "operatingExpenses": 155700000,
    "costAndExpenses": 481400000,
    "interestIncome": 0,
    "interestExpense": 0,
    "depreciationAndAmortization": 11100000,
    "ebitda": 30300000,
    "ebitdaratio": 0.0605273672,
    "operatingIncome": 19200000,
    "operatingIncomeRatio": 0.0383539752,
    "totalOtherIncomeExpensesNet": 8200000,
    "incomeBeforeTax": 27400000,
    "incomeBeforeTaxRatio": 0.0547343188,
    "incomeTaxExpense": 7300000,
    "netIncome": 20100000,
    "netIncomeRatio": 0.0401518178,
    "eps": 0.0978,
    "epsdiluted": 0.0919,
    "weightedAverageShsOut": 58718000,
    "weightedAverageShsOutDil": 58718000,
    "link": "",
    "finalLink": ""
  },
  {
    "date": "1987-12-31",
    "symbol": "TMO",
    "reportedCurrency": "USD",
    "cik": "0000097745",
    "fillingDate": "1987-12-31",
    "acceptedDate": "1987-12-30 19:00:00",
    "calendarYear": "1987",
    "period": "FY",
    "revenue": 383400000,
    "costOfRevenue": 248700000,
    "grossProfit": 134700000,
    "grossProfitRatio": 0.3513302034,
    "researchAndDevelopmentExpenses": 0,
    "generalAndAdministrativeExpenses": 0,
    "sellingAndMarketingExpenses": 0,
    "sellingGeneralAndAdministrativeExpenses": 117100000,
    "otherExpenses": 10100000,
    "operatingExpenses": 127200000,
    "costAndExpenses": 375900000,
    "interestIncome": 0,
    "interestExpense": 0,
    "depreciationAndAmortization": 10100000,
    "ebitda": 17600000,
    "ebitdaratio": 0.04590506,
    "operatingIncome": 7500000,
    "operatingIncomeRatio": 0.0195618153,
    "totalOtherIncomeExpensesNet": 15200000,
    "incomeBeforeTax": 22700000,
    "incomeBeforeTaxRatio": 0.0592070944,
    "incomeTaxExpense": 4600000,
    "netIncome": 18100000,
    "netIncomeRatio": 0.047209181,
    "eps": 0.0889,
    "epsdiluted": 0.0859,
    "weightedAverageShsOut": 57909000,
    "weightedAverageShsOutDil": 57909000,
    "link": "",
    "finalLink": ""
  },
  {
    "date": "1986-12-31",
    "symbol": "TMO",
    "reportedCurrency": "USD",
    "cik": "0000097745",
    "fillingDate": "1986-12-31",
    "acceptedDate": "1986-12-30 19:00:00",
    "calendarYear": "1986",
    "period": "FY",
    "revenue": 331600000,
    "costOfRevenue": 219300000,
    "grossProfit": 112300000,
    "grossProfitRatio": 0.3386610374,
    "researchAndDevelopmentExpenses": 0,
    "generalAndAdministrativeExpenses": 0,
    "sellingAndMarketingExpenses": 0,
    "sellingGeneralAndAdministrativeExpenses": 91600000,
    "otherExpenses": 8400000,
    "operatingExpenses": 100000000,
    "costAndExpenses": 319300000,
    "interestIncome": 0,
    "interestExpense": 0,
    "depreciationAndAmortization": 8400000,
    "ebitda": 20700000,
    "ebitdaratio": 0.062424608,
    "operatingIncome": 12300000,
    "operatingIncomeRatio": 0.037092883,
    "totalOtherIncomeExpensesNet": 4900000,
    "incomeBeforeTax": 17200000,
    "incomeBeforeTaxRatio": 0.0518697226,
    "incomeTaxExpense": 2900000,
    "netIncome": 14300000,
    "netIncomeRatio": 0.0431242461,
    "eps": 0.0741,
    "epsdiluted": 0.0741,
    "weightedAverageShsOut": 58738000,
    "weightedAverageShsOutDil": 58738000,
    "link": "",
    "finalLink": ""
  },
  {
    "date": "1985-12-31",
    "symbol": "TMO",
    "reportedCurrency": "USD",
    "cik": "0000097745",
    "fillingDate": "1985-12-31",
    "acceptedDate": "1985-12-30 19:00:00",
    "calendarYear": "1985",
    "period": "FY",
    "revenue": 265700000,
    "costOfRevenue": 174300000,
    "grossProfit": 91400000,
    "grossProfitRatio": 0.3439969891,
    "researchAndDevelopmentExpenses": 0,
    "generalAndAdministrativeExpenses": 0,
    "sellingAndMarketingExpenses": 0,
    "sellingGeneralAndAdministrativeExpenses": 78700000,
    "otherExpenses": 7800000,
    "operatingExpenses": 86500000,
    "costAndExpenses": 260800000,
    "interestIncome": 0,
    "interestExpense": 0,
    "depreciationAndAmortization": 7800000,
    "ebitda": 12700000,
    "ebitdaratio": 0.0477982687,
    "operatingIncome": 4900000,
    "operatingIncomeRatio": 0.0184418517,
    "totalOtherIncomeExpensesNet": 6900000,
    "incomeBeforeTax": 11800000,
    "incomeBeforeTaxRatio": 0.0444109898,
    "incomeTaxExpense": 2200000,
    "netIncome": 9600000,
    "netIncomeRatio": 0.0361309748,
    "eps": 0.0395,
    "epsdiluted": 0.0375,
    "weightedAverageShsOut": 48801000,
    "weightedAverageShsOutDil": 48801000,
    "link": "",
    "finalLink": ""
  }
]