[
  {
    "date": "2025-06-30",
    "symbol": "TMUS",
    "reportedCurrency": "USD",
    "cik": "0001283699",
    "fillingDate": "2025-07-23",
    "acceptedDate": "2025-07-23 16:06:25",
    "calendarYear": "2025",
    "period": "Q2",
    "revenue": 21132000000,
    "costOfRevenue": 7376000000,
    "grossProfit": 13756000000,
    "grossProfitRatio": 0.6509558963,
    "researchAndDevelopmentExpenses": 0,
    "generalAndAdministrativeExpenses": 0,
    "sellingAndMarketingExpenses": 0,
    "sellingGeneralAndAdministrativeExpenses": 5397000000,
    "otherExpenses": 3146000000,
    "operatingExpenses": 8543000000,
    "costAndExpenses": 15919000000,
    "interestIncome": 0,
    "interestExpense": 922000000,
    "depreciationAndAmortization": 3146000000,
    "ebitda": 8348000000,
    "ebitdaratio": 0.3950406966,
    "operatingIncome": 5213000000,
    "operatingIncomeRatio": 0.2466874882,
    "totalOtherIncomeExpensesNet": -933000000,
    "incomeBeforeTax": 4280000000,
    "incomeBeforeTaxRatio": 0.2025364376,
    "incomeTaxExpense": 1058000000,
    "netIncome": 3222000000,
    "netIncomeRatio": 0.1524701874,
    "eps": 2.84,
    "epsdiluted": 2.84,
    "weightedAverageShsOut": 1132760000,
    "weightedAverageShsOutDil": 1134847000,
    "link": "https://www.sec.gov/Archives/edgar/data/1283699/000128369925000117/0001283699-25-000117-index.htm",
    "finalLink": "https://www.sec.gov/Archives/edgar/data/1283699/000128369925000117/tmus-20250630.htm"
  },
  {
    "date": "2025-03-31",
    "symbol": "TMUS",
    "reportedCurrency": "USD",
    "cik": "0001283699",
    "fillingDate": "2025-04-24",
    "acceptedDate": "2025-04-24 16:07:48",
    "calendarYear": "2025",
    "period": "Q1",
    "revenue": 20886000000,
    "costOfRevenue": 7400000000,
    "grossProfit": 13486000000,
    "grossProfitRatio": 0.6456956813,
    "researchAndDevelopmentExpenses": 0,
    "generalAndAdministrativeExpenses": 0,
    "sellingAndMarketingExpenses": 0,
    "sellingGeneralAndAdministrativeExpenses": 5488000000,
    "otherExpenses": 3198000000,
    "operatingExpenses": 8686000000,
    "costAndExpenses": 16086000000,
    "interestIncome": 0,
    "interestExpense": 916000000,
    "depreciationAndAmortization": 3198000000,
    "ebitda": 7952000000,
    "ebitdaratio": 0.3807335057,
    "operatingIncome": 4800000000,
    "operatingIncomeRatio": 0.2298190175,
    "totalOtherIncomeExpensesNet": -962000000,
    "incomeBeforeTax": 3838000000,
    "incomeBeforeTaxRatio": 0.1837594561,
    "incomeTaxExpense": 885000000,
    "netIncome": 2953000000,
    "netIncomeRatio": 0.1413865747,
    "eps": 2.59,
    "epsdiluted": 2.58,
    "weightedAverageShsOut": 1140538000,
    "weightedAverageShsOutDil": 1144655000,
    "link": "https://www.sec.gov/Archives/edgar/data/1283699/000128369925000079/0001283699-25-000079-index.htm",
    "finalLink": "https://www.sec.gov/Archives/edgar/data/1283699/000128369925000079/tmus-20250331.htm"
  },
  {
    "date": "2024-12-31",
    "symbol": "TMUS",
    "reportedCurrency": "USD",
    "cik": "0001283699",
    "fillingDate": "2025-01-31",
    "acceptedDate": "2025-01-31 16:04:31",
    "calendarYear": "2024",
    "period": "Q4",
    "revenue": 21872000000,
    "costOfRevenue": 8785000000,
    "grossProfit": 13087000000,
    "grossProfitRatio": 0.5983449159,
    "researchAndDevelopmentExpenses": 0,
    "generalAndAdministrativeExpenses": 0,
    "sellingAndMarketingExpenses": 0,
    "sellingGeneralAndAdministrativeExpenses": 5352000000,
    "otherExpenses": 3149000000,
    "operatingExpenses": 8501000000,
    "costAndExpenses": 17286000000,
    "interestIncome": 0,
    "interestExpense": 841000000,
    "depreciationAndAmortization": 3149000000,
    "ebitda": 7829000000,
    "ebitdaratio": 0.3579462326,
    "operatingIncome": 4586000000,
    "operatingIncomeRatio": 0.2096744696,
    "totalOtherIncomeExpensesNet": -747000000,
    "incomeBeforeTax": 3839000000,
    "incomeBeforeTaxRatio": 0.1755212143,
    "incomeTaxExpense": 858000000,
    "netIncome": 2981000000,
    "netIncomeRatio": 0.1362929773,
    "eps": 2.58,
    "epsdiluted": 2.56,
    "weightedAverageShsOut": 1169195000,
    "weightedAverageShsOutDil": 1173214000,
    "link": "https://www.sec.gov/Archives/edgar/data/1283699/000128369925000012/0001283699-25-000012-index.htm",
    "finalLink": "https://www.sec.gov/Archives/edgar/data/1283699/000128369925000012/tmus-20241231.htm"
  },
  {
    "date": "2024-09-30",
    "symbol": "TMUS",
    "reportedCurrency": "USD",
    "cik": "0001283699",
    "fillingDate": "2024-10-23",
    "acceptedDate": "2024-10-23 16:06:57",
    "calendarYear": "2024",
    "period": "Q3",
    "revenue": 20162000000,
    "costOfRevenue": 7029000000,
    "grossProfit": 13133000000,
    "grossProfitRatio": 0.6513738716,
    "researchAndDevelopmentExpenses": 0,
    "generalAndAdministrativeExpenses": 0,
    "sellingAndMarketingExpenses": 0,
    "sellingGeneralAndAdministrativeExpenses": 5186000000,
    "otherExpenses": 3151000000,
    "operatingExpenses": 8337000000,
    "costAndExpenses": 15366000000,
    "interestIncome": 0,
    "interestExpense": 836000000,
    "depreciationAndAmortization": 3151000000,
    "ebitda": 7954000000,
    "ebitdaratio": 0.3945045134,
    "operatingIncome": 4796000000,
    "operatingIncomeRatio": 0.2378732269,
    "totalOtherIncomeExpensesNet": -829000000,
    "incomeBeforeTax": 3967000000,
    "incomeBeforeTaxRatio": 0.1967562742,
    "incomeTaxExpense": 908000000,
    "netIncome": 3059000000,
    "netIncomeRatio": 0.1517210594,
    "eps": 2.62,
    "epsdiluted": 2.61,
    "weightedAverageShsOut": 1166962000,
    "weightedAverageShsOutDil": 1170650000,
    "link": "https://www.sec.gov/Archives/edgar/data/1283699/000128369924000142/0001283699-24-000142-index.htm",
    "finalLink": "https://www.sec.gov/Archives/edgar/data/1283699/000128369924000142/tmus-20240930.htm"
  },
  {
    "date": "2024-06-30",
    "symbol": "TMUS",
    "reportedCurrency": "USD",
    "cik": "0001283699",
    "fillingDate": "2024-07-31",
    "acceptedDate": "2024-07-31 07:03:45",
    "calendarYear": "2024",
    "period": "Q2",
    "revenue": 19772000000,
    "costOfRevenue": 6752000000,
    "grossProfit": 13020000000,
    "grossProfitRatio": 0.6585069796,
    "researchAndDevelopmentExpenses": 0,
    "generalAndAdministrativeExpenses": 0,
    "sellingAndMarketingExpenses": 0,
    "sellingGeneralAndAdministrativeExpenses": 5142000000,
    "otherExpenses": 3248000000,
    "operatingExpenses": 8390000000,
    "costAndExpenses": 15142000000,
    "interestIncome": 0,
    "interestExpense": 854000000,
    "depreciationAndAmortization": 3248000000,
    "ebitda": 7870000000,
    "ebitdaratio": 0.398037629,
    "operatingIncome": 4630000000,
    "operatingIncomeRatio": 0.2341695327,
    "totalOtherIncomeExpensesNet": -862000000,
    "incomeBeforeTax": 3768000000,
    "incomeBeforeTaxRatio": 0.1905725268,
    "incomeTaxExpense": 843000000,
    "netIncome": 2925000000,
    "netIncomeRatio": 0.1479364758,
    "eps": 2.5,
    "epsdiluted": 2.49,
    "weightedAverageShsOut": 1170026000,
    "weightedAverageShsOutDil": 1172447000,
    "link": "https://www.sec.gov/Archives/edgar/data/1283699/000128369924000111/0001283699-24-000111-index.htm",
    "finalLink": "https://www.sec.gov/Archives/edgar/data/1283699/000128369924000111/tmus-20240630.htm"
  },
  {
    "date": "2024-03-31",
    "symbol": "TMUS",
    "reportedCurrency": "USD",
    "cik": "0001283699",
    "fillingDate": "2024-04-26",
    "acceptedDate": "2024-04-26 12:32:12",
    "calendarYear": "2024",
    "period": "Q1",
    "revenue": 19594000000,
    "costOfRevenue": 7087000000,
    "grossProfit": 12507000000,
    "grossProfitRatio": 0.6383076452,
    "researchAndDevelopmentExpenses": 0,
    "generalAndAdministrativeExpenses": 0,
    "sellingAndMarketingExpenses": 0,
    "sellingGeneralAndAdministrativeExpenses": 5138000000,
    "otherExpenses": 3371000000,
    "operatingExpenses": 8509000000,
    "costAndExpenses": 15596000000,
    "interestIncome": 0,
    "interestExpense": 880000000,
    "depreciationAndAmortization": 3371000000,
    "ebitda": 7389000000,
    "ebitdaratio": 0.3771052363,
    "operatingIncome": 3998000000,
    "operatingIncomeRatio": 0.2040420537,
    "totalOtherIncomeExpensesNet": -860000000,
    "incomeBeforeTax": 3138000000,
    "incomeBeforeTaxRatio": 0.1601510667,
    "incomeTaxExpense": 764000000,
    "netIncome": 2374000000,
    "netIncomeRatio": 0.1211595386,
    "eps": 2,
    "epsdiluted": 2,
    "weightedAverageShsOut": 1185298000,
    "weightedAverageShsOutDil": 1189092000,
    "link": "https://www.sec.gov/Archives/edgar/data/1283699/000128369924000065/0001283699-24-000065-index.htm",
    "finalLink": "https://www.sec.gov/Archives/edgar/data/1283699/000128369924000065/tmus-20240331.htm"
  },
  {
    "date": "2023-12-31",
    "symbol": "TMUS",
    "reportedCurrency": "USD",
    "cik": "0001283699",
    "fillingDate": "2024-02-02",
    "acceptedDate": "2024-02-02 16:07:53",
    "calendarYear": "2023",
    "period": "Q4",
    "revenue": 20478000000,
    "costOfRevenue": 8400000000,
    "grossProfit": 12078000000,
    "grossProfitRatio": 0.5898036918,
    "researchAndDevelopmentExpenses": 0,
    "generalAndAdministrativeExpenses": 0,
    "sellingAndMarketingExpenses": 0,
    "sellingGeneralAndAdministrativeExpenses": 5280000000,
    "otherExpenses": 3318000000,
    "operatingExpenses": 8598000000,
    "costAndExpenses": 16998000000,
    "interestIncome": 0,
    "interestExpense": 849000000,
    "depreciationAndAmortization": 3318000000,
    "ebitda": 6810000000,
    "ebitdaratio": 0.332552007,
    "operatingIncome": 3480000000,
    "operatingIncomeRatio": 0.1699384706,
    "totalOtherIncomeExpensesNet": -837000000,
    "incomeBeforeTax": 2643000000,
    "incomeBeforeTaxRatio": 0.1290653384,
    "incomeTaxExpense": 629000000,
    "netIncome": 2014000000,
    "netIncomeRatio": 0.0983494482,
    "eps": 1.74,
    "epsdiluted": 1.67,
    "weightedAverageShsOut": 1157313000,
    "weightedAverageShsOutDil": 1205014000,
    "link": "https://www.sec.gov/Archives/edgar/data/1283699/000128369924000008/0001283699-24-000008-index.htm",
    "finalLink": "https://www.sec.gov/Archives/edgar/data/1283699/000128369924000008/tmus-20231231.htm"
  },
  {
    "date": "2023-09-30",
    "symbol": "TMUS",
    "reportedCurrency": "USD",
    "cik": "0001283699",
    "fillingDate": "2023-10-25",
    "acceptedDate": "2023-10-25 07:06:28",
    "calendarYear": "2023",
    "period": "Q3",
    "revenue": 19252000000,
    "costOfRevenue": 7135000000,
    "grossProfit": 12117000000,
    "grossProfitRatio": 0.6293891544,
    "researchAndDevelopmentExpenses": 0,
    "generalAndAdministrativeExpenses": 0,
    "sellingAndMarketingExpenses": 0,
    "sellingGeneralAndAdministrativeExpenses": 5334000000,
    "otherExpenses": 3187000000,
    "operatingExpenses": 8521000000,
    "costAndExpenses": 15656000000,
    "interestIncome": 0,
    "interestExpense": 790000000,
    "depreciationAndAmortization": 3187000000,
    "ebitda": 6824000000,
    "ebitdaratio": 0.3544566798,
    "operatingIncome": 3596000000,
    "operatingIncomeRatio": 0.1867857885,
    "totalOtherIncomeExpensesNet": -749000000,
    "incomeBeforeTax": 2847000000,
    "incomeBeforeTaxRatio": 0.1478807397,
    "incomeTaxExpense": 705000000,
    "netIncome": 2142000000,
    "netIncomeRatio": 0.1112611677,
    "eps": 1.83,
    "epsdiluted": 1.82,
    "weightedAverageShsOut": 1171336000,
    "weightedAverageShsOutDil": 1174390000,
    "link": "https://www.sec.gov/Archives/edgar/data/1283699/000128369923000151/0001283699-23-000151-index.htm",
    "finalLink": "https://www.sec.gov/Archives/edgar/data/1283699/000128369923000151/tmus-20230930.htm"
  },
  {
    "date": "2023-06-30",
    "symbol": "TMUS",
    "reportedCurrency": "USD",
    "cik": "0001283699",
    "fillingDate": "2023-07-27",
    "acceptedDate": "2023-07-27 16:15:38",
    "calendarYear": "2023",
    "period": "Q2",
    "revenue": 19196000000,
    "costOfRevenue": 7004000000,
    "grossProfit": 12192000000,
    "grossProfitRatio": 0.6351323192,
    "researchAndDevelopmentExpenses": 0,
    "generalAndAdministrativeExpenses": 0,
    "sellingAndMarketingExpenses": 0,
    "sellingGeneralAndAdministrativeExpenses": 5272000000,
    "otherExpenses": 3127000000,
    "operatingExpenses": 8399000000,
    "costAndExpenses": 15403000000,
    "interestIncome": 0,
    "interestExpense": 861000000,
    "depreciationAndAmortization": 3110000000,
    "ebitda": 6909000000,
    "ebitdaratio": 0.3599187331,
    "operatingIncome": 3793000000,
    "operatingIncomeRatio": 0.1975932486,
    "totalOtherIncomeExpensesNet": -855000000,
    "incomeBeforeTax": 2938000000,
    "incomeBeforeTaxRatio": 0.1530527193,
    "incomeTaxExpense": 717000000,
    "netIncome": 2221000000,
    "netIncomeRatio": 0.1157011877,
    "eps": 1.86,
    "epsdiluted": 1.86,
    "weightedAverageShsOut": 1193079000,
    "weightedAverageShsOutDil": 1195533000,
    "link": "https://www.sec.gov/Archives/edgar/data/1283699/000128369923000134/0001283699-23-000134-index.htm",
    "finalLink": "https://www.sec.gov/Archives/edgar/data/1283699/000128369923000134/tmus-20230630.htm"
  },
  {
    "date": "2023-03-31",
    "symbol": "TMUS",
    "reportedCurrency": "USD",
    "cik": "0001283699",
    "fillingDate": "2023-04-27",
    "acceptedDate": "2023-04-27 16:13:02",
    "calendarYear": "2023",
    "period": "Q1",
    "revenue": 19632000000,
    "costOfRevenue": 7649000000,
    "grossProfit": 11983000000,
    "grossProfitRatio": 0.6103810106,
    "researchAndDevelopmentExpenses": 0,
    "generalAndAdministrativeExpenses": 0,
    "sellingAndMarketingExpenses": 0,
    "sellingGeneralAndAdministrativeExpenses": 5425000000,
    "otherExpenses": 3161000000,
    "operatingExpenses": 8586000000,
    "costAndExpenses": 16235000000,
    "interestIncome": 0,
    "interestExpense": 835000000,
    "depreciationAndAmortization": 3203000000,
    "ebitda": 6609000000,
    "ebitdaratio": 0.3366442543,
    "operatingIncome": 3397000000,
    "operatingIncomeRatio": 0.1730338223,
    "totalOtherIncomeExpensesNet": -826000000,
    "incomeBeforeTax": 2571000000,
    "incomeBeforeTaxRatio": 0.1309596577,
    "incomeTaxExpense": 631000000,
    "netIncome": 1940000000,
    "netIncomeRatio": 0.0988182559,
    "eps": 1.59,
    "epsdiluted": 1.58,
    "weightedAverageShsOut": 1219608000,
    "weightedAverageShsOutDil": 1224605000,
    "link": "https://www.sec.gov/Archives/edgar/data/1283699/000128369923000087/0001283699-23-000087-index.htm",
    "finalLink": "https://www.sec.gov/Archives/edgar/data/1283699/000128369923000087/tmus-20230331.htm"
  },
  {
    "date": "2022-12-31",
    "symbol": "TMUS",
    "reportedCurrency": "USD",
    "cik": "0001283699",
    "fillingDate": "2023-02-14",
    "acceptedDate": "2023-02-14 16:03:54",
    "calendarYear": "2022",
    "period": "Q4",
    "revenue": 20273000000,
    "costOfRevenue": 8671000000,
    "grossProfit": 11602000000,
    "grossProfitRatio": 0.5722882652,
    "researchAndDevelopmentExpenses": 0,
    "generalAndAdministrativeExpenses": 0,
    "sellingAndMarketingExpenses": 0,
    "sellingGeneralAndAdministrativeExpenses": 5577000000,
    "otherExpenses": 3278000000,
    "operatingExpenses": 8855000000,
    "costAndExpenses": 17526000000,
    "interestIncome": 0,
    "interestExpense": 822000000,
    "depreciationAndAmortization": 3262000000,
    "ebitda": 6011000000,
    "ebitdaratio": 0.2965027376,
    "operatingIncome": 2747000000,
    "operatingIncomeRatio": 0.1355004193,
    "totalOtherIncomeExpensesNet": -820000000,
    "incomeBeforeTax": 1927000000,
    "incomeBeforeTaxRatio": 0.0950525329,
    "incomeTaxExpense": 450000000,
    "netIncome": 1477000000,
    "netIncomeRatio": 0.0728555221,
    "eps": 1.19,
    "epsdiluted": 1.18,
    "weightedAverageShsOut": 1240828000,
    "weightedAverageShsOutDil": 1246880000,
    "link": "https://www.sec.gov/Archives/edgar/data/1283699/000128369923000016/0001283699-23-000016-index.htm",
    "finalLink": "https://www.sec.gov/Archives/edgar/data/1283699/000128369923000016/tmus-20221231.htm"
  },
  {
    "date": "2022-09-30",
    "symbol": "TMUS",
    "reportedCurrency": "USD",
    "cik": "0001283699",
    "fillingDate": "2022-10-27",
    "acceptedDate": "2022-10-27 16:08:25",
    "calendarYear": "2022",
    "period": "Q3",
    "revenue": 19477000000,
    "costOfRevenue": 8694000000,
    "grossProfit": 10783000000,
    "grossProfitRatio": 0.5536273553,
    "researchAndDevelopmentExpenses": 0,
    "generalAndAdministrativeExpenses": 0,
    "sellingAndMarketingExpenses": 0,
    "sellingGeneralAndAdministrativeExpenses": 5118000000,
    "otherExpenses": 4384000000,
    "operatingExpenses": 9502000000,
    "costAndExpenses": 18196000000,
    "interestIncome": 0,
    "interestExpense": 827000000,
    "depreciationAndAmortization": 3313000000,
    "ebitda": 4591000000,
    "ebitdaratio": 0.235713919,
    "operatingIncome": 1281000000,
    "operatingIncomeRatio": 0.0657698824,
    "totalOtherIncomeExpensesNet": -830000000,
    "incomeBeforeTax": 451000000,
    "incomeBeforeTaxRatio": 0.0231555168,
    "incomeTaxExpense": -57000000,
    "netIncome": 508000000,
    "netIncomeRatio": 0.0260820455,
    "eps": 0.4,
    "epsdiluted": 0.4,
    "weightedAverageShsOut": 1253873429,
    "weightedAverageShsOutDil": 1259210271,
    "link": "https://www.sec.gov/Archives/edgar/data/1283699/000128369922000141/0001283699-22-000141-index.htm",
    "finalLink": "https://www.sec.gov/Archives/edgar/data/1283699/000128369922000141/tmus-20220930.htm"
  },
  {
    "date": "2022-06-30",
    "symbol": "TMUS",
    "reportedCurrency": "USD",
    "cik": "0001283699",
    "fillingDate": "2022-07-29",
    "acceptedDate": "2022-07-29 16:12:22",
    "calendarYear": "2022",
    "period": "Q2",
    "revenue": 19701000000,
    "costOfRevenue": 9168000000,
    "grossProfit": 10533000000,
    "grossProfitRatio": 0.5346429115,
    "researchAndDevelopmentExpenses": 0,
    "generalAndAdministrativeExpenses": 0,
    "sellingAndMarketingExpenses": 0,
    "sellingGeneralAndAdministrativeExpenses": 5856000000,
    "otherExpenses": 3968000000,
    "operatingExpenses": 9824000000,
    "costAndExpenses": 18992000000,
    "interestIncome": 0,
    "interestExpense": 851000000,
    "depreciationAndAmortization": 3491000000,
    "ebitda": 4179000000,
    "ebitdaratio": 0.2121212121,
    "operatingIncome": 709000000,
    "operatingIncomeRatio": 0.0359880209,
    "totalOtherIncomeExpensesNet": -872000000,
    "incomeBeforeTax": -163000000,
    "incomeBeforeTaxRatio": -0.0082736917,
    "incomeTaxExpense": -55000000,
    "netIncome": -108000000,
    "netIncomeRatio": -0.0054819552,
    "eps": -0.09,
    "epsdiluted": -0.09,
    "weightedAverageShsOut": 1253932986,
    "weightedAverageShsOutDil": 1253932986,
    "link": "https://www.sec.gov/Archives/edgar/data/1283699/000128369922000117/0001283699-22-000117-index.htm",
    "finalLink": "https://www.sec.gov/Archives/edgar/data/1283699/000128369922000117/tmus-20220630.htm"
  },
  {
    "date": "2022-03-31",
    "symbol": "TMUS",
    "reportedCurrency": "USD",
    "cik": "0001283699",
    "fillingDate": "2022-05-06",
    "acceptedDate": "2022-05-06 16:06:11",
    "calendarYear": "2022",
    "period": "Q1",
    "revenue": 20120000000,
    "costOfRevenue": 9673000000,
    "grossProfit": 10447000000,
    "grossProfitRatio": 0.5192345924,
    "researchAndDevelopmentExpenses": 0,
    "generalAndAdministrativeExpenses": 0,
    "sellingAndMarketingExpenses": 0,
    "sellingGeneralAndAdministrativeExpenses": 5056000000,
    "otherExpenses": 3585000000,
    "operatingExpenses": 8641000000,
    "costAndExpenses": 18314000000,
    "interestIncome": 0,
    "interestExpense": 864000000,
    "depreciationAndAmortization": 3585000000,
    "ebitda": 5380000000,
    "ebitdaratio": 0.2673956262,
    "operatingIncome": 1806000000,
    "operatingIncomeRatio": 0.0897614314,
    "totalOtherIncomeExpensesNet": -875000000,
    "incomeBeforeTax": 931000000,
    "incomeBeforeTaxRatio": 0.0462723658,
    "incomeTaxExpense": 218000000,
    "netIncome": 713000000,
    "netIncomeRatio": 0.0354373757,
    "eps": 0.57,
    "epsdiluted": 0.57,
    "weightedAverageShsOut": 1250505999,
    "weightedAverageShsOutDil": 1255368592,
    "link": "https://www.sec.gov/Archives/edgar/data/1283699/000128369922000084/0001283699-22-000084-index.htm",
    "finalLink": "https://www.sec.gov/Archives/edgar/data/1283699/000128369922000084/tmus-20220331.htm"
  },
  {
    "date": "2021-12-31",
    "symbol": "TMUS",
    "reportedCurrency": "USD",
    "cik": "0001283699",
    "fillingDate": "2022-02-11",
    "acceptedDate": "2022-02-11 16:09:17",
    "calendarYear": "2021",
    "period": "Q4",
    "revenue": 20785000000,
    "costOfRevenue": 10452000000,
    "grossProfit": 10333000000,
    "grossProfitRatio": 0.4971373587,
    "researchAndDevelopmentExpenses": 0,
    "generalAndAdministrativeExpenses": 0,
    "sellingAndMarketingExpenses": 0,
    "sellingGeneralAndAdministrativeExpenses": 5398000000,
    "otherExpenses": 3872000000,
    "operatingExpenses": 9270000000,
    "costAndExpenses": 19722000000,
    "interestIncome": 13000000,
    "interestExpense": 834000000,
    "depreciationAndAmortization": 3872000000,
    "ebitda": 4935000000,
    "ebitdaratio": 0.2374308395,
    "operatingIncome": 1063000000,
    "operatingIncomeRatio": 0.051142651,
    "totalOtherIncomeExpensesNet": -834000000,
    "incomeBeforeTax": 229000000,
    "incomeBeforeTaxRatio": 0.0110175607,
    "incomeTaxExpense": -193000000,
    "netIncome": 422000000,
    "netIncomeRatio": 0.0203031032,
    "eps": 0.34,
    "epsdiluted": 0.34,
    "weightedAverageShsOut": 1249272296,
    "weightedAverageShsOutDil": 1254289170,
    "link": "https://www.sec.gov/Archives/edgar/data/1283699/000128369922000018/0001283699-22-000018-index.htm",
    "finalLink": "https://www.sec.gov/Archives/edgar/data/1283699/000128369922000018/tmus-20211231.htm"
  },
  {
    "date": "2021-09-30",
    "symbol": "TMUS",
    "reportedCurrency": "USD",
    "cik": "0001283699",
    "fillingDate": "2021-11-02",
    "acceptedDate": "2021-11-02 16:06:48",
    "calendarYear": "2021",
    "period": "Q3",
    "revenue": 19624000000,
    "costOfRevenue": 8683000000,
    "grossProfit": 10941000000,
    "grossProfitRatio": 0.557531594,
    "researchAndDevelopmentExpenses": 0,
    "generalAndAdministrativeExpenses": 0,
    "sellingAndMarketingExpenses": 0,
    "sellingGeneralAndAdministrativeExpenses": 5212000000,
    "otherExpenses": 4145000000,
    "operatingExpenses": 9357000000,
    "costAndExpenses": 18040000000,
    "interestIncome": 2000000,
    "interestExpense": 836000000,
    "depreciationAndAmortization": 4145000000,
    "ebitda": 5669000000,
    "ebitdaratio": 0.2888809621,
    "operatingIncome": 1584000000,
    "operatingIncomeRatio": 0.0807174888,
    "totalOtherIncomeExpensesNet": -896000000,
    "incomeBeforeTax": 688000000,
    "incomeBeforeTaxRatio": 0.0350591113,
    "incomeTaxExpense": -3000000,
    "netIncome": 691000000,
    "netIncomeRatio": 0.0352119853,
    "eps": 0.55,
    "epsdiluted": 0.55,
    "weightedAverageShsOut": 1248189719,
    "weightedAverageShsOutDil": 1253661245,
    "link": "https://www.sec.gov/Archives/edgar/data/1283699/000128369921000169/0001283699-21-000169-index.htm",
    "finalLink": "https://www.sec.gov/Archives/edgar/data/1283699/000128369921000169/tmus-20210930.htm"
  },
  {
    "date": "2021-06-30",
    "symbol": "TMUS",
    "reportedCurrency": "USD",
    "cik": "0001283699",
    "fillingDate": "2021-08-03",
    "acceptedDate": "2021-08-03 17:07:40",
    "calendarYear": "2021",
    "period": "Q2",
    "revenue": 19950000000,
    "costOfRevenue": 8944000000,
    "grossProfit": 11006000000,
    "grossProfitRatio": 0.551679198,
    "researchAndDevelopmentExpenses": 0,
    "generalAndAdministrativeExpenses": 0,
    "sellingAndMarketingExpenses": 0,
    "sellingGeneralAndAdministrativeExpenses": 4823000000,
    "otherExpenses": 4077000000,
    "operatingExpenses": 8900000000,
    "costAndExpenses": 17844000000,
    "interestIncome": 2000000,
    "interestExpense": 850000000,
    "depreciationAndAmortization": 4077000000,
    "ebitda": 6182000000,
    "ebitdaratio": 0.3098746867,
    "operatingIncome": 2106000000,
    "operatingIncomeRatio": 0.1055639098,
    "totalOtherIncomeExpensesNet": -851000000,
    "incomeBeforeTax": 1255000000,
    "incomeBeforeTaxRatio": 0.0629072682,
    "incomeTaxExpense": 277000000,
    "netIncome": 978000000,
    "netIncomeRatio": 0.0490225564,
    "eps": 0.78,
    "epsdiluted": 0.78,
    "weightedAverageShsOut": 1247563331,
    "weightedAverageShsOutDil": 1253718122,
    "link": "https://www.sec.gov/Archives/edgar/data/1283699/000128369921000150/0001283699-21-000150-index.htm",
    "finalLink": "https://www.sec.gov/Archives/edgar/data/1283699/000128369921000150/tmus-20210630.htm"
  },
  {
    "date": "2021-03-31",
    "symbol": "TMUS",
    "reportedCurrency": "USD",
    "cik": "0001283699",
    "fillingDate": "2021-05-04",
    "acceptedDate": "2021-05-04 16:07:10",
    "calendarYear": "2021",
    "period": "Q1",
    "revenue": 19759000000,
    "costOfRevenue": 8526000000,
    "grossProfit": 11233000000,
    "grossProfitRatio": 0.5685004302,
    "researchAndDevelopmentExpenses": 0,
    "generalAndAdministrativeExpenses": 0,
    "sellingAndMarketingExpenses": 0,
    "sellingGeneralAndAdministrativeExpenses": 4805000000,
    "otherExpenses": 4289000000,
    "operatingExpenses": 9094000000,
    "costAndExpenses": 17620000000,
    "interestIncome": 3000000,
    "interestExpense": 835000000,
    "depreciationAndAmortization": 4289000000,
    "ebitda": 6303000000,
    "ebitdaratio": 0.3189938762,
    "operatingIncome": 2139000000,
    "operatingIncomeRatio": 0.1082544663,
    "totalOtherIncomeExpensesNet": -960000000,
    "incomeBeforeTax": 1179000000,
    "incomeBeforeTaxRatio": 0.0596690116,
    "incomeTaxExpense": 246000000,
    "netIncome": 933000000,
    "netIncomeRatio": 0.0472189888,
    "eps": 0.75,
    "epsdiluted": 0.74,
    "weightedAverageShsOut": 1243520026,
    "weightedAverageShsOutDil": 1252783564,
    "link": "https://www.sec.gov/Archives/edgar/data/1283699/000128369921000088/0001283699-21-000088-index.htm",
    "finalLink": "https://www.sec.gov/Archives/edgar/data/1283699/000128369921000088/tmus-20210331.htm"
  },
  {
    "date": "2020-12-31",
    "symbol": "TMUS",
    "reportedCurrency": "USD",
    "cik": "0001283699",
    "fillingDate": "2021-02-23",
    "acceptedDate": "2021-02-23 16:08:26",
    "calendarYear": "2020",
    "period": "Q4",
    "revenue": 20341000000,
    "costOfRevenue": 9652000000,
    "grossProfit": 10689000000,
    "grossProfitRatio": 0.5254903889,
    "researchAndDevelopmentExpenses": 0,
    "generalAndAdministrativeExpenses": 0,
    "sellingAndMarketingExpenses": 0,
    "sellingGeneralAndAdministrativeExpenses": 4758000000,
    "otherExpenses": 4219000000,
    "operatingExpenses": 8977000000,
    "costAndExpenses": 18629000000,
    "interestIncome": 8000000,
    "interestExpense": 798000000,
    "depreciationAndAmortization": 4219000000,
    "ebitda": 5838000000,
    "ebitdaratio": 0.2870065385,
    "operatingIncome": 1712000000,
    "operatingIncomeRatio": 0.084164987,
    "totalOtherIncomeExpensesNet": -891000000,
    "incomeBeforeTax": 821000000,
    "incomeBeforeTaxRatio": 0.0403618308,
    "incomeTaxExpense": 71000000,
    "netIncome": 750000000,
    "netIncomeRatio": 0.0368713436,
    "eps": 0.6,
    "epsdiluted": 0.6,
    "weightedAverageShsOut": 1241578615,
    "weightedAverageShsOutDil": 1251566899,
    "link": "https://www.sec.gov/Archives/edgar/data/1283699/000128369921000039/0001283699-21-000039-index.htm",
    "finalLink": "https://www.sec.gov/Archives/edgar/data/1283699/000128369921000039/tmus-20201231.htm"
  },
  {
    "date": "2020-09-30",
    "symbol": "TMUS",
    "reportedCurrency": "USD",
    "cik": "0001283699",
    "fillingDate": "2020-11-05",
    "acceptedDate": "2020-11-05 16:14:43",
    "calendarYear": "2020",
    "period": "Q3",
    "revenue": 19272000000,
    "costOfRevenue": 7681000000,
    "grossProfit": 11591000000,
    "grossProfitRatio": 0.6014425073,
    "researchAndDevelopmentExpenses": 0,
    "generalAndAdministrativeExpenses": 0,
    "sellingAndMarketingExpenses": 0,
    "sellingGeneralAndAdministrativeExpenses": 4876000000,
    "otherExpenses": 4150000000,
    "operatingExpenses": 9026000000,
    "costAndExpenses": 16707000000,
    "interestIncome": 3000000,
    "interestExpense": 809000000,
    "depreciationAndAmortization": 4150000000,
    "ebitda": 6619000000,
    "ebitdaratio": 0.3434516397,
    "operatingIncome": 2565000000,
    "operatingIncomeRatio": 0.1330946451,
    "totalOtherIncomeExpensesNet": -905000000,
    "incomeBeforeTax": 1660000000,
    "incomeBeforeTaxRatio": 0.0861353259,
    "incomeTaxExpense": 407000000,
    "netIncome": 1253000000,
    "netIncomeRatio": 0.0650166044,
    "eps": 1.01,
    "epsdiluted": 1,
    "weightedAverageShsOut": 1238451000,
    "weightedAverageShsOutDil": 1249799000,
    "link": "https://www.sec.gov/Archives/edgar/data/1283699/000128369920000193/0001283699-20-000193-index.htm",
    "finalLink": "https://www.sec.gov/Archives/edgar/data/1283699/000128369920000193/tmus-20200930.htm"
  },
  {
    "date": "2020-06-30",
    "symbol": "TMUS",
    "reportedCurrency": "USD",
    "cik": "0001283699",
    "fillingDate": "2020-08-06",
    "acceptedDate": "2020-08-06 17:09:49",
    "calendarYear": "2020",
    "period": "Q2",
    "revenue": 17671000000,
    "costOfRevenue": 6765000000,
    "grossProfit": 10906000000,
    "grossProfitRatio": 0.6171693735,
    "researchAndDevelopmentExpenses": 0,
    "generalAndAdministrativeExpenses": 0,
    "sellingAndMarketingExpenses": 0,
    "sellingGeneralAndAdministrativeExpenses": 5604000000,
    "otherExpenses": 4482000000,
    "operatingExpenses": 10086000000,
    "costAndExpenses": 16851000000,
    "interestIncome": 6000000,
    "interestExpense": 839000000,
    "depreciationAndAmortization": 4064000000,
    "ebitda": 4695000000,
    "ebitdaratio": 0.2656895478,
    "operatingIncome": 820000000,
    "operatingIncomeRatio": 0.0464037123,
    "totalOtherIncomeExpensesNet": -1028000000,
    "incomeBeforeTax": -208000000,
    "incomeBeforeTaxRatio": -0.0117706978,
    "incomeTaxExpense": 2000000,
    "netIncome": 110000000,
    "netIncomeRatio": 0.0062248882,
    "eps": 0.09,
    "epsdiluted": 0.09,
    "weightedAverageShsOut": 1236528444,
    "weightedAverageShsOutDil": 1236528444,
    "link": "https://www.sec.gov/Archives/edgar/data/1283699/000128369920000165/0001283699-20-000165-index.htm",
    "finalLink": "https://www.sec.gov/Archives/edgar/data/1283699/000128369920000165/tmus-20200630.htm"
  },
  {
    "date": "2020-03-31",
    "symbol": "TMUS",
    "reportedCurrency": "USD",
    "cik": "0001283699",
    "fillingDate": "2020-05-06",
    "acceptedDate": "2020-05-06 16:19:11",
    "calendarYear": "2020",
    "period": "Q1",
    "revenue": 11113000000,
    "costOfRevenue": 4168000000,
    "grossProfit": 6945000000,
    "grossProfitRatio": 0.6249437596,
    "researchAndDevelopmentExpenses": 0,
    "generalAndAdministrativeExpenses": 0,
    "sellingAndMarketingExpenses": 0,
    "sellingGeneralAndAdministrativeExpenses": 3688000000,
    "otherExpenses": 1718000000,
    "operatingExpenses": 5406000000,
    "costAndExpenses": 9574000000,
    "interestIncome": 12000000,
    "interestExpense": 284000000,
    "depreciationAndAmortization": 1718000000,
    "ebitda": 3259000000,
    "ebitdaratio": 0.2932601458,
    "operatingIncome": 1539000000,
    "operatingIncomeRatio": 0.1384864573,
    "totalOtherIncomeExpensesNet": -282000000,
    "incomeBeforeTax": 1257000000,
    "incomeBeforeTaxRatio": 0.1131107712,
    "incomeTaxExpense": 306000000,
    "netIncome": 951000000,
    "netIncomeRatio": 0.0855754522,
    "eps": 1.11,
    "epsdiluted": 1.1,
    "weightedAverageShsOut": 1236528444,
    "weightedAverageShsOutDil": 1236528444,
    "link": "https://www.sec.gov/Archives/edgar/data/1283699/000128369920000106/0001283699-20-000106-index.htm",
    "finalLink": "https://www.sec.gov/Archives/edgar/data/1283699/000128369920000106/tmus-20200331.htm"
  },
  {
    "date": "2019-12-31",
    "symbol": "TMUS",
    "reportedCurrency": "USD",
    "cik": "0001283699",
    "fillingDate": "2020-02-06",
    "acceptedDate": "2020-02-06 16:08:16",
    "calendarYear": "2019",
    "period": "Q4",
    "revenue": 11878000000,
    "costOfRevenue": 5212000000,
    "grossProfit": 6666000000,
    "grossProfitRatio": 0.5612055902,
    "researchAndDevelopmentExpenses": 0,
    "generalAndAdministrativeExpenses": 0,
    "sellingAndMarketingExpenses": 0,
    "sellingGeneralAndAdministrativeExpenses": 3656000000,
    "otherExpenses": 1776000000,
    "operatingExpenses": 5432000000,
    "costAndExpenses": 10644000000,
    "interestIncome": 7000000,
    "interestExpense": 280000000,
    "depreciationAndAmortization": 1776000000,
    "ebitda": 3021000000,
    "ebitdaratio": 0.2543357468,
    "operatingIncome": 1234000000,
    "operatingIncomeRatio": 0.1038895437,
    "totalOtherIncomeExpensesNet": -269000000,
    "incomeBeforeTax": 965000000,
    "incomeBeforeTaxRatio": 0.0812426334,
    "incomeTaxExpense": 214000000,
    "netIncome": 751000000,
    "netIncomeRatio": 0.0632261323,
    "eps": 0.88,
    "epsdiluted": 0.87,
    "weightedAverageShsOut": 856294467,
    "weightedAverageShsOutDil": 864158739,
    "link": "https://www.sec.gov/Archives/edgar/data/1283699/000128369920000026/0001283699-20-000026-index.htm",
    "finalLink": "https://www.sec.gov/Archives/edgar/data/1283699/000128369920000026/tmus-20191231.htm"
  },
  {
    "date": "2019-09-30",
    "symbol": "TMUS",
    "reportedCurrency": "USD",
    "cik": "0001283699",
    "fillingDate": "2019-10-28",
    "acceptedDate": "2019-10-28 16:27:16",
    "calendarYear": "2019",
    "period": "Q3",
    "revenue": 11061000000,
    "costOfRevenue": 4437000000,
    "grossProfit": 6624000000,
    "grossProfitRatio": 0.5988608625,
    "researchAndDevelopmentExpenses": 0,
    "generalAndAdministrativeExpenses": 0,
    "sellingAndMarketingExpenses": 0,
    "sellingGeneralAndAdministrativeExpenses": 3498000000,
    "otherExpenses": 1655000000,
    "operatingExpenses": 5153000000,
    "costAndExpenses": 9590000000,
    "interestIncome": 5000000,
    "interestExpense": 284000000,
    "depreciationAndAmortization": 1655000000,
    "ebitda": 3134000000,
    "ebitdaratio": 0.2833378537,
    "operatingIncome": 1471000000,
    "operatingIncomeRatio": 0.1329897839,
    "totalOtherIncomeExpensesNet": -276000000,
    "incomeBeforeTax": 1195000000,
    "incomeBeforeTaxRatio": 0.108037248,
    "incomeTaxExpense": 325000000,
    "netIncome": 870000000,
    "netIncomeRatio": 0.0786547328,
    "eps": 1.02,
    "epsdiluted": 1.01,
    "weightedAverageShsOut": 854578241,
    "weightedAverageShsOutDil": 862690751,
    "link": "https://www.sec.gov/Archives/edgar/data/1283699/000128369919000119/0001283699-19-000119-index.htm",
    "finalLink": "https://www.sec.gov/Archives/edgar/data/1283699/000128369919000119/tmus09302019form10-q.htm"
  },
  {
    "date": "2019-06-30",
    "symbol": "TMUS",
    "reportedCurrency": "USD",
    "cik": "0001283699",
    "fillingDate": "2019-07-26",
    "acceptedDate": "2019-07-26 16:31:57",
    "calendarYear": "2019",
    "period": "Q2",
    "revenue": 10979000000,
    "costOfRevenue": 4310000000,
    "grossProfit": 6669000000,
    "grossProfitRatio": 0.6074323709,
    "researchAndDevelopmentExpenses": 0,
    "generalAndAdministrativeExpenses": 0,
    "sellingAndMarketingExpenses": 0,
    "sellingGeneralAndAdministrativeExpenses": 3543000000,
    "otherExpenses": 1585000000,
    "operatingExpenses": 5128000000,
    "costAndExpenses": 9438000000,
    "interestIncome": 4000000,
    "interestExpense": 283000000,
    "depreciationAndAmortization": 1585000000,
    "ebitda": 3108000000,
    "ebitdaratio": 0.2830858912,
    "operatingIncome": 1541000000,
    "operatingIncomeRatio": 0.1403588669,
    "totalOtherIncomeExpensesNet": -301000000,
    "incomeBeforeTax": 1240000000,
    "incomeBeforeTaxRatio": 0.112942891,
    "incomeTaxExpense": 301000000,
    "netIncome": 939000000,
    "netIncomeRatio": 0.085526915,
    "eps": 1.1,
    "epsdiluted": 1.09,
    "weightedAverageShsOut": 854368443,
    "weightedAverageShsOutDil": 860135593,
    "link": "https://www.sec.gov/Archives/edgar/data/1283699/000128369919000109/0001283699-19-000109-index.htm",
    "finalLink": "https://www.sec.gov/Archives/edgar/data/1283699/000128369919000109/tmus06302019form10-q.htm"
  },
  {
    "date": "2019-03-31",
    "symbol": "TMUS",
    "reportedCurrency": "USD",
    "cik": "0001283699",
    "fillingDate": "2019-04-25",
    "acceptedDate": "2019-04-25 16:26:07",
    "calendarYear": "2019",
    "period": "Q1",
    "revenue": 11080000000,
    "costOfRevenue": 4562000000,
    "grossProfit": 6518000000,
    "grossProfitRatio": 0.588267148,
    "researchAndDevelopmentExpenses": 0,
    "generalAndAdministrativeExpenses": 0,
    "sellingAndMarketingExpenses": 0,
    "sellingGeneralAndAdministrativeExpenses": 3442000000,
    "otherExpenses": 1600000000,
    "operatingExpenses": 5042000000,
    "costAndExpenses": 9604000000,
    "interestIncome": 8000000,
    "interestExpense": 288000000,
    "depreciationAndAmortization": 1600000000,
    "ebitda": 3091000000,
    "ebitdaratio": 0.2789711191,
    "operatingIncome": 1476000000,
    "operatingIncomeRatio": 0.1332129964,
    "totalOtherIncomeExpensesNet": -273000000,
    "incomeBeforeTax": 1203000000,
    "incomeBeforeTaxRatio": 0.1085740072,
    "incomeTaxExpense": 295000000,
    "netIncome": 908000000,
    "netIncomeRatio": 0.0819494585,
    "eps": 1.07,
    "epsdiluted": 1.06,
    "weightedAverageShsOut": 851223498,
    "weightedAverageShsOutDil": 858643481,
    "link": "https://www.sec.gov/Archives/edgar/data/1283699/000128369919000077/0001283699-19-000077-index.htm",
    "finalLink": "https://www.sec.gov/Archives/edgar/data/1283699/000128369919000077/tmus03312019form10-q.htm"
  },
  {
    "date": "2018-12-31",
    "symbol": "TMUS",
    "reportedCurrency": "USD",
    "cik": "0001283699",
    "fillingDate": "2019-02-07",
    "acceptedDate": "2019-02-07 07:46:51",
    "calendarYear": "2018",
    "period": "Q4",
    "revenue": 11445000000,
    "costOfRevenue": 5170000000,
    "grossProfit": 6275000000,
    "grossProfitRatio": 0.5482743556,
    "researchAndDevelopmentExpenses": 0,
    "generalAndAdministrativeExpenses": 3498000000,
    "sellingAndMarketingExpenses": 0,
    "sellingGeneralAndAdministrativeExpenses": 3498000000,
    "otherExpenses": 1640000000,
    "operatingExpenses": 5138000000,
    "costAndExpenses": 10308000000,
    "interestIncome": 2000000,
    "interestExpense": 298000000,
    "depreciationAndAmortization": 1640000000,
    "ebitda": 2776000000,
    "ebitdaratio": 0.2425513325,
    "operatingIncome": 1137000000,
    "operatingIncomeRatio": 0.099344692,
    "totalOtherIncomeExpensesNet": -299000000,
    "incomeBeforeTax": 838000000,
    "incomeBeforeTaxRatio": 0.0732197466,
    "incomeTaxExpense": 198000000,
    "netIncome": 640000000,
    "netIncomeRatio": 0.0559196156,
    "eps": 0.75,
    "epsdiluted": 0.75,
    "weightedAverageShsOut": 849102785,
    "weightedAverageShsOutDil": 856344347,
    "link": "https://www.sec.gov/Archives/edgar/data/1283699/000128369919000015/0001283699-19-000015-index.htm",
    "finalLink": "https://www.sec.gov/Archives/edgar/data/1283699/000128369919000015/tmus12312018form10-k.htm"
  },
  {
    "date": "2018-09-30",
    "symbol": "TMUS",
    "reportedCurrency": "USD",
    "cik": "0001283699",
    "fillingDate": "2018-10-30",
    "acceptedDate": "2018-10-30 16:08:05",
    "calendarYear": "2018",
    "period": "Q3",
    "revenue": 10839000000,
    "costOfRevenue": 4448000000,
    "grossProfit": 6391000000,
    "grossProfitRatio": 0.5896300397,
    "researchAndDevelopmentExpenses": 0,
    "generalAndAdministrativeExpenses": 3314000000,
    "sellingAndMarketingExpenses": 0,
    "sellingGeneralAndAdministrativeExpenses": 3314000000,
    "otherExpenses": 1637000000,
    "operatingExpenses": 4951000000,
    "costAndExpenses": 9399000000,
    "interestIncome": 5000000,
    "interestExpense": 318000000,
    "depreciationAndAmortization": 1637000000,
    "ebitda": 3085000000,
    "ebitdaratio": 0.2846203524,
    "operatingIncome": 1440000000,
    "operatingIncomeRatio": 0.1328535843,
    "totalOtherIncomeExpensesNet": -310000000,
    "incomeBeforeTax": 1130000000,
    "incomeBeforeTaxRatio": 0.1042531599,
    "incomeTaxExpense": 335000000,
    "netIncome": 795000000,
    "netIncomeRatio": 0.0733462497,
    "eps": 0.94,
    "epsdiluted": 0.93,
    "weightedAverageShsOut": 847087120,
    "weightedAverageShsOutDil": 853852764,
    "link": "https://www.sec.gov/Archives/edgar/data/1283699/000128369918000060/0001283699-18-000060-index.htm",
    "finalLink": "https://www.sec.gov/Archives/edgar/data/1283699/000128369918000060/tmus09302018form10-q.htm"
  },
  {
    "date": "2018-06-30",
    "symbol": "TMUS",
    "reportedCurrency": "USD",
    "cik": "0001283699",
    "fillingDate": "2018-08-01",
    "acceptedDate": "2018-08-01 16:19:54",
    "calendarYear": "2018",
    "period": "Q2",
    "revenue": 10571000000,
    "costOfRevenue": 4302000000,
    "grossProfit": 6269000000,
    "grossProfitRatio": 0.5930375556,
    "researchAndDevelopmentExpenses": 0,
    "generalAndAdministrativeExpenses": 3185000000,
    "sellingAndMarketingExpenses": 0,
    "sellingGeneralAndAdministrativeExpenses": 3185000000,
    "otherExpenses": 1634000000,
    "operatingExpenses": 4819000000,
    "costAndExpenses": 9121000000,
    "interestIncome": 6000000,
    "interestExpense": 324000000,
    "depreciationAndAmortization": 1634000000,
    "ebitda": 3026000000,
    "ebitdaratio": 0.2862548482,
    "operatingIncome": 1450000000,
    "operatingIncomeRatio": 0.137167723,
    "totalOtherIncomeExpensesNet": -382000000,
    "incomeBeforeTax": 1068000000,
    "incomeBeforeTaxRatio": 0.1010311229,
    "incomeTaxExpense": 286000000,
    "netIncome": 782000000,
    "netIncomeRatio": 0.073975972,
    "eps": 0.92,
    "epsdiluted": 0.92,
    "weightedAverageShsOut": 847660488,
    "weightedAverageShsOutDil": 852040670,
    "link": "https://www.sec.gov/Archives/edgar/data/1283699/000128369918000045/0001283699-18-000045-index.htm",
    "finalLink": "https://www.sec.gov/Archives/edgar/data/1283699/000128369918000045/tmus06302018form10-q.htm"
  },
  {
    "date": "2018-03-31",
    "symbol": "TMUS",
    "reportedCurrency": "USD",
    "cik": "0001283699",
    "fillingDate": "2018-05-01",
    "acceptedDate": "2018-05-01 16:13:24",
    "calendarYear": "2018",
    "period": "Q1",
    "revenue": 10455000000,
    "costOfRevenue": 4434000000,
    "grossProfit": 6021000000,
    "grossProfitRatio": 0.5758967001,
    "researchAndDevelopmentExpenses": 0,
    "generalAndAdministrativeExpenses": 3164000000,
    "sellingAndMarketingExpenses": 0,
    "sellingGeneralAndAdministrativeExpenses": 3164000000,
    "otherExpenses": 1575000000,
    "operatingExpenses": 4739000000,
    "costAndExpenses": 9173000000,
    "interestIncome": 6000000,
    "interestExpense": 417000000,
    "depreciationAndAmortization": 1575000000,
    "ebitda": 2873000000,
    "ebitdaratio": 0.274796748,
    "operatingIncome": 1282000000,
    "operatingIncomeRatio": 0.1226207556,
    "totalOtherIncomeExpensesNet": -401000000,
    "incomeBeforeTax": 881000000,
    "incomeBeforeTaxRatio": 0.0842659015,
    "incomeTaxExpense": 210000000,
    "netIncome": 671000000,
    "netIncomeRatio": 0.0641798183,
    "eps": 0.78,
    "epsdiluted": 0.78,
    "weightedAverageShsOut": 855222664,
    "weightedAverageShsOutDil": 862244084,
    "link": "https://www.sec.gov/Archives/edgar/data/1283699/000128369918000026/0001283699-18-000026-index.htm",
    "finalLink": "https://www.sec.gov/Archives/edgar/data/1283699/000128369918000026/tmus03312018form10-q.htm"
  },
  {
    "date": "2017-12-31",
    "symbol": "TMUS",
    "reportedCurrency": "USD",
    "cik": "0001283699",
    "fillingDate": "2018-02-08",
    "acceptedDate": "2018-02-08 06:15:41",
    "calendarYear": "2017",
    "period": "Q4",
    "revenue": 10759000000,
    "costOfRevenue": 5039000000,
    "grossProfit": 5720000000,
    "grossProfitRatio": 0.5316479227,
    "researchAndDevelopmentExpenses": 0,
    "generalAndAdministrativeExpenses": 3291000000,
    "sellingAndMarketingExpenses": 0,
    "sellingGeneralAndAdministrativeExpenses": 3291000000,
    "otherExpenses": 1317000000,
    "operatingExpenses": 4608000000,
    "costAndExpenses": 9647000000,
    "interestIncome": 2000000,
    "interestExpense": 416000000,
    "depreciationAndAmortization": 1485000000,
    "ebitda": 2615000000,
    "ebitdaratio": 0.2430523283,
    "operatingIncome": 1112000000,
    "operatingIncomeRatio": 0.1033553304,
    "totalOtherIncomeExpensesNet": -398000000,
    "incomeBeforeTax": 714000000,
    "incomeBeforeTaxRatio": 0.0663630449,
    "incomeTaxExpense": -1993000000,
    "netIncome": 2707000000,
    "netIncomeRatio": 0.2516033089,
    "eps": 3.22,
    "epsdiluted": 3.11,
    "weightedAverageShsOut": 837416683,
    "weightedAverageShsOutDil": 871501578,
    "link": "https://www.sec.gov/Archives/edgar/data/1283699/000128369918000011/0001283699-18-000011-index.htm",
    "finalLink": "https://www.sec.gov/Archives/edgar/data/1283699/000128369918000011/tmus12312017form10-k.htm"
  },
  {
    "date": "2017-09-30",
    "symbol": "TMUS",
    "reportedCurrency": "USD",
    "cik": "0001283699",
    "fillingDate": "2017-10-23",
    "acceptedDate": "2017-10-23 07:37:08",
    "calendarYear": "2017",
    "period": "Q3",
    "revenue": 10019000000,
    "costOfRevenue": 4211000000,
    "grossProfit": 5808000000,
    "grossProfitRatio": 0.5796985727,
    "researchAndDevelopmentExpenses": 0,
    "generalAndAdministrativeExpenses": 3098000000,
    "sellingAndMarketingExpenses": 0,
    "sellingGeneralAndAdministrativeExpenses": 3098000000,
    "otherExpenses": 1387000000,
    "operatingExpenses": 4485000000,
    "costAndExpenses": 8696000000,
    "interestIncome": 2000000,
    "interestExpense": 420000000,
    "depreciationAndAmortization": 1416000000,
    "ebitda": 2742000000,
    "ebitdaratio": 0.273680008,
    "operatingIncome": 1323000000,
    "operatingIncomeRatio": 0.1320491067,
    "totalOtherIncomeExpensesNet": -417000000,
    "incomeBeforeTax": 906000000,
    "incomeBeforeTaxRatio": 0.0904281864,
    "incomeTaxExpense": 356000000,
    "netIncome": 550000000,
    "netIncomeRatio": 0.0548956982,
    "eps": 0.66,
    "epsdiluted": 0.63,
    "weightedAverageShsOut": 831189779,
    "weightedAverageShsOutDil": 871420065,
    "link": "https://www.sec.gov/Archives/edgar/data/1283699/000128369917000043/0001283699-17-000043-index.htm",
    "finalLink": "https://www.sec.gov/Archives/edgar/data/1283699/000128369917000043/tmus09302017form10-q.htm"
  },
  {
    "date": "2017-06-30",
    "symbol": "TMUS",
    "reportedCurrency": "USD",
    "cik": "0001283699",
    "fillingDate": "2017-07-20",
    "acceptedDate": "2017-07-20 16:07:10",
    "calendarYear": "2017",
    "period": "Q2",
    "revenue": 10213000000,
    "costOfRevenue": 4364000000,
    "grossProfit": 5849000000,
    "grossProfitRatio": 0.5727014589,
    "researchAndDevelopmentExpenses": 0,
    "generalAndAdministrativeExpenses": 2915000000,
    "sellingAndMarketingExpenses": 0,
    "sellingGeneralAndAdministrativeExpenses": 2915000000,
    "otherExpenses": 1518000000,
    "operatingExpenses": 4433000000,
    "costAndExpenses": 8797000000,
    "interestIncome": 6000000,
    "interestExpense": 396000000,
    "depreciationAndAmortization": 1519000000,
    "ebitda": 2849000000,
    "ebitdaratio": 0.2789581905,
    "operatingIncome": 1416000000,
    "operatingIncomeRatio": 0.1386468227,
    "totalOtherIncomeExpensesNet": -482000000,
    "incomeBeforeTax": 934000000,
    "incomeBeforeTaxRatio": 0.0914520709,
    "incomeTaxExpense": 353000000,
    "netIncome": 581000000,
    "netIncomeRatio": 0.0568882796,
    "eps": 0.68,
    "epsdiluted": 0.66,
    "weightedAverageShsOut": 830971528,
    "weightedAverageShsOutDil": 870456447,
    "link": "https://www.sec.gov/Archives/edgar/data/1283699/000128369917000032/0001283699-17-000032-index.htm",
    "finalLink": "https://www.sec.gov/Archives/edgar/data/1283699/000128369917000032/tmus06302017form10-q.htm"
  },
  {
    "date": "2017-03-31",
    "symbol": "TMUS",
    "reportedCurrency": "USD",
    "cik": "0001283699",
    "fillingDate": "2017-04-24",
    "acceptedDate": "2017-04-24 16:15:44",
    "calendarYear": "2017",
    "period": "Q1",
    "revenue": 9613000000,
    "costOfRevenue": 4094000000,
    "grossProfit": 5519000000,
    "grossProfitRatio": 0.5741183814,
    "researchAndDevelopmentExpenses": 0,
    "generalAndAdministrativeExpenses": 2955000000,
    "sellingAndMarketingExpenses": 0,
    "sellingGeneralAndAdministrativeExpenses": 2955000000,
    "otherExpenses": 1527000000,
    "operatingExpenses": 4482000000,
    "costAndExpenses": 8576000000,
    "interestIncome": 7000000,
    "interestExpense": 439000000,
    "depreciationAndAmortization": 1564000000,
    "ebitda": 2610000000,
    "ebitdaratio": 0.2715073338,
    "operatingIncome": 1037000000,
    "operatingIncomeRatio": 0.1078747529,
    "totalOtherIncomeExpensesNet": -430000000,
    "incomeBeforeTax": 607000000,
    "incomeBeforeTaxRatio": 0.0631436596,
    "incomeTaxExpense": -91000000,
    "netIncome": 698000000,
    "netIncomeRatio": 0.0726100073,
    "eps": 0.82,
    "epsdiluted": 0.79,
    "weightedAverageShsOut": 827723034,
    "weightedAverageShsOutDil": 869395984,
    "link": "https://www.sec.gov/Archives/edgar/data/1283699/000128369917000022/0001283699-17-000022-index.htm",
    "finalLink": "https://www.sec.gov/Archives/edgar/data/1283699/000128369917000022/tmus03312017form10-q.htm"
  },
  {
    "date": "2016-12-31",
    "symbol": "TMUS",
    "reportedCurrency": "USD",
    "cik": "0001283699",
    "fillingDate": "2017-02-14",
    "acceptedDate": "2017-02-14 07:37:53",
    "calendarYear": "2016",
    "period": "Q4",
    "revenue": 10175000000,
    "costOfRevenue": 4732000000,
    "grossProfit": 5443000000,
    "grossProfitRatio": 0.5349385749,
    "researchAndDevelopmentExpenses": 0,
    "generalAndAdministrativeExpenses": 2959000000,
    "sellingAndMarketingExpenses": 0,
    "sellingGeneralAndAdministrativeExpenses": 2959000000,
    "otherExpenses": 1542000000,
    "operatingExpenses": 4501000000,
    "costAndExpenses": 9233000000,
    "interestIncome": 63000000,
    "interestExpense": 399000000,
    "depreciationAndAmortization": 1548000000,
    "ebitda": 2553000000,
    "ebitdaratio": 0.2509090909,
    "operatingIncome": 942000000,
    "operatingIncomeRatio": 0.0925798526,
    "totalOtherIncomeExpensesNet": -336000000,
    "incomeBeforeTax": 606000000,
    "incomeBeforeTaxRatio": 0.0595577396,
    "incomeTaxExpense": 216000000,
    "netIncome": 390000000,
    "netIncomeRatio": 0.0383292383,
    "eps": 0.45,
    "epsdiluted": 0.43,
    "weightedAverageShsOut": 824982734,
    "weightedAverageShsOutDil": 867262400,
    "link": "https://www.sec.gov/Archives/edgar/data/1283699/000128369917000010/0001283699-17-000010-index.htm",
    "finalLink": "https://www.sec.gov/Archives/edgar/data/1283699/000128369917000010/tmus12312016form10-k.htm"
  },
  {
    "date": "2016-09-30",
    "symbol": "TMUS",
    "reportedCurrency": "USD",
    "cik": "0001283699",
    "fillingDate": "2016-10-24",
    "acceptedDate": "2016-10-24 07:37:14",
    "calendarYear": "2016",
    "period": "Q3",
    "revenue": 9305000000,
    "costOfRevenue": 3975000000,
    "grossProfit": 5330000000,
    "grossProfitRatio": 0.572810317,
    "researchAndDevelopmentExpenses": 0,
    "generalAndAdministrativeExpenses": 2898000000,
    "sellingAndMarketingExpenses": 0,
    "sellingGeneralAndAdministrativeExpenses": 2898000000,
    "otherExpenses": 1384000000,
    "operatingExpenses": 4282000000,
    "costAndExpenses": 8257000000,
    "interestIncome": 3000000,
    "interestExpense": 452000000,
    "depreciationAndAmortization": 1568000000,
    "ebitda": 2618000000,
    "ebitdaratio": 0.2813541107,
    "operatingIncome": 1048000000,
    "operatingIncomeRatio": 0.1126276196,
    "totalOtherIncomeExpensesNet": -450000000,
    "incomeBeforeTax": 598000000,
    "incomeBeforeTaxRatio": 0.0642665234,
    "incomeTaxExpense": 232000000,
    "netIncome": 366000000,
    "netIncomeRatio": 0.0393336916,
    "eps": 0.43,
    "epsdiluted": 0.42,
    "weightedAverageShsOut": 822998697,
    "weightedAverageShsOutDil": 832257819,
    "link": "https://www.sec.gov/Archives/edgar/data/1283699/000128369916000115/0001283699-16-000115-index.htm",
    "finalLink": "https://www.sec.gov/Archives/edgar/data/1283699/000128369916000115/tmus09302016form10-q.htm"
  },
  {
    "date": "2016-06-30",
    "symbol": "TMUS",
    "reportedCurrency": "USD",
    "cik": "0001283699",
    "fillingDate": "2016-07-27",
    "acceptedDate": "2016-07-27 07:40:25",
    "calendarYear": "2016",
    "period": "Q2",
    "revenue": 9287000000,
    "costOfRevenue": 4048000000,
    "grossProfit": 5239000000,
    "grossProfitRatio": 0.5641218908,
    "researchAndDevelopmentExpenses": 0,
    "generalAndAdministrativeExpenses": 2772000000,
    "sellingAndMarketingExpenses": 0,
    "sellingGeneralAndAdministrativeExpenses": 2772000000,
    "otherExpenses": 1634000000,
    "operatingExpenses": 4406000000,
    "costAndExpenses": 8454000000,
    "interestIncome": 3000000,
    "interestExpense": 461000000,
    "depreciationAndAmortization": 1575000000,
    "ebitda": 2408000000,
    "ebitdaratio": 0.2592871756,
    "operatingIncome": 833000000,
    "operatingIncomeRatio": 0.089695273,
    "totalOtherIncomeExpensesNet": -461000000,
    "incomeBeforeTax": 372000000,
    "incomeBeforeTaxRatio": 0.0400559922,
    "incomeTaxExpense": 147000000,
    "netIncome": 225000000,
    "netIncomeRatio": 0.0242274147,
    "eps": 0.26,
    "epsdiluted": 0.25,
    "weightedAverageShsOut": 822434490,
    "weightedAverageShsOutDil": 829752956,
    "link": "https://www.sec.gov/Archives/edgar/data/1283699/000128369916000100/0001283699-16-000100-index.htm",
    "finalLink": "https://www.sec.gov/Archives/edgar/data/1283699/000128369916000100/tmus06302016form10-q.htm"
  },
  {
    "date": "2016-03-31",
    "symbol": "TMUS",
    "reportedCurrency": "USD",
    "cik": "0001283699",
    "fillingDate": "2016-04-26",
    "acceptedDate": "2016-04-26 06:21:56",
    "calendarYear": "2016",
    "period": "Q1",
    "revenue": 8664000000,
    "costOfRevenue": 3795000000,
    "grossProfit": 4869000000,
    "grossProfitRatio": 0.5619806094,
    "researchAndDevelopmentExpenses": 0,
    "generalAndAdministrativeExpenses": 2749000000,
    "sellingAndMarketingExpenses": 0,
    "sellingGeneralAndAdministrativeExpenses": 2749000000,
    "otherExpenses": 952000000,
    "operatingExpenses": 3701000000,
    "costAndExpenses": 7496000000,
    "interestIncome": 3000000,
    "interestExpense": 418000000,
    "depreciationAndAmortization": 1552000000,
    "ebitda": 2721000000,
    "ebitdaratio": 0.3140581717,
    "operatingIncome": 1168000000,
    "operatingIncomeRatio": 0.134810711,
    "totalOtherIncomeExpensesNet": -417000000,
    "incomeBeforeTax": 751000000,
    "incomeBeforeTaxRatio": 0.0866805171,
    "incomeTaxExpense": 272000000,
    "netIncome": 479000000,
    "netIncomeRatio": 0.0552862419,
    "eps": 0.57,
    "epsdiluted": 0.56,
    "weightedAverageShsOut": 819431761,
    "weightedAverageShsOutDil": 859382827,
    "link": "https://www.sec.gov/Archives/edgar/data/1283699/000128369916000083/0001283699-16-000083-index.htm",
    "finalLink": "https://www.sec.gov/Archives/edgar/data/1283699/000128369916000083/tmus03312016form10-q.htm"
  },
  {
    "date": "2015-12-31",
    "symbol": "TMUS",
    "reportedCurrency": "USD",
    "cik": "0001283699",
    "fillingDate": "2016-02-17",
    "acceptedDate": "2016-02-17 06:09:43",
    "calendarYear": "2015",
    "period": "Q4",
    "revenue": 8247000000,
    "costOfRevenue": 3403000000,
    "grossProfit": 4844000000,
    "grossProfitRatio": 0.5873651025,
    "researchAndDevelopmentExpenses": 0,
    "generalAndAdministrativeExpenses": 2755000000,
    "sellingAndMarketingExpenses": 0,
    "sellingGeneralAndAdministrativeExpenses": 2755000000,
    "otherExpenses": 1251000000,
    "operatingExpenses": 4006000000,
    "costAndExpenses": 7409000000,
    "interestIncome": 85000000,
    "interestExpense": 439000000,
    "depreciationAndAmortization": 1369000000,
    "ebitda": 2289000000,
    "ebitdaratio": 0.2775554747,
    "operatingIncome": 838000000,
    "operatingIncomeRatio": 0.1016127077,
    "totalOtherIncomeExpensesNet": -357000000,
    "incomeBeforeTax": 481000000,
    "incomeBeforeTaxRatio": 0.0583242391,
    "incomeTaxExpense": 184000000,
    "netIncome": 297000000,
    "netIncomeRatio": 0.0360130957,
    "eps": 0.35,
    "epsdiluted": 0.34,
    "weightedAverageShsOut": 816585782,
    "weightedAverageShsOutDil": 824716119,
    "link": "https://www.sec.gov/Archives/edgar/data/1283699/000128369916000073/0001283699-16-000073-index.htm",
    "finalLink": "https://www.sec.gov/Archives/edgar/data/1283699/000128369916000073/tmus12312015form10-k.htm"
  },
  {
    "date": "2015-09-30",
    "symbol": "TMUS",
    "reportedCurrency": "USD",
    "cik": "0001283699",
    "fillingDate": "2015-10-27",
    "acceptedDate": "2015-10-27 07:50:50",
    "calendarYear": "2015",
    "period": "Q3",
    "revenue": 7849000000,
    "costOfRevenue": 3363000000,
    "grossProfit": 4486000000,
    "grossProfitRatio": 0.5715377755,
    "researchAndDevelopmentExpenses": 0,
    "generalAndAdministrativeExpenses": 2624000000,
    "sellingAndMarketingExpenses": 0,
    "sellingGeneralAndAdministrativeExpenses": 2624000000,
    "otherExpenses": 1349000000,
    "operatingExpenses": 3973000000,
    "costAndExpenses": 7336000000,
    "interestIncome": 109000000,
    "interestExpense": 383000000,
    "depreciationAndAmortization": 1157000000,
    "ebitda": 1778000000,
    "ebitdaratio": 0.2265256721,
    "operatingIncome": 513000000,
    "operatingIncomeRatio": 0.0653586444,
    "totalOtherIncomeExpensesNet": -275000000,
    "incomeBeforeTax": 238000000,
    "incomeBeforeTaxRatio": 0.0303223341,
    "incomeTaxExpense": 100000000,
    "netIncome": 138000000,
    "netIncomeRatio": 0.0175818576,
    "eps": 0.15,
    "epsdiluted": 0.15,
    "weightedAverageShsOut": 815069272,
    "weightedAverageShsOutDil": 822017220,
    "link": "https://www.sec.gov/Archives/edgar/data/1283699/000128369915000055/0001283699-15-000055-index.htm",
    "finalLink": "https://www.sec.gov/Archives/edgar/data/1283699/000128369915000055/tmus09302015form10-q.htm"
  },
  {
    "date": "2015-06-30",
    "symbol": "TMUS",
    "reportedCurrency": "USD",
    "cik": "0001283699",
    "fillingDate": "2015-07-30",
    "acceptedDate": "2015-07-30 07:44:12",
    "calendarYear": "2015",
    "period": "Q2",
    "revenue": 8179000000,
    "costOfRevenue": 4058000000,
    "grossProfit": 4121000000,
    "grossProfitRatio": 0.5038513266,
    "researchAndDevelopmentExpenses": 0,
    "generalAndAdministrativeExpenses": 2438000000,
    "sellingAndMarketingExpenses": 0,
    "sellingGeneralAndAdministrativeExpenses": 2438000000,
    "otherExpenses": 1086000000,
    "operatingExpenses": 3524000000,
    "costAndExpenses": 7582000000,
    "interestIncome": 114000000,
    "interestExpense": 349000000,
    "depreciationAndAmortization": 1075000000,
    "ebitda": 1787000000,
    "ebitdaratio": 0.2184863675,
    "operatingIncome": 597000000,
    "operatingIncomeRatio": 0.0729918083,
    "totalOtherIncomeExpensesNet": -234000000,
    "incomeBeforeTax": 363000000,
    "incomeBeforeTaxRatio": 0.0443819538,
    "incomeTaxExpense": 2000000,
    "netIncome": 361000000,
    "netIncomeRatio": 0.0441374251,
    "eps": 0.43,
    "epsdiluted": 0.42,
    "weightedAverageShsOut": 811605031,
    "weightedAverageShsOutDil": 821122537,
    "link": "https://www.sec.gov/Archives/edgar/data/1283699/000128369915000038/0001283699-15-000038-index.htm",
    "finalLink": "https://www.sec.gov/Archives/edgar/data/1283699/000128369915000038/tmus06302015form10-q.htm"
  },
  {
    "date": "2015-03-31",
    "symbol": "TMUS",
    "reportedCurrency": "USD",
    "cik": "0001283699",
    "fillingDate": "2015-04-28",
    "acceptedDate": "2015-04-28 07:43:18",
    "calendarYear": "2015",
    "period": "Q1",
    "revenue": 7778000000,
    "costOfRevenue": 4074000000,
    "grossProfit": 3704000000,
    "grossProfitRatio": 0.4762149653,
    "researchAndDevelopmentExpenses": 0,
    "generalAndAdministrativeExpenses": 2372000000,
    "sellingAndMarketingExpenses": 0,
    "sellingGeneralAndAdministrativeExpenses": 2372000000,
    "otherExpenses": 1215000000,
    "operatingExpenses": 3587000000,
    "costAndExpenses": 7661000000,
    "interestIncome": 112000000,
    "interestExpense": 325000000,
    "depreciationAndAmortization": 1087000000,
    "ebitda": 1308000000,
    "ebitdaratio": 0.1681666238,
    "operatingIncome": 117000000,
    "operatingIncomeRatio": 0.0150424274,
    "totalOtherIncomeExpensesNet": -221000000,
    "incomeBeforeTax": -104000000,
    "incomeBeforeTaxRatio": -0.0133710465,
    "incomeTaxExpense": -41000000,
    "netIncome": -63000000,
    "netIncomeRatio": -0.0080997686,
    "eps": -0.0952,
    "epsdiluted": -0.0952,
    "weightedAverageShsOut": 808605526,
    "weightedAverageShsOutDil": 808605526,
    "link": "https://www.sec.gov/Archives/edgar/data/1283699/000128369915000018/0001283699-15-000018-index.htm",
    "finalLink": "https://www.sec.gov/Archives/edgar/data/1283699/000128369915000018/tmus03312015form10-q.htm"
  },
  {
    "date": "2014-12-31",
    "symbol": "TMUS",
    "reportedCurrency": "USD",
    "cik": "0001283699",
    "fillingDate": "2015-02-19",
    "acceptedDate": "2015-02-18 21:30:33",
    "calendarYear": "2014",
    "period": "Q4",
    "revenue": 8154000000,
    "costOfRevenue": 4195000000,
    "grossProfit": 3959000000,
    "grossProfitRatio": 0.4855285749,
    "researchAndDevelopmentExpenses": 0,
    "generalAndAdministrativeExpenses": 2333000000,
    "sellingAndMarketingExpenses": 0,
    "sellingGeneralAndAdministrativeExpenses": 2333000000,
    "otherExpenses": 1193000000,
    "operatingExpenses": 3526000000,
    "costAndExpenses": 7721000000,
    "interestIncome": 104000000,
    "interestExpense": 358000000,
    "depreciationAndAmortization": 1090000000,
    "ebitda": 1648000000,
    "ebitdaratio": 0.2021093942,
    "operatingIncome": 433000000,
    "operatingIncomeRatio": 0.0531027716,
    "totalOtherIncomeExpensesNet": -233000000,
    "incomeBeforeTax": 200000000,
    "incomeBeforeTaxRatio": 0.0245278391,
    "incomeTaxExpense": 99000000,
    "netIncome": 101000000,
    "netIncomeRatio": 0.0123865587,
    "eps": 0.13,
    "epsdiluted": 0.12,
    "weightedAverageShsOut": 807420793,
    "weightedAverageShsOutDil": 808605526,
    "link": "https://www.sec.gov/Archives/edgar/data/1283699/000128369915000010/0001283699-15-000010-index.htm",
    "finalLink": "https://www.sec.gov/Archives/edgar/data/1283699/000128369915000010/tmus12312014form10-k.htm"
  },
  {
    "date": "2014-09-30",
    "symbol": "TMUS",
    "reportedCurrency": "USD",
    "cik": "0001283699",
    "fillingDate": "2014-10-28",
    "acceptedDate": "2014-10-27 21:23:14",
    "calendarYear": "2014",
    "period": "Q3",
    "revenue": 7350000000,
    "costOfRevenue": 3796000000,
    "grossProfit": 3554000000,
    "grossProfitRatio": 0.483537415,
    "researchAndDevelopmentExpenses": 0,
    "generalAndAdministrativeExpenses": 2283000000,
    "sellingAndMarketingExpenses": 0,
    "sellingGeneralAndAdministrativeExpenses": 2283000000,
    "otherExpenses": 1222000000,
    "operatingExpenses": 3505000000,
    "costAndExpenses": 7301000000,
    "interestIncome": 97000000,
    "interestExpense": 343000000,
    "depreciationAndAmortization": 1138000000,
    "ebitda": 1270000000,
    "ebitdaratio": 0.1727891156,
    "operatingIncome": 49000000,
    "operatingIncomeRatio": 0.0066666667,
    "totalOtherIncomeExpensesNet": -260000000,
    "incomeBeforeTax": -211000000,
    "incomeBeforeTaxRatio": -0.028707483,
    "incomeTaxExpense": -117000000,
    "netIncome": -94000000,
    "netIncomeRatio": -0.0127891156,
    "eps": -0.12,
    "epsdiluted": -0.12,
    "weightedAverageShsOut": 783339861,
    "weightedAverageShsOutDil": 807221761,
    "link": "https://www.sec.gov/Archives/edgar/data/1283699/000128369914000053/0001283699-14-000053-index.htm",
    "finalLink": "https://www.sec.gov/Archives/edgar/data/1283699/000128369914000053/tmus09302014form10-q.htm"
  },
  {
    "date": "2014-06-30",
    "symbol": "TMUS",
    "reportedCurrency": "USD",
    "cik": "0001283699",
    "fillingDate": "2014-07-31",
    "acceptedDate": "2014-07-30 20:44:30",
    "calendarYear": "2014",
    "period": "Q2",
    "revenue": 7185000000,
    "costOfRevenue": 3668000000,
    "grossProfit": 3517000000,
    "grossProfitRatio": 0.4894919972,
    "researchAndDevelopmentExpenses": 0,
    "generalAndAdministrativeExpenses": 2151000000,
    "sellingAndMarketingExpenses": 0,
    "sellingGeneralAndAdministrativeExpenses": 2151000000,
    "otherExpenses": 404000000,
    "operatingExpenses": 2555000000,
    "costAndExpenses": 6223000000,
    "interestIncome": 83000000,
    "interestExpense": 356000000,
    "depreciationAndAmortization": 1129000000,
    "ebitda": 2162000000,
    "ebitdaratio": 0.3009046625,
    "operatingIncome": 962000000,
    "operatingIncomeRatio": 0.1338900487,
    "totalOtherIncomeExpensesNet": -285000000,
    "incomeBeforeTax": 677000000,
    "incomeBeforeTaxRatio": 0.0942240779,
    "incomeTaxExpense": 286000000,
    "netIncome": 391000000,
    "netIncomeRatio": 0.0544189283,
    "eps": 0.49,
    "epsdiluted": 0.48,
    "weightedAverageShsOut": 803923913,
    "weightedAverageShsOutDil": 813556137,
    "link": "https://www.sec.gov/Archives/edgar/data/1283699/000128369914000035/0001283699-14-000035-index.htm",
    "finalLink": "https://www.sec.gov/Archives/edgar/data/1283699/000128369914000035/tmus06302014form10-q.htm"
  },
  {
    "date": "2014-03-31",
    "symbol": "TMUS",
    "reportedCurrency": "USD",
    "cik": "0001283699",
    "fillingDate": "2014-05-01",
    "acceptedDate": "2014-04-30 21:34:40",
    "calendarYear": "2014",
    "period": "Q1",
    "revenue": 6875000000,
    "costOfRevenue": 3750000000,
    "grossProfit": 3125000000,
    "grossProfitRatio": 0.4545454545,
    "researchAndDevelopmentExpenses": 0,
    "generalAndAdministrativeExpenses": 2096000000,
    "sellingAndMarketingExpenses": 0,
    "sellingGeneralAndAdministrativeExpenses": 2096000000,
    "otherExpenses": 1057000000,
    "operatingExpenses": 3153000000,
    "costAndExpenses": 6903000000,
    "interestIncome": 75000000,
    "interestExpense": 294000000,
    "depreciationAndAmortization": 1055000000,
    "ebitda": 1096000000,
    "ebitdaratio": 0.1594181818,
    "operatingIncome": -28000000,
    "operatingIncomeRatio": -0.0040727273,
    "totalOtherIncomeExpensesNet": -225000000,
    "incomeBeforeTax": -253000000,
    "incomeBeforeTaxRatio": -0.0368,
    "incomeTaxExpense": -102000000,
    "netIncome": -151000000,
    "netIncomeRatio": -0.0219636364,
    "eps": -0.19,
    "epsdiluted": -0.19,
    "weightedAverageShsOut": 794741024,
    "weightedAverageShsOutDil": 802520723,
    "link": "https://www.sec.gov/Archives/edgar/data/1283699/000128369914000022/0001283699-14-000022-index.htm",
    "finalLink": "https://www.sec.gov/Archives/edgar/data/1283699/000128369914000022/tmus03312014form10-q.htm"
  },
  {
    "date": "2013-12-31",
    "symbol": "TMUS",
    "reportedCurrency": "USD",
    "cik": "0001283699",
    "fillingDate": "2014-02-25",
    "acceptedDate": "2014-02-24 21:52:32",
    "calendarYear": "2013",
    "period": "Q4",
    "revenue": 6827000000,
    "costOfRevenue": 3538000000,
    "grossProfit": 3289000000,
    "grossProfitRatio": 0.4817635858,
    "researchAndDevelopmentExpenses": 0,
    "generalAndAdministrativeExpenses": 4900000000,
    "sellingAndMarketingExpenses": -2804000000,
    "sellingGeneralAndAdministrativeExpenses": 2096000000,
    "otherExpenses": 1054000000,
    "operatingExpenses": 3150000000,
    "costAndExpenses": 6688000000,
    "interestIncome": 64000000,
    "interestExpense": 326000000,
    "depreciationAndAmortization": 997000000,
    "ebitda": 1184000000,
    "ebitdaratio": 0.1734290318,
    "operatingIncome": 139000000,
    "operatingIncomeRatio": 0.020360334,
    "totalOtherIncomeExpensesNet": -278000000,
    "incomeBeforeTax": -139000000,
    "incomeBeforeTaxRatio": -0.020360334,
    "incomeTaxExpense": -119000000,
    "netIncome": -20000000,
    "netIncomeRatio": -0.0029295445,
    "eps": -0.0262,
    "epsdiluted": -0.0262,
    "weightedAverageShsOut": 761964720,
    "weightedAverageShsOutDil": 761964720,
    "link": "https://www.sec.gov/Archives/edgar/data/1283699/000128369914000012/0001283699-14-000012-index.htm",
    "finalLink": "https://www.sec.gov/Archives/edgar/data/1283699/000128369914000012/tmus12312013form10k.htm"
  },
  {
    "date": "2013-09-30",
    "symbol": "TMUS",
    "reportedCurrency": "USD",
    "cik": "0001283699",
    "fillingDate": "2013-11-07",
    "acceptedDate": "2013-11-06 20:49:16",
    "calendarYear": "2013",
    "period": "Q3",
    "revenue": 6688000000,
    "costOfRevenue": 3459000000,
    "grossProfit": 3229000000,
    "grossProfitRatio": 0.4828050239,
    "researchAndDevelopmentExpenses": 0,
    "generalAndAdministrativeExpenses": 1933000000,
    "sellingAndMarketingExpenses": 1039000000,
    "sellingGeneralAndAdministrativeExpenses": 1933000000,
    "otherExpenses": 999000000,
    "operatingExpenses": 2932000000,
    "costAndExpenses": 6391000000,
    "interestIncome": 50000000,
    "interestExpense": 334000000,
    "depreciationAndAmortization": 987000000,
    "ebitda": 1327000000,
    "ebitdaratio": 0.1984150718,
    "operatingIncome": 297000000,
    "operatingIncomeRatio": 0.0444078947,
    "totalOtherIncomeExpensesNet": -291000000,
    "incomeBeforeTax": 6000000,
    "incomeBeforeTaxRatio": 0.0008971292,
    "incomeTaxExpense": 42000000,
    "netIncome": -36000000,
    "netIncomeRatio": -0.0053827751,
    "eps": -0.05,
    "epsdiluted": -0.0494,
    "weightedAverageShsOut": 720000000,
    "weightedAverageShsOutDil": 728144401,
    "link": "https://www.sec.gov/Archives/edgar/data/1283699/000128369913000127/0001283699-13-000127-index.htm",
    "finalLink": "https://www.sec.gov/Archives/edgar/data/1283699/000128369913000127/tmus09302013form10q.htm"
  },
  {
    "date": "2013-06-30",
    "symbol": "TMUS",
    "reportedCurrency": "USD",
    "cik": "0001283699",
    "fillingDate": "2013-08-08",
    "acceptedDate": "2013-08-08 10:16:35",
    "calendarYear": "2013",
    "period": "Q2",
    "revenue": 6228000000,
    "costOfRevenue": 3263000000,
    "grossProfit": 2965000000,
    "grossProfitRatio": 0.4760757868,
    "researchAndDevelopmentExpenses": 0,
    "generalAndAdministrativeExpenses": 1847000000,
    "sellingAndMarketingExpenses": 1028000000,
    "sellingGeneralAndAdministrativeExpenses": 1847000000,
    "otherExpenses": 937000000,
    "operatingExpenses": 2784000000,
    "costAndExpenses": 6047000000,
    "interestIncome": 40000000,
    "interestExpense": 334000000,
    "depreciationAndAmortization": 888000000,
    "ebitda": 1227000000,
    "ebitdaratio": 0.1970134875,
    "operatingIncome": 181000000,
    "operatingIncomeRatio": 0.0290622993,
    "totalOtherIncomeExpensesNet": 0,
    "incomeBeforeTax": 5000000,
    "incomeBeforeTaxRatio": 0.0008028259,
    "incomeTaxExpense": 21000000,
    "netIncome": -16000000,
    "netIncomeRatio": -0.002569043,
    "eps": -0.0241,
    "epsdiluted": -0.0241,
    "weightedAverageShsOut": 664603682,
    "weightedAverageShsOutDil": 664603682,
    "link": "https://www.sec.gov/Archives/edgar/data/1283699/000128369913000115/0001283699-13-000115-index.htm",
    "finalLink": "https://www.sec.gov/Archives/edgar/data/1283699/000128369913000115/tmus06302013form10q.htm"
  },
  {
    "date": "2013-03-31",
    "symbol": "TMUS",
    "reportedCurrency": "USD",
    "cik": "0001283699",
    "fillingDate": "2013-04-25",
    "acceptedDate": "2013-04-25 09:55:18",
    "calendarYear": "2013",
    "period": "Q1",
    "revenue": 4677000000,
    "costOfRevenue": 1995000000,
    "grossProfit": 2682000000,
    "grossProfitRatio": 0.5734445157,
    "researchAndDevelopmentExpenses": 0,
    "generalAndAdministrativeExpenses": 1506000000,
    "sellingAndMarketingExpenses": 0,
    "sellingGeneralAndAdministrativeExpenses": 1506000000,
    "otherExpenses": 797000000,
    "operatingExpenses": 2303000000,
    "costAndExpenses": 4298000000,
    "interestIncome": 35000000,
    "interestExpense": 229000000,
    "depreciationAndAmortization": 755000000,
    "ebitda": 1163000000,
    "ebitdaratio": 0.2486636733,
    "operatingIncome": 379000000,
    "operatingIncomeRatio": 0.0810348514,
    "totalOtherIncomeExpensesNet": -200000000,
    "incomeBeforeTax": 179000000,
    "incomeBeforeTaxRatio": 0.0382723968,
    "incomeTaxExpense": 72000000,
    "netIncome": 107000000,
    "netIncomeRatio": 0.0228779132,
    "eps": 0.58,
    "epsdiluted": 0.58,
    "weightedAverageShsOut": 182499568,
    "weightedAverageShsOutDil": 183278184,
    "link": "https://www.sec.gov/Archives/edgar/data/1283699/000128369913000088/0001283699-13-000088-index.htm",
    "finalLink": "https://www.sec.gov/Archives/edgar/data/1283699/000128369913000088/mpcs2013-q110xq.htm"
  },
  {
    "date": "2012-12-31",
    "symbol": "TMUS",
    "reportedCurrency": "USD",
    "cik": "0001283699",
    "fillingDate": "2013-03-01",
    "acceptedDate": "2013-03-01 15:46:18",
    "calendarYear": "2012",
    "period": "Q4",
    "revenue": 1284348000,
    "costOfRevenue": 796948000,
    "grossProfit": 487400000,
    "grossProfitRatio": 0.3794921626,
    "researchAndDevelopmentExpenses": 0,
    "generalAndAdministrativeExpenses": 0,
    "sellingAndMarketingExpenses": 0,
    "sellingGeneralAndAdministrativeExpenses": 189292000,
    "otherExpenses": 176593000,
    "operatingExpenses": 365885000,
    "costAndExpenses": 1162833000,
    "interestIncome": 395000,
    "interestExpense": 69270000,
    "depreciationAndAmortization": 1020969000,
    "ebitda": 298539000,
    "ebitdaratio": 0.2324440105,
    "operatingIncome": 121516000,
    "operatingIncomeRatio": 0.0946129865,
    "totalOtherIncomeExpensesNet": 0,
    "incomeBeforeTax": 57103000,
    "incomeBeforeTaxRatio": 0.0444606913,
    "incomeTaxExpense": 25437000,
    "netIncome": 31665000,
    "netIncomeRatio": 0.0246545329,
    "eps": 0.18,
    "epsdiluted": 0.18,
    "weightedAverageShsOut": 182109659,
    "weightedAverageShsOutDil": 182990270,
    "link": "https://www.sec.gov/Archives/edgar/data/1283699/000128369913000031/0001283699-13-000031-index.htm",
    "finalLink": "https://www.sec.gov/Archives/edgar/data/1283699/000128369913000031/metropcs10k-2012.htm"
  },
  {
    "date": "2012-09-30",
    "symbol": "TMUS",
    "reportedCurrency": "USD",
    "cik": "0001283699",
    "fillingDate": "2012-10-30",
    "acceptedDate": "2012-10-30 08:43:10",
    "calendarYear": "2012",
    "period": "Q3",
    "revenue": 4893000000,
    "costOfRevenue": 2007000000,
    "grossProfit": 2886000000,
    "grossProfitRatio": 0.589822195,
    "researchAndDevelopmentExpenses": 0,
    "generalAndAdministrativeExpenses": 840000000,
    "sellingAndMarketingExpenses": 823000000,
    "sellingGeneralAndAdministrativeExpenses": 1663000000,
    "otherExpenses": 8816000000,
    "operatingExpenses": 10479000000,
    "costAndExpenses": 12486000000,
    "interestIncome": 20000000,
    "interestExpense": 165000000,
    "depreciationAndAmortization": 825000000,
    "ebitda": -6733000000,
    "ebitdaratio": -1.3760474147,
    "operatingIncome": 292238000,
    "operatingIncomeRatio": 0.0597257306,
    "totalOtherIncomeExpensesNet": -13590000,
    "incomeBeforeTax": 278648000,
    "incomeBeforeTaxRatio": 0.0569482935,
    "incomeTaxExpense": 12000000,
    "netIncome": -7735000000,
    "netIncomeRatio": -1.5808297568,
    "eps": -28.9,
    "epsdiluted": -28.9,
    "weightedAverageShsOut": 267643038,
    "weightedAverageShsOutDil": 267643038,
    "link": "https://www.sec.gov/Archives/edgar/data/1283699/000128369912000047/0001283699-12-000047-index.htm",
    "finalLink": "https://www.sec.gov/Archives/edgar/data/1283699/000128369912000047/mpcs2012-q310xq.htm"
  },
  {
    "date": "2012-06-30",
    "symbol": "TMUS",
    "reportedCurrency": "USD",
    "cik": "0001283699",
    "fillingDate": "2012-07-26",
    "acceptedDate": "2012-07-26 06:33:45",
    "calendarYear": "2012",
    "period": "Q2",
    "revenue": 4883000000,
    "costOfRevenue": 1923000000,
    "grossProfit": 2960000000,
    "grossProfitRatio": 0.6061847225,
    "researchAndDevelopmentExpenses": 0,
    "generalAndAdministrativeExpenses": 871000000,
    "sellingAndMarketingExpenses": 751000000,
    "sellingGeneralAndAdministrativeExpenses": 1622000000,
    "otherExpenses": 886000000,
    "operatingExpenses": 2508000000,
    "costAndExpenses": 4431000000,
    "interestIncome": 18000000,
    "interestExpense": 151000000,
    "depreciationAndAmortization": 819000000,
    "ebitda": 1312000000,
    "ebitdaratio": 0.2686872824,
    "operatingIncome": 311948000,
    "operatingIncomeRatio": 0.0638844972,
    "totalOtherIncomeExpensesNet": -68902000,
    "incomeBeforeTax": 243046000,
    "incomeBeforeTaxRatio": 0.0497739095,
    "incomeTaxExpense": 135000000,
    "netIncome": 207000000,
    "netIncomeRatio": 0.0423919721,
    "eps": 0.78,
    "epsdiluted": 0.78,
    "weightedAverageShsOut": 267643038,
    "weightedAverageShsOutDil": 267643038,
    "link": "https://www.sec.gov/Archives/edgar/data/1283699/000128369912000008/0001283699-12-000008-index.htm",
    "finalLink": "https://www.sec.gov/Archives/edgar/data/1283699/000128369912000008/mpcs2012-q210xq.htm"
  },
  {
    "date": "2012-03-31",
    "symbol": "TMUS",
    "reportedCurrency": "USD",
    "cik": "0001283699",
    "fillingDate": "2012-04-26",
    "acceptedDate": "2012-04-26 06:42:08",
    "calendarYear": "2012",
    "period": "Q1",
    "revenue": 1276590000,
    "costOfRevenue": 847791000,
    "grossProfit": 428799000,
    "grossProfitRatio": 0.3358940615,
    "researchAndDevelopmentExpenses": 0,
    "generalAndAdministrativeExpenses": 176593000,
    "sellingAndMarketingExpenses": 0,
    "sellingGeneralAndAdministrativeExpenses": 176593000,
    "otherExpenses": 153939000,
    "operatingExpenses": 330532000,
    "costAndExpenses": 1178323000,
    "interestIncome": 375000,
    "interestExpense": 70083000,
    "depreciationAndAmortization": 152819000,
    "ebitda": 251564000,
    "ebitdaratio": 0.1970593534,
    "operatingIncome": 98267000,
    "operatingIncomeRatio": 0.0769761631,
    "totalOtherIncomeExpensesNet": 0,
    "incomeBeforeTax": 28662000,
    "incomeBeforeTaxRatio": 0.022452001,
    "incomeTaxExpense": 7658000,
    "netIncome": 21004000,
    "netIncomeRatio": 0.0164532074,
    "eps": 0.12,
    "epsdiluted": 0.12,
    "weightedAverageShsOut": 181359306,
    "weightedAverageShsOutDil": 182141580,
    "link": "https://www.sec.gov/Archives/edgar/data/1283699/000144530512001188/0001445305-12-001188-index.htm",
    "finalLink": "https://www.sec.gov/Archives/edgar/data/1283699/000144530512001188/mpcs2012-q110xq.htm"
  },
  {
    "date": "2011-12-31",
    "symbol": "TMUS",
    "reportedCurrency": "USD",
    "cik": "0001283699",
    "fillingDate": "2012-02-29",
    "acceptedDate": "2012-02-29 11:43:09",
    "calendarYear": "2011",
    "period": "Q4",
    "revenue": 1238165000,
    "costOfRevenue": 728682000,
    "grossProfit": 509483000,
    "grossProfitRatio": 0.4114823146,
    "researchAndDevelopmentExpenses": 0,
    "generalAndAdministrativeExpenses": 0,
    "sellingAndMarketingExpenses": 0,
    "sellingGeneralAndAdministrativeExpenses": 157173000,
    "otherExpenses": 137195000,
    "operatingExpenses": 294368000,
    "costAndExpenses": 1023050000,
    "interestIncome": 471000,
    "interestExpense": 68022000,
    "depreciationAndAmortization": 1071308000,
    "ebitda": 352058000,
    "ebitdaratio": 0.2843385171,
    "operatingIncome": 215115000,
    "operatingIncomeRatio": 0.1737369414,
    "totalOtherIncomeExpensesNet": -67385000,
    "incomeBeforeTax": 147729000,
    "incomeBeforeTaxRatio": 0.1193128541,
    "incomeTaxExpense": 56459000,
    "netIncome": 91270000,
    "netIncomeRatio": 0.0737139234,
    "eps": 0.5,
    "epsdiluted": 0.5,
    "weightedAverageShsOut": 181359306,
    "weightedAverageShsOutDil": 182141580,
    "link": "https://www.sec.gov/Archives/edgar/data/1283699/000144530512000521/0001445305-12-000521-index.htm",
    "finalLink": "https://www.sec.gov/Archives/edgar/data/1283699/000144530512000521/metropcs10k-2011.htm"
  },
  {
    "date": "2011-09-30",
    "symbol": "TMUS",
    "reportedCurrency": "USD",
    "cik": "0001283699",
    "fillingDate": "2011-11-01",
    "acceptedDate": "2011-11-01 08:11:59",
    "calendarYear": "2011",
    "period": "Q3",
    "revenue": 1205388000,
    "costOfRevenue": 725506000,
    "grossProfit": 479882000,
    "grossProfitRatio": 0.3981141342,
    "researchAndDevelopmentExpenses": 0,
    "generalAndAdministrativeExpenses": 0,
    "sellingAndMarketingExpenses": 0,
    "sellingGeneralAndAdministrativeExpenses": 162459000,
    "otherExpenses": 140592000,
    "operatingExpenses": 303051000,
    "costAndExpenses": 1028557000,
    "interestIncome": 531000,
    "interestExpense": 69511000,
    "depreciationAndAmortization": 382033000,
    "ebitda": 316764000,
    "ebitdaratio": 0.2627900726,
    "operatingIncome": 176831000,
    "operatingIncomeRatio": 0.1467004815,
    "totalOtherIncomeExpensesNet": -68886000,
    "incomeBeforeTax": 107944000,
    "incomeBeforeTaxRatio": 0.0895512482,
    "incomeTaxExpense": 38618000,
    "netIncome": 69326000,
    "netIncomeRatio": 0.0575134314,
    "eps": 0.38,
    "epsdiluted": 0.38,
    "weightedAverageShsOut": 181009602,
    "weightedAverageShsOutDil": 182432613,
    "link": "https://www.sec.gov/Archives/edgar/data/1283699/000144530511003134/0001445305-11-003134-index.htm",
    "finalLink": "https://www.sec.gov/Archives/edgar/data/1283699/000144530511003134/metropcs10-qx2011q3.htm"
  },
  {
    "date": "2011-06-30",
    "symbol": "TMUS",
    "reportedCurrency": "USD",
    "cik": "0001283699",
    "fillingDate": "2011-08-03",
    "acceptedDate": "2011-08-03 12:31:01",
    "calendarYear": "2011",
    "period": "Q2",
    "revenue": 1209453000,
    "costOfRevenue": 708564000,
    "grossProfit": 500889000,
    "grossProfitRatio": 0.4141450722,
    "researchAndDevelopmentExpenses": 0,
    "generalAndAdministrativeExpenses": 0,
    "sellingAndMarketingExpenses": 0,
    "sellingGeneralAndAdministrativeExpenses": 154556000,
    "otherExpenses": 136078000,
    "operatingExpenses": 290634000,
    "costAndExpenses": 999198000,
    "interestIncome": 511000,
    "interestExpense": 66980000,
    "depreciationAndAmortization": 366030000,
    "ebitda": 335941000,
    "ebitdaratio": 0.2777627572,
    "operatingIncome": 210255000,
    "operatingIncomeRatio": 0.1738430514,
    "totalOtherIncomeExpensesNet": -75819000,
    "incomeBeforeTax": 134436000,
    "incomeBeforeTaxRatio": 0.1111543814,
    "incomeTaxExpense": 50101000,
    "netIncome": 84335000,
    "netIncomeRatio": 0.0697298696,
    "eps": 0.46,
    "epsdiluted": 0.46,
    "weightedAverageShsOut": 180113243,
    "weightedAverageShsOutDil": 182695140,
    "link": "https://www.sec.gov/Archives/edgar/data/1283699/000144530511002317/0001445305-11-002317-index.htm",
    "finalLink": "https://www.sec.gov/Archives/edgar/data/1283699/000144530511002317/metropcs10-qx2011q2.htm"
  },
  {
    "date": "2011-03-31",
    "symbol": "TMUS",
    "reportedCurrency": "USD",
    "cik": "0001283699",
    "fillingDate": "2011-05-06",
    "acceptedDate": "2011-05-06 12:40:56",
    "calendarYear": "2011",
    "period": "Q1",
    "revenue": 1194377000,
    "costOfRevenue": 750679000,
    "grossProfit": 443698000,
    "grossProfitRatio": 0.3714890692,
    "researchAndDevelopmentExpenses": 0,
    "generalAndAdministrativeExpenses": 0,
    "sellingAndMarketingExpenses": 0,
    "sellingGeneralAndAdministrativeExpenses": 169771000,
    "otherExpenses": 128590000,
    "operatingExpenses": 298361000,
    "costAndExpenses": 1049040000,
    "interestIncome": 515000,
    "interestExpense": 56561000,
    "depreciationAndAmortization": 341417000,
    "ebitda": 274802000,
    "ebitdaratio": 0.2300797822,
    "operatingIncome": 145337000,
    "operatingIncomeRatio": 0.1216843593,
    "totalOtherIncomeExpensesNet": -55791000,
    "incomeBeforeTax": 89546000,
    "incomeBeforeTaxRatio": 0.0749729775,
    "incomeTaxExpense": 33168000,
    "netIncome": 56378000,
    "netIncomeRatio": 0.0472028514,
    "eps": 0.32,
    "epsdiluted": 0.3,
    "weightedAverageShsOut": 178494135,
    "weightedAverageShsOutDil": 180703097,
    "link": "https://www.sec.gov/Archives/edgar/data/1283699/000119312511130186/0001193125-11-130186-index.htm",
    "finalLink": "https://www.sec.gov/Archives/edgar/data/1283699/000119312511130186/d10q.htm"
  },
  {
    "date": "2010-12-31",
    "symbol": "TMUS",
    "reportedCurrency": "USD",
    "cik": "0001283699",
    "fillingDate": "2011-03-01",
    "acceptedDate": "2011-03-01 11:25:45",
    "calendarYear": "2010",
    "period": "Q4",
    "revenue": 1065526000,
    "costOfRevenue": 606010000,
    "grossProfit": 459516000,
    "grossProfitRatio": 0.4312574259,
    "researchAndDevelopmentExpenses": 0,
    "generalAndAdministrativeExpenses": 0,
    "sellingAndMarketingExpenses": 0,
    "sellingGeneralAndAdministrativeExpenses": 155720000,
    "otherExpenses": 96475000,
    "operatingExpenses": 252195000,
    "costAndExpenses": 858205000,
    "interestIncome": 601000,
    "interestExpense": 64415000,
    "depreciationAndAmortization": 893025000,
    "ebitda": 198301000,
    "ebitdaratio": 0.1861062048,
    "operatingIncome": 207321000,
    "operatingIncomeRatio": 0.1945715074,
    "totalOtherIncomeExpensesNet": 0,
    "incomeBeforeTax": 15060000,
    "incomeBeforeTaxRatio": 0.0141338644,
    "incomeTaxExpense": 1509000,
    "netIncome": 13551000,
    "netIncomeRatio": 0.0127176625,
    "eps": 0.076,
    "epsdiluted": 0.075,
    "weightedAverageShsOut": 178494135,
    "weightedAverageShsOutDil": 180703097,
    "link": "https://www.sec.gov/Archives/edgar/data/1283699/000119312511051403/0001193125-11-051403-index.htm",
    "finalLink": "https://www.sec.gov/Archives/edgar/data/1283699/000119312511051403/d10k.htm"
  },
  {
    "date": "2010-09-30",
    "symbol": "TMUS",
    "reportedCurrency": "USD",
    "cik": "0001283699",
    "fillingDate": "2010-11-05",
    "acceptedDate": "2010-11-05 06:07:46",
    "calendarYear": "2010",
    "period": "Q3",
    "revenue": 1020789000,
    "costOfRevenue": 569953000,
    "grossProfit": 450836000,
    "grossProfitRatio": 0.4416544457,
    "researchAndDevelopmentExpenses": 0,
    "generalAndAdministrativeExpenses": 0,
    "sellingAndMarketingExpenses": 0,
    "sellingGeneralAndAdministrativeExpenses": 147431000,
    "otherExpenses": 95471000,
    "operatingExpenses": 242902000,
    "costAndExpenses": 812855000,
    "interestIncome": 497000,
    "interestExpense": 65726000,
    "depreciationAndAmortization": 313688000,
    "ebitda": 306183000,
    "ebitdaratio": 0.2999473936,
    "operatingIncome": 207934000,
    "operatingIncomeRatio": 0.2036992953,
    "totalOtherIncomeExpensesNet": -81281000,
    "incomeBeforeTax": 126653000,
    "incomeBeforeTaxRatio": 0.1240736332,
    "incomeTaxExpense": 49366000,
    "netIncome": 77287000,
    "netIncomeRatio": 0.0757130024,
    "eps": 0.44,
    "epsdiluted": 0.44,
    "weightedAverageShsOut": 176977266,
    "weightedAverageShsOutDil": 178211608,
    "link": "https://www.sec.gov/Archives/edgar/data/1283699/000119312510248907/0001193125-10-248907-index.htm",
    "finalLink": "https://www.sec.gov/Archives/edgar/data/1283699/000119312510248907/d10q.htm"
  },
  {
    "date": "2010-06-30",
    "symbol": "TMUS",
    "reportedCurrency": "USD",
    "cik": "0001283699",
    "fillingDate": "2010-08-09",
    "acceptedDate": "2010-08-09 12:43:01",
    "calendarYear": "2010",
    "period": "Q2",
    "revenue": 1012536000,
    "costOfRevenue": 543522000,
    "grossProfit": 469014000,
    "grossProfitRatio": 0.4632072341,
    "researchAndDevelopmentExpenses": 0,
    "generalAndAdministrativeExpenses": 0,
    "sellingAndMarketingExpenses": 0,
    "sellingGeneralAndAdministrativeExpenses": 158600000,
    "otherExpenses": 112002000,
    "operatingExpenses": 270602000,
    "costAndExpenses": 814124000,
    "interestIncome": 392000,
    "interestExpense": 65503000,
    "depreciationAndAmortization": 109301000,
    "ebitda": 307627000,
    "ebitdaratio": 0.3038183334,
    "operatingIncome": 198412000,
    "operatingIncomeRatio": 0.1959555018,
    "totalOtherIncomeExpensesNet": -65590000,
    "incomeBeforeTax": 132822000,
    "incomeBeforeTaxRatio": 0.1311775581,
    "incomeTaxExpense": 52907000,
    "netIncome": 79915000,
    "netIncomeRatio": 0.0789255888,
    "eps": 0.44,
    "epsdiluted": 0.45,
    "weightedAverageShsOut": 176639211,
    "weightedAverageShsOutDil": 177842723,
    "link": "https://www.sec.gov/Archives/edgar/data/1283699/000119312510182910/0001193125-10-182910-index.htm",
    "finalLink": "https://www.sec.gov/Archives/edgar/data/1283699/000119312510182910/d10q.htm"
  },
  {
    "date": "2010-03-31",
    "symbol": "TMUS",
    "reportedCurrency": "USD",
    "cik": "0001283699",
    "fillingDate": "2010-05-10",
    "acceptedDate": "2010-05-10 16:15:06",
    "calendarYear": "2010",
    "period": "Q1",
    "revenue": 970503000,
    "costOfRevenue": 598390000,
    "grossProfit": 372113000,
    "grossProfitRatio": 0.383422823,
    "researchAndDevelopmentExpenses": 0,
    "generalAndAdministrativeExpenses": 0,
    "sellingAndMarketingExpenses": 0,
    "sellingGeneralAndAdministrativeExpenses": 159909000,
    "otherExpenses": 106973000,
    "operatingExpenses": 266882000,
    "costAndExpenses": 865272000,
    "interestIncome": 479000,
    "interestExpense": 67482000,
    "depreciationAndAmortization": 284652000,
    "ebitda": 213041000,
    "ebitdaratio": 0.2195160654,
    "operatingIncome": 105231000,
    "operatingIncomeRatio": 0.1084293402,
    "totalOtherIncomeExpensesNet": -67473000,
    "incomeBeforeTax": 37758000,
    "incomeBeforeTaxRatio": 0.0389055984,
    "incomeTaxExpense": 15097000,
    "netIncome": 22661000,
    "netIncomeRatio": 0.0233497475,
    "eps": 0.128,
    "epsdiluted": 0.13,
    "weightedAverageShsOut": 176391449,
    "weightedAverageShsOutDil": 177001770,
    "link": "https://www.sec.gov/Archives/edgar/data/1283699/000119312510114607/0001193125-10-114607-index.htm",
    "finalLink": "https://www.sec.gov/Archives/edgar/data/1283699/000119312510114607/d10q.htm"
  },
  {
    "date": "2009-12-31",
    "symbol": "TMUS",
    "reportedCurrency": "USD",
    "cik": "0001283699",
    "fillingDate": "2010-03-01",
    "acceptedDate": "2010-03-01 16:40:55",
    "calendarYear": "2009",
    "period": "Q4",
    "revenue": 929981000,
    "costOfRevenue": 540217000,
    "grossProfit": 389764000,
    "grossProfitRatio": 0.4191096377,
    "researchAndDevelopmentExpenses": 0,
    "generalAndAdministrativeExpenses": 0,
    "sellingAndMarketingExpenses": 0,
    "sellingGeneralAndAdministrativeExpenses": 150539000,
    "otherExpenses": 109404000,
    "operatingExpenses": 259943000,
    "costAndExpenses": 800160000,
    "interestIncome": 748000,
    "interestExpense": 70927000,
    "depreciationAndAmortization": 105759000,
    "ebitda": 235370000,
    "ebitdaratio": 0.2530911922,
    "operatingIncome": 129821000,
    "operatingIncomeRatio": 0.1395953251,
    "totalOtherIncomeExpensesNet": -71137000,
    "incomeBeforeTax": 58684000,
    "incomeBeforeTaxRatio": 0.0631023645,
    "incomeTaxExpense": 25559000,
    "netIncome": 33125000,
    "netIncomeRatio": 0.0356190073,
    "eps": 0.19,
    "epsdiluted": 0.19,
    "weightedAverageShsOut": 176391449,
    "weightedAverageShsOutDil": 177001770,
    "link": "https://www.sec.gov/Archives/edgar/data/1283699/000119312510044780/0001193125-10-044780-index.htm",
    "finalLink": "https://www.sec.gov/Archives/edgar/data/1283699/000119312510044780/d10k.htm"
  },
  {
    "date": "2009-09-30",
    "symbol": "TMUS",
    "reportedCurrency": "USD",
    "cik": "0001283699",
    "fillingDate": "2009-11-06",
    "acceptedDate": "2009-11-06 15:12:39",
    "calendarYear": "2009",
    "period": "Q3",
    "revenue": 895593000,
    "costOfRevenue": 497380000,
    "grossProfit": 398213000,
    "grossProfitRatio": 0.4446361238,
    "researchAndDevelopmentExpenses": 0,
    "generalAndAdministrativeExpenses": 0,
    "sellingAndMarketingExpenses": 0,
    "sellingGeneralAndAdministrativeExpenses": 138460000,
    "otherExpenses": 101546000,
    "operatingExpenses": 240006000,
    "costAndExpenses": 737386000,
    "interestIncome": 853000,
    "interestExpense": 70391000,
    "depreciationAndAmortization": 98977000,
    "ebitda": 257268000,
    "ebitdaratio": 0.2872599496,
    "operatingIncome": 158207000,
    "operatingIncomeRatio": 0.1766505544,
    "totalOtherIncomeExpensesNet": -70307000,
    "incomeBeforeTax": 87900000,
    "incomeBeforeTaxRatio": 0.0981472611,
    "incomeTaxExpense": 14350000,
    "netIncome": 73550000,
    "netIncomeRatio": 0.0821243578,
    "eps": 0.42,
    "epsdiluted": 0.42,
    "weightedAverageShsOut": 176091328,
    "weightedAverageShsOutDil": 177679718,
    "link": "https://www.sec.gov/Archives/edgar/data/1283699/000119312509227376/0001193125-09-227376-index.htm",
    "finalLink": "https://www.sec.gov/Archives/edgar/data/1283699/000119312509227376/d10q.htm"
  },
  {
    "date": "2009-06-30",
    "symbol": "TMUS",
    "reportedCurrency": "USD",
    "cik": "0001283699",
    "fillingDate": "2009-08-07",
    "acceptedDate": "2009-08-07 15:19:52",
    "calendarYear": "2009",
    "period": "Q2",
    "revenue": 859612000,
    "costOfRevenue": 496133000,
    "grossProfit": 363479000,
    "grossProfitRatio": 0.42284077,
    "researchAndDevelopmentExpenses": 0,
    "generalAndAdministrativeExpenses": 0,
    "sellingAndMarketingExpenses": 0,
    "sellingGeneralAndAdministrativeExpenses": 142321000,
    "otherExpenses": 105385000,
    "operatingExpenses": 247706000,
    "costAndExpenses": 743839000,
    "interestIncome": 475000,
    "interestExpense": 70535000,
    "depreciationAndAmortization": 268733000,
    "ebitda": 206696000,
    "ebitdaratio": 0.2404526693,
    "operatingIncome": 115773000,
    "operatingIncomeRatio": 0.1346805303,
    "totalOtherIncomeExpensesNet": -70987000,
    "incomeBeforeTax": 44786000,
    "incomeBeforeTaxRatio": 0.0521002499,
    "incomeTaxExpense": 18590000,
    "netIncome": 26196000,
    "netIncomeRatio": 0.0304742139,
    "eps": 0.15,
    "epsdiluted": 0.14,
    "weightedAverageShsOut": 175956232,
    "weightedAverageShsOutDil": 178543665,
    "link": "https://www.sec.gov/Archives/edgar/data/1283699/000119312509168984/0001193125-09-168984-index.htm",
    "finalLink": "https://www.sec.gov/Archives/edgar/data/1283699/000119312509168984/d10q.htm"
  },
  {
    "date": "2009-03-31",
    "symbol": "TMUS",
    "reportedCurrency": "USD",
    "cik": "0001283699",
    "fillingDate": "2009-05-11",
    "acceptedDate": "2009-05-11 12:58:20",
    "calendarYear": "2009",
    "period": "Q1",
    "revenue": 795329000,
    "costOfRevenue": 470593000,
    "grossProfit": 324736000,
    "grossProfitRatio": 0.4083039849,
    "researchAndDevelopmentExpenses": 0,
    "generalAndAdministrativeExpenses": 0,
    "sellingAndMarketingExpenses": 0,
    "sellingGeneralAndAdministrativeExpenses": 136411000,
    "otherExpenses": 56838000,
    "operatingExpenses": 193249000,
    "costAndExpenses": 663842000,
    "interestIncome": 552000,
    "interestExpense": 58432000,
    "depreciationAndAmortization": 245575000,
    "ebitda": 212487000,
    "ebitdaratio": 0.2671686811,
    "operatingIncome": 131487000,
    "operatingIncomeRatio": 0.1653240357,
    "totalOtherIncomeExpensesNet": -59178000,
    "incomeBeforeTax": 72309000,
    "incomeBeforeTaxRatio": 0.0909170922,
    "incomeTaxExpense": 28336000,
    "netIncome": 43973000,
    "netIncomeRatio": 0.0552890691,
    "eps": 0.25,
    "epsdiluted": 0.24,
    "weightedAverageShsOut": 175545431,
    "weightedAverageShsOutDil": 178214711,
    "link": "https://www.sec.gov/Archives/edgar/data/1283699/000119312509106730/0001193125-09-106730-index.htm",
    "finalLink": "https://www.sec.gov/Archives/edgar/data/1283699/000119312509106730/d10q.htm"
  },
  {
    "date": "2008-12-31",
    "symbol": "TMUS",
    "reportedCurrency": "USD",
    "cik": "0001283699",
    "fillingDate": "2009-03-02",
    "acceptedDate": "2009-03-02 15:55:44",
    "calendarYear": "2008",
    "period": "Q4",
    "revenue": 723634000,
    "costOfRevenue": 427124000,
    "grossProfit": 296510000,
    "grossProfitRatio": 0.4097513384,
    "researchAndDevelopmentExpenses": 0,
    "generalAndAdministrativeExpenses": 0,
    "sellingAndMarketingExpenses": 0,
    "sellingGeneralAndAdministrativeExpenses": 113134000,
    "otherExpenses": 83934000,
    "operatingExpenses": 197068000,
    "costAndExpenses": 624192000,
    "interestIncome": 0,
    "interestExpense": 0,
    "depreciationAndAmortization": 69500000,
    "ebitda": 168942000,
    "ebitdaratio": 0.2334633254,
    "operatingIncome": 99442000,
    "operatingIncomeRatio": 0.1374202981,
    "totalOtherIncomeExpensesNet": -51755000,
    "incomeBeforeTax": 47687000,
    "incomeBeforeTaxRatio": 0.0658993359,
    "incomeTaxExpense": 33113000,
    "netIncome": 14574000,
    "netIncomeRatio": 0.0201400155,
    "eps": 0.083,
    "epsdiluted": 0.082,
    "weightedAverageShsOut": 175545431,
    "weightedAverageShsOutDil": 178214711,
    "link": "https://www.sec.gov/Archives/edgar/data/1283699/000095013409004227/0000950134-09-004227-index.htm",
    "finalLink": "https://www.sec.gov/Archives/edgar/data/1283699/000095013409004227/d66548e10vk.htm"
  },
  {
    "date": "2008-09-30",
    "symbol": "TMUS",
    "reportedCurrency": "USD",
    "cik": "0001283699",
    "fillingDate": "2008-11-10",
    "acceptedDate": "2008-11-10 11:27:04",
    "calendarYear": "2008",
    "period": "Q3",
    "revenue": 686721000,
    "costOfRevenue": 379961000,
    "grossProfit": 306760000,
    "grossProfitRatio": 0.4467025182,
    "researchAndDevelopmentExpenses": 0,
    "generalAndAdministrativeExpenses": 0,
    "sellingAndMarketingExpenses": 0,
    "sellingGeneralAndAdministrativeExpenses": 116654000,
    "otherExpenses": 69453000,
    "operatingExpenses": 186107000,
    "costAndExpenses": 566068000,
    "interestIncome": 0,
    "interestExpense": 0,
    "depreciationAndAmortization": 67631000,
    "ebitda": 188284000,
    "ebitdaratio": 0.2741783053,
    "operatingIncome": 120653000,
    "operatingIncomeRatio": 0.1756943504,
    "totalOtherIncomeExpensesNet": -41059000,
    "incomeBeforeTax": 79594000,
    "incomeBeforeTaxRatio": 0.1159044212,
    "incomeTaxExpense": 34714000,
    "netIncome": 44880000,
    "netIncomeRatio": 0.0653540521,
    "eps": 0.26,
    "epsdiluted": 0.26,
    "weightedAverageShsOut": 174991846,
    "weightedAverageShsOutDil": 177941967,
    "link": "https://www.sec.gov/Archives/edgar/data/1283699/000095013408020000/0000950134-08-020000-index.htm",
    "finalLink": "https://www.sec.gov/Archives/edgar/data/1283699/000095013408020000/d65024e10vq.htm"
  },
  {
    "date": "2008-06-30",
    "symbol": "TMUS",
    "reportedCurrency": "USD",
    "cik": "0001283699",
    "fillingDate": "2008-08-08",
    "acceptedDate": "2008-08-08 16:05:47",
    "calendarYear": "2008",
    "period": "Q2",
    "revenue": 678807000,
    "costOfRevenue": 366228000,
    "grossProfit": 312579000,
    "grossProfitRatio": 0.4604828766,
    "researchAndDevelopmentExpenses": 0,
    "generalAndAdministrativeExpenses": 0,
    "sellingAndMarketingExpenses": 0,
    "sellingGeneralAndAdministrativeExpenses": 113419000,
    "otherExpenses": 63516000,
    "operatingExpenses": 176935000,
    "costAndExpenses": 543163000,
    "interestIncome": 0,
    "interestExpense": 0,
    "depreciationAndAmortization": 60888000,
    "ebitda": 196532000,
    "ebitdaratio": 0.2895255942,
    "operatingIncome": 135644000,
    "operatingIncomeRatio": 0.1998270495,
    "totalOtherIncomeExpensesNet": -49688000,
    "incomeBeforeTax": 85956000,
    "incomeBeforeTaxRatio": 0.1266280401,
    "incomeTaxExpense": 35491000,
    "netIncome": 50465000,
    "netIncomeRatio": 0.0743436647,
    "eps": 0.29,
    "epsdiluted": 0.28,
    "weightedAverageShsOut": 174525991,
    "weightedAverageShsOutDil": 178088933,
    "link": "https://www.sec.gov/Archives/edgar/data/1283699/000095013408014736/0000950134-08-014736-index.htm",
    "finalLink": "https://www.sec.gov/Archives/edgar/data/1283699/000095013408014736/d59241e10vq.htm"
  },
  {
    "date": "2008-03-31",
    "symbol": "TMUS",
    "reportedCurrency": "USD",
    "cik": "0001283699",
    "fillingDate": "2008-05-09",
    "acceptedDate": "2008-05-09 11:53:09",
    "calendarYear": "2008",
    "period": "Q1",
    "revenue": 662354000,
    "costOfRevenue": 388631000,
    "grossProfit": 273723000,
    "grossProfitRatio": 0.4132578651,
    "researchAndDevelopmentExpenses": 0,
    "generalAndAdministrativeExpenses": 0,
    "sellingAndMarketingExpenses": 0,
    "sellingGeneralAndAdministrativeExpenses": 104374000,
    "otherExpenses": 57321000,
    "operatingExpenses": 161695000,
    "costAndExpenses": 550326000,
    "interestIncome": 9888000,
    "interestExpense": 47425000,
    "depreciationAndAmortization": 57300000,
    "ebitda": 170912000,
    "ebitdaratio": 0.2580372429,
    "operatingIncome": 112028000,
    "operatingIncomeRatio": 0.1691361417,
    "totalOtherIncomeExpensesNet": -45841000,
    "incomeBeforeTax": 66187000,
    "incomeBeforeTaxRatio": 0.0999269273,
    "incomeTaxExpense": 26668000,
    "netIncome": 39519000,
    "netIncomeRatio": 0.0596644695,
    "eps": 0.23,
    "epsdiluted": 0.22,
    "weightedAverageShsOut": 174082045,
    "weightedAverageShsOutDil": 177284113,
    "link": "https://www.sec.gov/Archives/edgar/data/1283699/000095013408009044/0000950134-08-009044-index.htm",
    "finalLink": "https://www.sec.gov/Archives/edgar/data/1283699/000095013408009044/d56598e10vq.htm"
  },
  {
    "date": "2007-12-31",
    "symbol": "TMUS",
    "reportedCurrency": "USD",
    "cik": "0001283699",
    "fillingDate": "2008-02-29",
    "acceptedDate": "2008-02-29 16:26:39",
    "calendarYear": "2007",
    "period": "Q4",
    "revenue": 591134000,
    "costOfRevenue": 335585000,
    "grossProfit": 255549000,
    "grossProfitRatio": 0.4323029973,
    "researchAndDevelopmentExpenses": 0,
    "generalAndAdministrativeExpenses": 0,
    "sellingAndMarketingExpenses": 0,
    "sellingGeneralAndAdministrativeExpenses": 111870000,
    "otherExpenses": 51442000,
    "operatingExpenses": 163312000,
    "costAndExpenses": 498897000,
    "interestIncome": 0,
    "interestExpense": 0,
    "depreciationAndAmortization": 52206000,
    "ebitda": 144443000,
    "ebitdaratio": 0.244348997,
    "operatingIncome": 92237000,
    "operatingIncomeRatio": 0.1560339957,
    "totalOtherIncomeExpensesNet": -113110000,
    "incomeBeforeTax": -20873000,
    "incomeBeforeTaxRatio": -0.0353100989,
    "incomeTaxExpense": 26278000,
    "netIncome": -47151000,
    "netIncomeRatio": -0.0797636407,
    "eps": -0.27,
    "epsdiluted": -0.27,
    "weightedAverageShsOut": 174082045,
    "weightedAverageShsOutDil": 177284113,
    "link": "https://www.sec.gov/Archives/edgar/data/1283699/000095013408003844/0000950134-08-003844-index.htm",
    "finalLink": "https://www.sec.gov/Archives/edgar/data/1283699/000095013408003844/d52882e10vk.htm"
  },
  {
    "date": "2007-09-30",
    "symbol": "TMUS",
    "reportedCurrency": "USD",
    "cik": "0001283699",
    "fillingDate": "2007-11-14",
    "acceptedDate": "2007-11-14 14:03:43",
    "calendarYear": "2007",
    "period": "Q3",
    "revenue": 556738000,
    "costOfRevenue": 294850000,
    "grossProfit": 261888000,
    "grossProfitRatio": 0.4703972066,
    "researchAndDevelopmentExpenses": 0,
    "generalAndAdministrativeExpenses": 0,
    "sellingAndMarketingExpenses": 0,
    "sellingGeneralAndAdministrativeExpenses": 84496000,
    "otherExpenses": 44254000,
    "operatingExpenses": 128750000,
    "costAndExpenses": 423600000,
    "interestIncome": 0,
    "interestExpense": 0,
    "depreciationAndAmortization": 45492000,
    "ebitda": 178631000,
    "ebitdaratio": 0.3208528967,
    "operatingIncome": 133138000,
    "operatingIncomeRatio": 0.2391394157,
    "totalOtherIncomeExpensesNet": -46518000,
    "incomeBeforeTax": 86620000,
    "incomeBeforeTaxRatio": 0.1555848532,
    "incomeTaxExpense": 33512000,
    "netIncome": 53108000,
    "netIncomeRatio": 0.095391369,
    "eps": 0.3,
    "epsdiluted": 0.3,
    "weightedAverageShsOut": 173422196,
    "weightedAverageShsOutDil": 178319072,
    "link": "https://www.sec.gov/Archives/edgar/data/1283699/000095013407023949/0000950134-07-023949-index.htm",
    "finalLink": "https://www.sec.gov/Archives/edgar/data/1283699/000095013407023949/d51395e10vq.htm"
  },
  {
    "date": "2007-06-30",
    "symbol": "TMUS",
    "reportedCurrency": "USD",
    "cik": "0001283699",
    "fillingDate": "2007-08-10",
    "acceptedDate": "2007-08-10 13:03:32",
    "calendarYear": "2007",
    "period": "Q2",
    "revenue": 551176000,
    "costOfRevenue": 295666000,
    "grossProfit": 255510000,
    "grossProfitRatio": 0.4635724342,
    "researchAndDevelopmentExpenses": 0,
    "generalAndAdministrativeExpenses": 0,
    "sellingAndMarketingExpenses": 0,
    "sellingGeneralAndAdministrativeExpenses": 82717000,
    "otherExpenses": 40731000,
    "operatingExpenses": 123448000,
    "costAndExpenses": 419114000,
    "interestIncome": 0,
    "interestExpense": 0,
    "depreciationAndAmortization": 41124000,
    "ebitda": 173186000,
    "ebitdaratio": 0.3142117944,
    "operatingIncome": 132062000,
    "operatingIncomeRatio": 0.239600418,
    "totalOtherIncomeExpensesNet": -34928000,
    "incomeBeforeTax": 97134000,
    "incomeBeforeTaxRatio": 0.17623046,
    "incomeTaxExpense": 39040000,
    "netIncome": 58094000,
    "netIncomeRatio": 0.10540009,
    "eps": 0.34,
    "epsdiluted": 0.34,
    "weightedAverageShsOut": 148335440,
    "weightedAverageShsOutDil": 153242158,
    "link": "https://www.sec.gov/Archives/edgar/data/1283699/000095013407017840/0000950134-07-017840-index.htm",
    "finalLink": "https://www.sec.gov/Archives/edgar/data/1283699/000095013407017840/d48817e10vq.htm"
  },
  {
    "date": "2007-03-31",
    "symbol": "TMUS",
    "reportedCurrency": "USD",
    "cik": "0001283699",
    "fillingDate": "2007-05-15",
    "acceptedDate": "2007-05-15 15:12:25",
    "calendarYear": "2007",
    "period": "Q1",
    "revenue": 536686000,
    "costOfRevenue": 318643000,
    "grossProfit": 218043000,
    "grossProfitRatio": 0.4062766683,
    "researchAndDevelopmentExpenses": 0,
    "generalAndAdministrativeExpenses": 0,
    "sellingAndMarketingExpenses": 0,
    "sellingGeneralAndAdministrativeExpenses": 72937000,
    "otherExpenses": 42430000,
    "operatingExpenses": 115367000,
    "costAndExpenses": 434010000,
    "interestIncome": 0,
    "interestExpense": 0,
    "depreciationAndAmortization": 39380000,
    "ebitda": 142056000,
    "ebitdaratio": 0.2646910857,
    "operatingIncome": 102676000,
    "operatingIncomeRatio": 0.191314847,
    "totalOtherIncomeExpensesNet": -42057000,
    "incomeBeforeTax": 60619000,
    "incomeBeforeTaxRatio": 0.1129505894,
    "incomeTaxExpense": 24267000,
    "netIncome": 36352000,
    "netIncomeRatio": 0.0677342058,
    "eps": 0.22,
    "epsdiluted": 0.22,
    "weightedAverageShsOut": 78517559,
    "weightedAverageShsOutDil": 81723940,
    "link": "https://www.sec.gov/Archives/edgar/data/1283699/000095013407011619/0000950134-07-011619-index.htm",
    "finalLink": "https://www.sec.gov/Archives/edgar/data/1283699/000095013407011619/d46468e10vq.htm"
  },
  {
    "date": "2006-12-31",
    "symbol": "TMUS",
    "reportedCurrency": "USD",
    "cik": "0001283699",
    "fillingDate": "2007-03-30",
    "acceptedDate": "2007-03-30 15:50:53",
    "calendarYear": "2006",
    "period": "Q4",
    "revenue": 453092000,
    "costOfRevenue": 277750000,
    "grossProfit": 175342000,
    "grossProfitRatio": 0.3869898387,
    "researchAndDevelopmentExpenses": 0,
    "generalAndAdministrativeExpenses": 0,
    "sellingAndMarketingExpenses": 0,
    "sellingGeneralAndAdministrativeExpenses": 71697000,
    "otherExpenses": 36884000,
    "operatingExpenses": 108581000,
    "costAndExpenses": 386331000,
    "interestIncome": 0,
    "interestExpense": 0,
    "depreciationAndAmortization": 38841000,
    "ebitda": 105602000,
    "ebitdaratio": 0.2330696636,
    "operatingIncome": 66761000,
    "operatingIncomeRatio": 0.1473453515,
    "totalOtherIncomeExpensesNet": -94108000,
    "incomeBeforeTax": -27347000,
    "incomeBeforeTaxRatio": -0.0603563956,
    "incomeTaxExpense": -10528000,
    "netIncome": -16819000,
    "netIncomeRatio": -0.0371204965,
    "eps": -0.21,
    "epsdiluted": -0.21,
    "weightedAverageShsOut": 78517559,
    "weightedAverageShsOutDil": 81723940,
    "link": "https://www.sec.gov/Archives/edgar/data/1283699/000095013407007079/0000950134-07-007079-index.htm",
    "finalLink": "https://www.sec.gov/Archives/edgar/data/1283699/000095013407007079/d44987e10vk.htm"
  },
  {
    "date": "2006-09-30",
    "symbol": "TMUS",
    "reportedCurrency": "USD",
    "cik": "0001283699",
    "fillingDate": "2007-04-09",
    "acceptedDate": "2007-04-09 14:23:47",
    "calendarYear": "2006",
    "period": "Q3",
    "revenue": 396116000,
    "costOfRevenue": 231506000,
    "grossProfit": 164610000,
    "grossProfitRatio": 0.4155600885,
    "researchAndDevelopmentExpenses": 0,
    "generalAndAdministrativeExpenses": 0,
    "sellingAndMarketingExpenses": 0,
    "sellingGeneralAndAdministrativeExpenses": 60220000,
    "otherExpenses": 34996000,
    "operatingExpenses": 95216000,
    "costAndExpenses": 326722000,
    "interestIncome": 0,
    "interestExpense": 0,
    "depreciationAndAmortization": 36611000,
    "ebitda": 106005000,
    "ebitdaratio": 0.2676110028,
    "operatingIncome": 69394000,
    "operatingIncomeRatio": 0.1751860566,
    "totalOtherIncomeExpensesNet": -20628000,
    "incomeBeforeTax": 48766000,
    "incomeBeforeTaxRatio": 0.123110402,
    "incomeTaxExpense": 19500000,
    "netIncome": 29266000,
    "netIncomeRatio": 0.0738823981,
    "eps": 0.41,
    "epsdiluted": 0.37,
    "weightedAverageShsOut": 70939292,
    "weightedAverageShsOutDil": 78520392,
    "link": "https://www.sec.gov/Archives/edgar/data/1283699/000095013407007791/0000950134-07-007791-index.htm",
    "finalLink": "https://www.sec.gov/Archives/edgar/data/1283699/000095013407007791/d45231e10vq.htm"
  },
  {
    "date": "2006-06-30",
    "symbol": "TMUS",
    "reportedCurrency": "USD",
    "cik": "0001283699",
    "fillingDate": "2007-04-09",
    "acceptedDate": "2007-04-09 14:21:20",
    "calendarYear": "2006",
    "period": "Q2",
    "revenue": 368194000,
    "costOfRevenue": 219502000,
    "grossProfit": 148692000,
    "grossProfitRatio": 0.4038414531,
    "researchAndDevelopmentExpenses": 0,
    "generalAndAdministrativeExpenses": 0,
    "sellingAndMarketingExpenses": 0,
    "sellingGeneralAndAdministrativeExpenses": 60264000,
    "otherExpenses": 34329000,
    "operatingExpenses": 94593000,
    "costAndExpenses": 314095000,
    "interestIncome": 0,
    "interestExpense": 0,
    "depreciationAndAmortization": 32316000,
    "ebitda": 86415000,
    "ebitdaratio": 0.234699642,
    "operatingIncome": 54099000,
    "operatingIncomeRatio": 0.1469306941,
    "totalOtherIncomeExpensesNet": -15742000,
    "incomeBeforeTax": 38357000,
    "incomeBeforeTaxRatio": 0.1041760594,
    "incomeTaxExpense": 15368000,
    "netIncome": 22989000,
    "netIncomeRatio": 0.0624371934,
    "eps": 0.32,
    "epsdiluted": 0.29,
    "weightedAverageShsOut": 70939292,
    "weightedAverageShsOutDil": 78520392,
    "link": "https://www.sec.gov/Archives/edgar/data/1283699/000095013407007790/0000950134-07-007790-index.htm",
    "finalLink": "https://www.sec.gov/Archives/edgar/data/1283699/000095013407007790/d45232e10vq.htm"
  },
  {
    "date": "2006-03-31",
    "symbol": "TMUS",
    "reportedCurrency": "USD",
    "cik": "0001283699",
    "fillingDate": "2006-03-31",
    "acceptedDate": "2006-03-30 19:00:00",
    "calendarYear": "2006",
    "period": "Q1",
    "revenue": 329461000,
    "costOfRevenue": 0,
    "grossProfit": 0,
    "grossProfitRatio": 0,
    "researchAndDevelopmentExpenses": 0,
    "generalAndAdministrativeExpenses": 0,
    "sellingAndMarketingExpenses": 0,
    "sellingGeneralAndAdministrativeExpenses": 0,
    "otherExpenses": 329461000,
    "operatingExpenses": 329461000,
    "costAndExpenses": 329461000,
    "interestIncome": 0,
    "interestExpense": 0,
    "depreciationAndAmortization": 0,
    "ebitda": 329461000,
    "ebitdaratio": 1,
    "operatingIncome": 329461000,
    "operatingIncomeRatio": 1,
    "totalOtherIncomeExpensesNet": 0,
    "incomeBeforeTax": 0,
    "incomeBeforeTaxRatio": 0,
    "incomeTaxExpense": -18370000,
    "netIncome": 18370000,
    "netIncomeRatio": 0.0557577376,
    "eps": 0.034,
    "epsdiluted": 0.026,
    "weightedAverageShsOut": 70939292,
    "weightedAverageShsOutDil": 78520392,
    "link": "",
    "finalLink": ""
  },
  {
    "date": "2005-12-31",
    "symbol": "TMUS",
    "reportedCurrency": "USD",
    "cik": "0001283699",
    "fillingDate": "2005-12-31",
    "acceptedDate": "2005-12-30 19:00:00",
    "calendarYear": "2005",
    "period": "Q4",
    "revenue": 288228000,
    "costOfRevenue": 0,
    "grossProfit": 0,
    "grossProfitRatio": 0,
    "researchAndDevelopmentExpenses": 0,
    "generalAndAdministrativeExpenses": 0,
    "sellingAndMarketingExpenses": 0,
    "sellingGeneralAndAdministrativeExpenses": 0,
    "otherExpenses": 288228000,
    "operatingExpenses": 288228000,
    "costAndExpenses": 288228000,
    "interestIncome": 0,
    "interestExpense": 0,
    "depreciationAndAmortization": 0,
    "ebitda": -328023000,
    "ebitdaratio": -1.1380677797,
    "operatingIncome": -328023000,
    "operatingIncomeRatio": -1.1380677797,
    "totalOtherIncomeExpensesNet": 0,
    "incomeBeforeTax": 0,
    "incomeBeforeTaxRatio": 0,
    "incomeTaxExpense": -18842000,
    "netIncome": 18842000,
    "netIncomeRatio": 0.0653718584,
    "eps": 0.27,
    "epsdiluted": 0.24,
    "weightedAverageShsOut": 70939292,
    "weightedAverageShsOutDil": 78520392,
    "link": "",
    "finalLink": ""
  },
  {
    "date": "2005-09-30",
    "symbol": "TMUS",
    "reportedCurrency": "USD",
    "cik": "0001283699",
    "fillingDate": "2005-09-30",
    "acceptedDate": "2005-09-29 20:00:00",
    "calendarYear": "2005",
    "period": "Q3",
    "revenue": 263555000,
    "costOfRevenue": 0,
    "grossProfit": 0,
    "grossProfitRatio": 0,
    "researchAndDevelopmentExpenses": 0,
    "generalAndAdministrativeExpenses": 0,
    "sellingAndMarketingExpenses": 0,
    "sellingGeneralAndAdministrativeExpenses": 0,
    "otherExpenses": 263555000,
    "operatingExpenses": 263555000,
    "costAndExpenses": 263555000,
    "interestIncome": 0,
    "interestExpense": 0,
    "depreciationAndAmortization": 0,
    "ebitda": 263555000,
    "ebitdaratio": 1,
    "operatingIncome": 263555000,
    "operatingIncomeRatio": 1,
    "totalOtherIncomeExpensesNet": 0,
    "incomeBeforeTax": 0,
    "incomeBeforeTaxRatio": 0,
    "incomeTaxExpense": -20556000,
    "netIncome": 20556000,
    "netIncomeRatio": 0.0779951054,
    "eps": 0.29,
    "epsdiluted": 0.26,
    "weightedAverageShsOut": 70939292,
    "weightedAverageShsOutDil": 78520392,
    "link": "",
    "finalLink": ""
  },
  {
    "date": "2005-06-30",
    "symbol": "TMUS",
    "reportedCurrency": "USD",
    "cik": "0001283699",
    "fillingDate": "2005-06-30",
    "acceptedDate": "2005-06-29 20:00:00",
    "calendarYear": "2005",
    "period": "Q2",
    "revenue": 250689000,
    "costOfRevenue": 0,
    "grossProfit": 0,
    "grossProfitRatio": 0,
    "researchAndDevelopmentExpenses": 0,
    "generalAndAdministrativeExpenses": 0,
    "sellingAndMarketingExpenses": 0,
    "sellingGeneralAndAdministrativeExpenses": 0,
    "otherExpenses": 250689000,
    "operatingExpenses": 250689000,
    "costAndExpenses": 250689000,
    "interestIncome": 0,
    "interestExpense": 0,
    "depreciationAndAmortization": 0,
    "ebitda": 250689000,
    "ebitdaratio": 1,
    "operatingIncome": 250689000,
    "operatingIncomeRatio": 1,
    "totalOtherIncomeExpensesNet": 0,
    "incomeBeforeTax": 0,
    "incomeBeforeTaxRatio": 0,
    "incomeTaxExpense": -136482000,
    "netIncome": 136482000,
    "netIncomeRatio": 0.5444275577,
    "eps": 1.92,
    "epsdiluted": 1.74,
    "weightedAverageShsOut": 70939292,
    "weightedAverageShsOutDil": 78520392,
    "link": "",
    "finalLink": ""
  },
  {
    "date": "2005-03-31",
    "symbol": "TMUS",
    "reportedCurrency": "USD",
    "cik": "0001283699",
    "fillingDate": "2005-03-31",
    "acceptedDate": "2005-03-30 19:00:00",
    "calendarYear": "2005",
    "period": "Q1",
    "revenue": 235956000,
    "costOfRevenue": 0,
    "grossProfit": 0,
    "grossProfitRatio": 0,
    "researchAndDevelopmentExpenses": 0,
    "generalAndAdministrativeExpenses": 0,
    "sellingAndMarketingExpenses": 0,
    "sellingGeneralAndAdministrativeExpenses": 0,
    "otherExpenses": 235956000,
    "operatingExpenses": 235956000,
    "costAndExpenses": 235956000,
    "interestIncome": 0,
    "interestExpense": 0,
    "depreciationAndAmortization": 0,
    "ebitda": 235956000,
    "ebitdaratio": 1,
    "operatingIncome": 235956000,
    "operatingIncomeRatio": 1,
    "totalOtherIncomeExpensesNet": -235956000,
    "incomeBeforeTax": 0,
    "incomeBeforeTaxRatio": 0,
    "incomeTaxExpense": -22799000,
    "netIncome": 22799000,
    "netIncomeRatio": 0.0966239468,
    "eps": 0.32,
    "epsdiluted": 0.29,
    "weightedAverageShsOut": 70939292,
    "weightedAverageShsOutDil": 78520392,
    "link": "",
    "finalLink": ""
  }
]