[
  {
    "date": "2025-06-30",
    "symbol": "TPL",
    "reportedCurrency": "USD",
    "cik": "0001811074",
    "fillingDate": "2025-08-06",
    "acceptedDate": "2025-08-06 16:20:22",
    "calendarYear": "2025",
    "period": "Q2",
    "revenue": 187543000,
    "costOfRevenue": 22150000,
    "grossProfit": 165393000,
    "grossProfitRatio": 0.8818937524,
    "researchAndDevelopmentExpenses": 0,
    "generalAndAdministrativeExpenses": 19765000,
    "sellingAndMarketingExpenses": 0,
    "sellingGeneralAndAdministrativeExpenses": 19765000,
    "otherExpenses": 1877000,
    "operatingExpenses": 21642000,
    "costAndExpenses": 43792000,
    "interestIncome": 5021000,
    "interestExpense": 0,
    "depreciationAndAmortization": 13699000,
    "ebitda": 157450000,
    "ebitdaratio": 0.8395407986,
    "operatingIncome": 143751000,
    "operatingIncomeRatio": 0.7664962169,
    "totalOtherIncomeExpensesNet": 5240000,
    "incomeBeforeTax": 148991000,
    "incomeBeforeTaxRatio": 0.7944364759,
    "incomeTaxExpense": 32851000,
    "netIncome": 116140000,
    "netIncomeRatio": 0.6192713138,
    "eps": 5.05,
    "epsdiluted": 5.05,
    "weightedAverageShsOut": 22987326,
    "weightedAverageShsOutDil": 23013580,
    "link": "https://www.sec.gov/Archives/edgar/data/1811074/000181107425000077/0001811074-25-000077-index.htm",
    "finalLink": "https://www.sec.gov/Archives/edgar/data/1811074/000181107425000077/tpl-20250630.htm"
  },
  {
    "date": "2025-03-31",
    "symbol": "TPL",
    "reportedCurrency": "USD",
    "cik": "0001811074",
    "fillingDate": "2025-05-07",
    "acceptedDate": "2025-05-07 16:18:15",
    "calendarYear": "2025",
    "period": "Q1",
    "revenue": 195983000,
    "costOfRevenue": 23067000,
    "grossProfit": 172916000,
    "grossProfitRatio": 0.8823010159,
    "researchAndDevelopmentExpenses": 0,
    "generalAndAdministrativeExpenses": 20644000,
    "sellingAndMarketingExpenses": 0,
    "sellingGeneralAndAdministrativeExpenses": 20644000,
    "otherExpenses": 2199000,
    "operatingExpenses": 22843000,
    "costAndExpenses": 45910000,
    "interestIncome": 4102000,
    "interestExpense": 0,
    "depreciationAndAmortization": 11941000,
    "ebitda": 162014000,
    "ebitdaratio": 0.8266737421,
    "operatingIncome": 150073000,
    "operatingIncomeRatio": 0.7657449881,
    "totalOtherIncomeExpensesNet": 4321000,
    "incomeBeforeTax": 154394000,
    "incomeBeforeTaxRatio": 0.7877928188,
    "incomeTaxExpense": 33742000,
    "netIncome": 120652000,
    "netIncomeRatio": 0.6156248246,
    "eps": 5.25,
    "epsdiluted": 5.24,
    "weightedAverageShsOut": 22981000,
    "weightedAverageShsOutDil": 23006000,
    "link": "https://www.sec.gov/Archives/edgar/data/1811074/000181107425000060/0001811074-25-000060-index.htm",
    "finalLink": "https://www.sec.gov/Archives/edgar/data/1811074/000181107425000060/tpl-20250331.htm"
  },
  {
    "date": "2024-12-31",
    "symbol": "TPL",
    "reportedCurrency": "USD",
    "cik": "0001811074",
    "fillingDate": "2025-02-19",
    "acceptedDate": "2025-02-19 16:21:43",
    "calendarYear": "2024",
    "period": "Q4",
    "revenue": 185784000,
    "costOfRevenue": 20399000,
    "grossProfit": 165385000,
    "grossProfitRatio": 0.8902004478,
    "researchAndDevelopmentExpenses": 0,
    "generalAndAdministrativeExpenses": 21536000,
    "sellingAndMarketingExpenses": 0,
    "sellingGeneralAndAdministrativeExpenses": 21536000,
    "otherExpenses": 1305000,
    "operatingExpenses": 22841000,
    "costAndExpenses": 43240000,
    "interestIncome": 3665000,
    "interestExpense": 0,
    "depreciationAndAmortization": 11467000,
    "ebitda": 154011000,
    "ebitdaratio": 0.8289788141,
    "operatingIncome": 142544000,
    "operatingIncomeRatio": 0.7672565991,
    "totalOtherIncomeExpensesNet": 8434000,
    "incomeBeforeTax": 150978000,
    "incomeBeforeTaxRatio": 0.812653404,
    "incomeTaxExpense": 32618000,
    "netIncome": 118360000,
    "netIncomeRatio": 0.6370839254,
    "eps": 5.15,
    "epsdiluted": 5.14,
    "weightedAverageShsOut": 22974000,
    "weightedAverageShsOutDil": 23016000,
    "link": "https://www.sec.gov/Archives/edgar/data/1811074/000181107425000044/0001811074-25-000044-index.htm",
    "finalLink": "https://www.sec.gov/Archives/edgar/data/1811074/000181107425000044/tpl-20241231.htm"
  },
  {
    "date": "2024-09-30",
    "symbol": "TPL",
    "reportedCurrency": "USD",
    "cik": "0001811074",
    "fillingDate": "2024-11-06",
    "acceptedDate": "2024-11-06 16:25:20",
    "calendarYear": "2024",
    "period": "Q3",
    "revenue": 173563000,
    "costOfRevenue": 11731000,
    "grossProfit": 161832000,
    "grossProfitRatio": 0.9324107097,
    "researchAndDevelopmentExpenses": 0,
    "generalAndAdministrativeExpenses": 12345000,
    "sellingAndMarketingExpenses": 0,
    "sellingGeneralAndAdministrativeExpenses": 12345000,
    "otherExpenses": 22156000,
    "operatingExpenses": 34501000,
    "costAndExpenses": 46232000,
    "interestIncome": 7913000,
    "interestExpense": 0,
    "depreciationAndAmortization": 5762000,
    "ebitda": 133093000,
    "ebitdaratio": 0.7668281834,
    "operatingIncome": 127331000,
    "operatingIncomeRatio": 0.7336298635,
    "totalOtherIncomeExpensesNet": 8086000,
    "incomeBeforeTax": 135417000,
    "incomeBeforeTaxRatio": 0.780218134,
    "incomeTaxExpense": 28823000,
    "netIncome": 106594000,
    "netIncomeRatio": 0.6141516337,
    "eps": 4.64,
    "epsdiluted": 4.63,
    "weightedAverageShsOut": 22980000,
    "weightedAverageShsOutDil": 23012000,
    "link": "https://www.sec.gov/Archives/edgar/data/1811074/000181107424000061/0001811074-24-000061-index.htm",
    "finalLink": "https://www.sec.gov/Archives/edgar/data/1811074/000181107424000061/tpl-20240930.htm"
  },
  {
    "date": "2024-06-30",
    "symbol": "TPL",
    "reportedCurrency": "USD",
    "cik": "0001811074",
    "fillingDate": "2024-08-07",
    "acceptedDate": "2024-08-07 16:19:31",
    "calendarYear": "2024",
    "period": "Q2",
    "revenue": 172334000,
    "costOfRevenue": 18917000,
    "grossProfit": 153417000,
    "grossProfitRatio": 0.8902305987,
    "researchAndDevelopmentExpenses": 0,
    "generalAndAdministrativeExpenses": 5980000,
    "sellingAndMarketingExpenses": 0,
    "sellingGeneralAndAdministrativeExpenses": 5980000,
    "otherExpenses": 14215000,
    "operatingExpenses": 20195000,
    "costAndExpenses": 39112000,
    "interestIncome": 10761000,
    "interestExpense": 0,
    "depreciationAndAmortization": 4093000,
    "ebitda": 137315000,
    "ebitdaratio": 0.7967957571,
    "operatingIncome": 133222000,
    "operatingIncomeRatio": 0.7730453654,
    "totalOtherIncomeExpensesNet": 13220000,
    "incomeBeforeTax": 146442000,
    "incomeBeforeTaxRatio": 0.8497568675,
    "incomeTaxExpense": 31853000,
    "netIncome": 114589000,
    "netIncomeRatio": 0.6649239268,
    "eps": 4.98,
    "epsdiluted": 4.98,
    "weightedAverageShsOut": 22987971,
    "weightedAverageShsOutDil": 23013793,
    "link": "https://www.sec.gov/Archives/edgar/data/1811074/000181107424000049/0001811074-24-000049-index.htm",
    "finalLink": "https://www.sec.gov/Archives/edgar/data/1811074/000181107424000049/tpl-20240630.htm"
  },
  {
    "date": "2024-03-31",
    "symbol": "TPL",
    "reportedCurrency": "USD",
    "cik": "0001811074",
    "fillingDate": "2024-05-08",
    "acceptedDate": "2024-05-08 16:20:28",
    "calendarYear": "2024",
    "period": "Q1",
    "revenue": 174142000,
    "costOfRevenue": 14302000,
    "grossProfit": 159840000,
    "grossProfitRatio": 0.917871622,
    "researchAndDevelopmentExpenses": 0,
    "generalAndAdministrativeExpenses": 21442000,
    "sellingAndMarketingExpenses": 0,
    "sellingGeneralAndAdministrativeExpenses": 21442000,
    "otherExpenses": 2357000,
    "operatingExpenses": 23799000,
    "costAndExpenses": 38101000,
    "interestIncome": 0,
    "interestExpense": 0,
    "depreciationAndAmortization": 3840000,
    "ebitda": 139881000,
    "ebitdaratio": 0.8032582605,
    "operatingIncome": 136041000,
    "operatingIncomeRatio": 0.7812072906,
    "totalOtherIncomeExpensesNet": 9943000,
    "incomeBeforeTax": 145984000,
    "incomeBeforeTaxRatio": 0.8383043723,
    "incomeTaxExpense": 31567000,
    "netIncome": 114417000,
    "netIncomeRatio": 0.6570327664,
    "eps": 4.974003174629258,
    "epsdiluted": 4.970276385802777,
    "weightedAverageShsOut": 23003001,
    "weightedAverageShsOutDil": 23020249,
    "link": "https://www.sec.gov/Archives/edgar/data/1811074/000181107424000031/0001811074-24-000031-index.htm",
    "finalLink": "https://www.sec.gov/Archives/edgar/data/1811074/000181107424000031/tpl-20240331.htm"
  },
  {
    "date": "2023-12-31",
    "symbol": "TPL",
    "reportedCurrency": "USD",
    "cik": "0001811074",
    "fillingDate": "2024-02-21",
    "acceptedDate": "2024-02-21 16:23:38",
    "calendarYear": "2023",
    "period": "Q4",
    "revenue": 166657000,
    "costOfRevenue": 12946000,
    "grossProfit": 153711000,
    "grossProfitRatio": 0.9223194945,
    "researchAndDevelopmentExpenses": 0,
    "generalAndAdministrativeExpenses": 17888000,
    "sellingAndMarketingExpenses": 0,
    "sellingGeneralAndAdministrativeExpenses": 17888000,
    "otherExpenses": 1960000,
    "operatingExpenses": 19848000,
    "costAndExpenses": 32794000,
    "interestIncome": 0,
    "interestExpense": 0,
    "depreciationAndAmortization": 3876000,
    "ebitda": 137739000,
    "ebitdaratio": 0.826481936,
    "operatingIncome": 133863000,
    "operatingIncomeRatio": 0.803224587,
    "totalOtherIncomeExpensesNet": 11269000,
    "incomeBeforeTax": 145132000,
    "incomeBeforeTaxRatio": 0.8708425089,
    "incomeTaxExpense": 32022000,
    "netIncome": 113110000,
    "netIncomeRatio": 0.6786993646,
    "eps": 4.914552994662077,
    "epsdiluted": 4.9104508033477545,
    "weightedAverageShsOut": 23015318,
    "weightedAverageShsOutDil": 23034545,
    "link": "https://www.sec.gov/Archives/edgar/data/1811074/000181107424000015/0001811074-24-000015-index.htm",
    "finalLink": "https://www.sec.gov/Archives/edgar/data/1811074/000181107424000015/tpl-20231231.htm"
  },
  {
    "date": "2023-09-30",
    "symbol": "TPL",
    "reportedCurrency": "USD",
    "cik": "0001811074",
    "fillingDate": "2023-11-01",
    "acceptedDate": "2023-11-01 16:19:14",
    "calendarYear": "2023",
    "period": "Q3",
    "revenue": 157967000,
    "costOfRevenue": 12137000,
    "grossProfit": 145830000,
    "grossProfitRatio": 0.923167497,
    "researchAndDevelopmentExpenses": 0,
    "generalAndAdministrativeExpenses": 17091000,
    "sellingAndMarketingExpenses": 0,
    "sellingGeneralAndAdministrativeExpenses": 17091000,
    "otherExpenses": 1781000,
    "operatingExpenses": 18872000,
    "costAndExpenses": 31009000,
    "interestIncome": 7850000,
    "interestExpense": 0,
    "depreciationAndAmortization": 3584000,
    "ebitda": 130542000,
    "ebitdaratio": 0.8263877899,
    "operatingIncome": 126958000,
    "operatingIncomeRatio": 0.8036995069,
    "totalOtherIncomeExpensesNet": 7979000,
    "incomeBeforeTax": 134937000,
    "incomeBeforeTaxRatio": 0.8542100565,
    "incomeTaxExpense": 29363000,
    "netIncome": 105574000,
    "netIncomeRatio": 0.6683294612,
    "eps": 4.58487897585406,
    "epsdiluted": 4.581146862740597,
    "weightedAverageShsOut": 23026562,
    "weightedAverageShsOutDil": 23045321,
    "link": "https://www.sec.gov/Archives/edgar/data/1811074/000181107423000053/0001811074-23-000053-index.htm",
    "finalLink": "https://www.sec.gov/Archives/edgar/data/1811074/000181107423000053/tpl-20230930.htm"
  },
  {
    "date": "2023-06-30",
    "symbol": "TPL",
    "reportedCurrency": "USD",
    "cik": "0001811074",
    "fillingDate": "2023-08-02",
    "acceptedDate": "2023-08-02 16:19:42",
    "calendarYear": "2023",
    "period": "Q2",
    "revenue": 160609000,
    "costOfRevenue": 14180000,
    "grossProfit": 146429000,
    "grossProfitRatio": 0.9117110498,
    "researchAndDevelopmentExpenses": 0,
    "generalAndAdministrativeExpenses": 24079000,
    "sellingAndMarketingExpenses": 0,
    "sellingGeneralAndAdministrativeExpenses": 24079000,
    "otherExpenses": 2070000,
    "operatingExpenses": 26149000,
    "costAndExpenses": 40329000,
    "interestIncome": 6741000,
    "interestExpense": 0,
    "depreciationAndAmortization": 3893000,
    "ebitda": 124173000,
    "ebitdaratio": 0.7731384916,
    "operatingIncome": 120280000,
    "operatingIncomeRatio": 0.7488995013,
    "totalOtherIncomeExpensesNet": 6871000,
    "incomeBeforeTax": 127151000,
    "incomeBeforeTaxRatio": 0.7916804164,
    "incomeTaxExpense": 26758000,
    "netIncome": 100393000,
    "netIncomeRatio": 0.6250770505,
    "eps": 4.354125224958944,
    "epsdiluted": 4.351131496591513,
    "weightedAverageShsOut": 23056985,
    "weightedAverageShsOutDil": 23072849,
    "link": "https://www.sec.gov/Archives/edgar/data/1811074/000181107423000041/0001811074-23-000041-index.htm",
    "finalLink": "https://www.sec.gov/Archives/edgar/data/1811074/000181107423000041/tpl-20230630.htm"
  },
  {
    "date": "2023-03-31",
    "symbol": "TPL",
    "reportedCurrency": "USD",
    "cik": "0001811074",
    "fillingDate": "2023-05-03",
    "acceptedDate": "2023-05-03 16:21:13",
    "calendarYear": "2023",
    "period": "Q1",
    "revenue": 146362000,
    "costOfRevenue": 9063000,
    "grossProfit": 137299000,
    "grossProfitRatio": 0.9380781897,
    "researchAndDevelopmentExpenses": 0,
    "generalAndAdministrativeExpenses": 30773000,
    "sellingAndMarketingExpenses": 0,
    "sellingGeneralAndAdministrativeExpenses": 30773000,
    "otherExpenses": 1574000,
    "operatingExpenses": 32347000,
    "costAndExpenses": 41410000,
    "interestIncome": 0,
    "interestExpense": 0,
    "depreciationAndAmortization": 3404000,
    "ebitda": 108356000,
    "ebitdaratio": 0.7403287739,
    "operatingIncome": 104952000,
    "operatingIncomeRatio": 0.717071371,
    "totalOtherIncomeExpensesNet": 5389000,
    "incomeBeforeTax": 110341000,
    "incomeBeforeTaxRatio": 0.7538910373,
    "incomeTaxExpense": 23773000,
    "netIncome": 86568000,
    "netIncomeRatio": 0.5914649977,
    "eps": 3.7509016215474236,
    "epsdiluted": 3.748312473509098,
    "weightedAverageShsOut": 23079251,
    "weightedAverageShsOutDil": 23095193,
    "link": "https://www.sec.gov/Archives/edgar/data/1811074/000181107423000025/0001811074-23-000025-index.htm",
    "finalLink": "https://www.sec.gov/Archives/edgar/data/1811074/000181107423000025/tpl-20230331.htm"
  },
  {
    "date": "2022-12-31",
    "symbol": "TPL",
    "reportedCurrency": "USD",
    "cik": "0001811074",
    "fillingDate": "2023-02-22",
    "acceptedDate": "2023-02-22 16:27:33",
    "calendarYear": "2022",
    "period": "Q4",
    "revenue": 152706000,
    "costOfRevenue": 7626000,
    "grossProfit": 145080000,
    "grossProfitRatio": 0.9500609013,
    "researchAndDevelopmentExpenses": 0,
    "generalAndAdministrativeExpenses": 18971000,
    "sellingAndMarketingExpenses": 0,
    "sellingGeneralAndAdministrativeExpenses": 18971000,
    "otherExpenses": 1878000,
    "operatingExpenses": 20849000,
    "costAndExpenses": 28475000,
    "interestIncome": 0,
    "interestExpense": 0,
    "depreciationAndAmortization": 3153000,
    "ebitda": 127384000,
    "ebitdaratio": 0.8341780939,
    "operatingIncome": 124231000,
    "operatingIncomeRatio": 0.8135305751,
    "totalOtherIncomeExpensesNet": 3922000,
    "incomeBeforeTax": 128153000,
    "incomeBeforeTaxRatio": 0.8392139143,
    "incomeTaxExpense": 28422000,
    "netIncome": 99731000,
    "netIncomeRatio": 0.6530915616,
    "eps": 4.3182079941252525,
    "epsdiluted": 4.314492877827012,
    "weightedAverageShsOut": 23095460,
    "weightedAverageShsOutDil": 23115347,
    "link": "https://www.sec.gov/Archives/edgar/data/1811074/000181107423000014/0001811074-23-000014-index.htm",
    "finalLink": "https://www.sec.gov/Archives/edgar/data/1811074/000181107423000014/tpl-20221231.htm"
  },
  {
    "date": "2022-09-30",
    "symbol": "TPL",
    "reportedCurrency": "USD",
    "cik": "0001811074",
    "fillingDate": "2022-11-02",
    "acceptedDate": "2022-11-02 16:19:22",
    "calendarYear": "2022",
    "period": "Q3",
    "revenue": 191111000,
    "costOfRevenue": 10265000,
    "grossProfit": 180846000,
    "grossProfitRatio": 0.9462877595,
    "researchAndDevelopmentExpenses": 0,
    "generalAndAdministrativeExpenses": 15956000,
    "sellingAndMarketingExpenses": 0,
    "sellingGeneralAndAdministrativeExpenses": 15956000,
    "otherExpenses": 2835000,
    "operatingExpenses": 18791000,
    "costAndExpenses": 29056000,
    "interestIncome": 0,
    "interestExpense": 0,
    "depreciationAndAmortization": 3917000,
    "ebitda": 165972000,
    "ebitdaratio": 0.8684586445,
    "operatingIncome": 162055000,
    "operatingIncomeRatio": 0.8479627023,
    "totalOtherIncomeExpensesNet": 1920000,
    "incomeBeforeTax": 163975000,
    "incomeBeforeTaxRatio": 0.8580092198,
    "incomeTaxExpense": 34138000,
    "netIncome": 129837000,
    "netIncomeRatio": 0.6793800462,
    "eps": 5.609869658251495,
    "epsdiluted": 5.605927602331591,
    "weightedAverageShsOut": 23144388,
    "weightedAverageShsOutDil": 23160663,
    "link": "https://www.sec.gov/Archives/edgar/data/1811074/000181107422000071/0001811074-22-000071-index.htm",
    "finalLink": "https://www.sec.gov/Archives/edgar/data/1811074/000181107422000071/tpl-20220930.htm"
  },
  {
    "date": "2022-06-30",
    "symbol": "TPL",
    "reportedCurrency": "USD",
    "cik": "0001811074",
    "fillingDate": "2022-08-03",
    "acceptedDate": "2022-08-03 16:20:58",
    "calendarYear": "2022",
    "period": "Q2",
    "revenue": 176270000,
    "costOfRevenue": 8095000,
    "grossProfit": 168175000,
    "grossProfitRatio": 0.9540761332,
    "researchAndDevelopmentExpenses": 0,
    "generalAndAdministrativeExpenses": 14456000,
    "sellingAndMarketingExpenses": 0,
    "sellingGeneralAndAdministrativeExpenses": 14456000,
    "otherExpenses": 2011000,
    "operatingExpenses": 16467000,
    "costAndExpenses": 24562000,
    "interestIncome": 0,
    "interestExpense": 0,
    "depreciationAndAmortization": 4180000,
    "ebitda": 155888000,
    "ebitdaratio": 0.8843705679,
    "operatingIncome": 151708000,
    "operatingIncomeRatio": 0.8606569467,
    "totalOtherIncomeExpensesNet": 630000,
    "incomeBeforeTax": 152338000,
    "incomeBeforeTaxRatio": 0.8642310092,
    "incomeTaxExpense": 33444000,
    "netIncome": 118894000,
    "netIncomeRatio": 0.6744993476,
    "eps": 5.124478528903043,
    "epsdiluted": 5.1222385475786485,
    "weightedAverageShsOut": 23201190,
    "weightedAverageShsOutDil": 23211336,
    "link": "https://www.sec.gov/Archives/edgar/data/1811074/000181107422000052/0001811074-22-000052-index.htm",
    "finalLink": "https://www.sec.gov/Archives/edgar/data/1811074/000181107422000052/tpl-20220630.htm"
  },
  {
    "date": "2022-03-31",
    "symbol": "TPL",
    "reportedCurrency": "USD",
    "cik": "0001811074",
    "fillingDate": "2022-05-04",
    "acceptedDate": "2022-05-04 16:32:57",
    "calendarYear": "2022",
    "period": "Q1",
    "revenue": 147335000,
    "costOfRevenue": 6908000,
    "grossProfit": 140427000,
    "grossProfitRatio": 0.9531136526,
    "researchAndDevelopmentExpenses": 0,
    "generalAndAdministrativeExpenses": 14104000,
    "sellingAndMarketingExpenses": 0,
    "sellingGeneralAndAdministrativeExpenses": 14104000,
    "otherExpenses": 2010000,
    "operatingExpenses": 16114000,
    "costAndExpenses": 23022000,
    "interestIncome": 0,
    "interestExpense": 0,
    "depreciationAndAmortization": 4126000,
    "ebitda": 128439000,
    "ebitdaratio": 0.8717480571,
    "operatingIncome": 124313000,
    "operatingIncomeRatio": 0.8437438491,
    "totalOtherIncomeExpensesNet": 76000,
    "incomeBeforeTax": 124389000,
    "incomeBeforeTaxRatio": 0.8442596803,
    "incomeTaxExpense": 26489000,
    "netIncome": 97900000,
    "netIncomeRatio": 0.6644721214,
    "eps": 4.215449514825012,
    "epsdiluted": 4.214717241551515,
    "weightedAverageShsOut": 23224095,
    "weightedAverageShsOutDil": 23228130,
    "link": "https://www.sec.gov/Archives/edgar/data/1811074/000181107422000027/0001811074-22-000027-index.htm",
    "finalLink": "https://www.sec.gov/Archives/edgar/data/1811074/000181107422000027/tpl-20220331.htm"
  },
  {
    "date": "2021-12-31",
    "symbol": "TPL",
    "reportedCurrency": "USD",
    "cik": "0001811074",
    "fillingDate": "2022-02-23",
    "acceptedDate": "2022-02-23 16:30:50",
    "calendarYear": "2021",
    "period": "Q4",
    "revenue": 147178000,
    "costOfRevenue": 7429000,
    "grossProfit": 139749000,
    "grossProfitRatio": 0.949523706,
    "researchAndDevelopmentExpenses": 0,
    "generalAndAdministrativeExpenses": 13888000,
    "sellingAndMarketingExpenses": 0,
    "sellingGeneralAndAdministrativeExpenses": 13888000,
    "otherExpenses": 0,
    "operatingExpenses": 13888000,
    "costAndExpenses": 21317000,
    "interestIncome": 0,
    "interestExpense": 0,
    "depreciationAndAmortization": 4695000,
    "ebitda": 130556000,
    "ebitdaratio": 0.887061925,
    "operatingIncome": 125861000,
    "operatingIncomeRatio": 0.8551617769,
    "totalOtherIncomeExpensesNet": -300000,
    "incomeBeforeTax": 125561000,
    "incomeBeforeTaxRatio": 0.8531234288,
    "incomeTaxExpense": 46516000,
    "netIncome": 79045000,
    "netIncomeRatio": 0.5370707579,
    "eps": 3.402037753688421,
    "epsdiluted": 3.4019898746417625,
    "weightedAverageShsOut": 23234604,
    "weightedAverageShsOutDil": 23234931,
    "link": "https://www.sec.gov/Archives/edgar/data/1811074/000181107422000014/0001811074-22-000014-index.htm",
    "finalLink": "https://www.sec.gov/Archives/edgar/data/1811074/000181107422000014/tpl-20211231.htm"
  },
  {
    "date": "2021-09-30",
    "symbol": "TPL",
    "reportedCurrency": "USD",
    "cik": "0001811074",
    "fillingDate": "2021-11-04",
    "acceptedDate": "2021-11-04 16:25:22",
    "calendarYear": "2021",
    "period": "Q3",
    "revenue": 123693000,
    "costOfRevenue": 7516000,
    "grossProfit": 116177000,
    "grossProfitRatio": 0.9392366585,
    "researchAndDevelopmentExpenses": 0,
    "generalAndAdministrativeExpenses": 12937000,
    "sellingAndMarketingExpenses": 0,
    "sellingGeneralAndAdministrativeExpenses": 12937000,
    "otherExpenses": 0,
    "operatingExpenses": 12937000,
    "costAndExpenses": 20453000,
    "interestIncome": 0,
    "interestExpense": 0,
    "depreciationAndAmortization": 3866000,
    "ebitda": 107106000,
    "ebitdaratio": 0.86590187,
    "operatingIncome": 103240000,
    "operatingIncomeRatio": 0.8346470698,
    "totalOtherIncomeExpensesNet": 513000,
    "incomeBeforeTax": 103753000,
    "incomeBeforeTaxRatio": 0.8387944346,
    "incomeTaxExpense": 19916000,
    "netIncome": 83837000,
    "netIncomeRatio": 0.677782898,
    "eps": 3.6052742267379783,
    "epsdiluted": 3.6052742267379783,
    "weightedAverageShsOut": 23253987,
    "weightedAverageShsOutDil": 23253987,
    "link": "https://www.sec.gov/Archives/edgar/data/1811074/000181107421000052/0001811074-21-000052-index.htm",
    "finalLink": "https://www.sec.gov/Archives/edgar/data/1811074/000181107421000052/tpl-20210930.htm"
  },
  {
    "date": "2021-06-30",
    "symbol": "TPL",
    "reportedCurrency": "USD",
    "cik": "0001811074",
    "fillingDate": "2021-08-05",
    "acceptedDate": "2021-08-05 17:12:35",
    "calendarYear": "2021",
    "period": "Q2",
    "revenue": 95932000,
    "costOfRevenue": 7409000,
    "grossProfit": 88523000,
    "grossProfitRatio": 0.9227682108,
    "researchAndDevelopmentExpenses": 0,
    "generalAndAdministrativeExpenses": 17253000,
    "sellingAndMarketingExpenses": 0,
    "sellingGeneralAndAdministrativeExpenses": 17253000,
    "otherExpenses": 0,
    "operatingExpenses": 17253000,
    "costAndExpenses": 24662000,
    "interestIncome": 0,
    "interestExpense": 0,
    "depreciationAndAmortization": 3858000,
    "ebitda": 75128000,
    "ebitdaratio": 0.7831380561,
    "operatingIncome": 71270000,
    "operatingIncomeRatio": 0.7429220698,
    "totalOtherIncomeExpensesNet": 406000,
    "incomeBeforeTax": 71676000,
    "incomeBeforeTaxRatio": 0.7471542342,
    "incomeTaxExpense": 14630000,
    "netIncome": 57046000,
    "netIncomeRatio": 0.5946503774,
    "eps": 2.4517293489529544,
    "epsdiluted": 2.4517293489529544,
    "weightedAverageShsOut": 23267658,
    "weightedAverageShsOutDil": 23267658,
    "link": "https://www.sec.gov/Archives/edgar/data/1811074/000181107421000035/0001811074-21-000035-index.htm",
    "finalLink": "https://www.sec.gov/Archives/edgar/data/1811074/000181107421000035/tpl-20210630.htm"
  },
  {
    "date": "2021-03-31",
    "symbol": "TPL",
    "reportedCurrency": "USD",
    "cik": "0001811074",
    "fillingDate": "2021-05-06",
    "acceptedDate": "2021-05-06 16:41:48",
    "calendarYear": "2021",
    "period": "Q1",
    "revenue": 84155000,
    "costOfRevenue": 7136000,
    "grossProfit": 77019000,
    "grossProfitRatio": 0.9152040877,
    "researchAndDevelopmentExpenses": 0,
    "generalAndAdministrativeExpenses": 14997000,
    "sellingAndMarketingExpenses": 0,
    "sellingGeneralAndAdministrativeExpenses": 14997000,
    "otherExpenses": 0,
    "operatingExpenses": 14997000,
    "costAndExpenses": 22133000,
    "interestIncome": 0,
    "interestExpense": 0,
    "depreciationAndAmortization": 3838000,
    "ebitda": 65860000,
    "ebitdaratio": 0.7826035292,
    "operatingIncome": 62022000,
    "operatingIncomeRatio": 0.7369972075,
    "totalOtherIncomeExpensesNet": 5000,
    "incomeBeforeTax": 62027000,
    "incomeBeforeTaxRatio": 0.7370566217,
    "incomeTaxExpense": 11975000,
    "netIncome": 50052000,
    "netIncomeRatio": 0.5947596697,
    "eps": 2.1510655536067094,
    "epsdiluted": 2.1510655536067094,
    "weightedAverageShsOut": 23268468,
    "weightedAverageShsOutDil": 23268468,
    "link": "https://www.sec.gov/Archives/edgar/data/1811074/000181107421000024/0001811074-21-000024-index.htm",
    "finalLink": "https://www.sec.gov/Archives/edgar/data/1811074/000181107421000024/tpl-20210331.htm"
  },
  {
    "date": "2020-12-31",
    "symbol": "TPL",
    "reportedCurrency": "USD",
    "cik": "0001811074",
    "fillingDate": "2021-02-25",
    "acceptedDate": "2021-02-25 16:26:54",
    "calendarYear": "2020",
    "period": "Q4",
    "revenue": 74304000,
    "costOfRevenue": 7850000,
    "grossProfit": 66454000,
    "grossProfitRatio": 0.8943529285,
    "researchAndDevelopmentExpenses": 0,
    "generalAndAdministrativeExpenses": 11222000,
    "sellingAndMarketingExpenses": 0,
    "sellingGeneralAndAdministrativeExpenses": 11222000,
    "otherExpenses": 0,
    "operatingExpenses": 11222000,
    "costAndExpenses": 19072000,
    "interestIncome": 0,
    "interestExpense": 0,
    "depreciationAndAmortization": 3622000,
    "ebitda": 58854000,
    "ebitdaratio": 0.7920704134,
    "operatingIncome": 55232000,
    "operatingIncomeRatio": 0.7433247201,
    "totalOtherIncomeExpensesNet": 105000,
    "incomeBeforeTax": 55337000,
    "incomeBeforeTaxRatio": 0.7447378338,
    "incomeTaxExpense": 10546000,
    "netIncome": 44791000,
    "netIncomeRatio": 0.6028073859,
    "eps": 1.9249655800287324,
    "epsdiluted": 1.9249655800287324,
    "weightedAverageShsOut": 23268468,
    "weightedAverageShsOutDil": 23268468,
    "link": "https://www.sec.gov/Archives/edgar/data/1811074/000181107421000013/0001811074-21-000013-index.htm",
    "finalLink": "https://www.sec.gov/Archives/edgar/data/1811074/000181107421000013/tpl-20201231.htm"
  },
  {
    "date": "2020-09-30",
    "symbol": "TPL",
    "reportedCurrency": "USD",
    "cik": "0001811074",
    "fillingDate": "2020-11-05",
    "acceptedDate": "2020-11-05 16:35:06",
    "calendarYear": "2020",
    "period": "Q3",
    "revenue": 74383000,
    "costOfRevenue": 6087000,
    "grossProfit": 68296000,
    "grossProfitRatio": 0.9181667854,
    "researchAndDevelopmentExpenses": 0,
    "generalAndAdministrativeExpenses": 11548000,
    "sellingAndMarketingExpenses": 0,
    "sellingGeneralAndAdministrativeExpenses": 11548000,
    "otherExpenses": 0,
    "operatingExpenses": 11548000,
    "costAndExpenses": 17635000,
    "interestIncome": 0,
    "interestExpense": 0,
    "depreciationAndAmortization": 3760000,
    "ebitda": 60508000,
    "ebitdaratio": 0.8134654424,
    "operatingIncome": 56748000,
    "operatingIncomeRatio": 0.7629162577,
    "totalOtherIncomeExpensesNet": 1287000,
    "incomeBeforeTax": 58035000,
    "incomeBeforeTaxRatio": 0.7802185983,
    "incomeTaxExpense": 11760000,
    "netIncome": 46275000,
    "netIncomeRatio": 0.6221179571,
    "eps": 1.988742877270648,
    "epsdiluted": 1.988742877270648,
    "weightedAverageShsOut": 23268468,
    "weightedAverageShsOutDil": 23268468,
    "link": "https://www.sec.gov/Archives/edgar/data/97517/000009751720000056/0000097517-20-000056-index.htm",
    "finalLink": "https://www.sec.gov/Archives/edgar/data/97517/000009751720000056/tpl-20200930.htm"
  },
  {
    "date": "2020-06-30",
    "symbol": "TPL",
    "reportedCurrency": "USD",
    "cik": "0001811074",
    "fillingDate": "2020-08-06",
    "acceptedDate": "2020-08-06 16:28:46",
    "calendarYear": "2020",
    "period": "Q2",
    "revenue": 57284000,
    "costOfRevenue": 8549000,
    "grossProfit": 48735000,
    "grossProfitRatio": 0.85076112,
    "researchAndDevelopmentExpenses": 0,
    "generalAndAdministrativeExpenses": 13995000,
    "sellingAndMarketingExpenses": 0,
    "sellingGeneralAndAdministrativeExpenses": 13995000,
    "otherExpenses": 0,
    "operatingExpenses": 13995000,
    "costAndExpenses": 22544000,
    "interestIncome": 0,
    "interestExpense": 0,
    "depreciationAndAmortization": 3678000,
    "ebitda": 38418000,
    "ebitdaratio": 0.6706584736,
    "operatingIncome": 34740000,
    "operatingIncomeRatio": 0.6064520634,
    "totalOtherIncomeExpensesNet": 183000,
    "incomeBeforeTax": 34923000,
    "incomeBeforeTaxRatio": 0.6096466727,
    "incomeTaxExpense": 7340000,
    "netIncome": 27583000,
    "netIncomeRatio": 0.4815131625,
    "eps": 1.1854239823610218,
    "epsdiluted": 1.1854239823610218,
    "weightedAverageShsOut": 23268468,
    "weightedAverageShsOutDil": 23268468,
    "link": "https://www.sec.gov/Archives/edgar/data/97517/000009751720000045/0000097517-20-000045-index.htm",
    "finalLink": "https://www.sec.gov/Archives/edgar/data/97517/000009751720000045/tpl-20200630.htm"
  },
  {
    "date": "2020-03-31",
    "symbol": "TPL",
    "reportedCurrency": "USD",
    "cik": "0001811074",
    "fillingDate": "2020-05-07",
    "acceptedDate": "2020-05-07 16:42:44",
    "calendarYear": "2020",
    "period": "Q1",
    "revenue": 96594000,
    "costOfRevenue": 10115000,
    "grossProfit": 86479000,
    "grossProfitRatio": 0.8952833509,
    "researchAndDevelopmentExpenses": 0,
    "generalAndAdministrativeExpenses": 15937000,
    "sellingAndMarketingExpenses": 0,
    "sellingGeneralAndAdministrativeExpenses": 15937000,
    "otherExpenses": 0,
    "operatingExpenses": 15937000,
    "costAndExpenses": 26052000,
    "interestIncome": 0,
    "interestExpense": 0,
    "depreciationAndAmortization": 3335000,
    "ebitda": 73877000,
    "ebitdaratio": 0.7648197611,
    "operatingIncome": 70542000,
    "operatingIncomeRatio": 0.7302938071,
    "totalOtherIncomeExpensesNet": 826000,
    "incomeBeforeTax": 71368000,
    "incomeBeforeTaxRatio": 0.7388450628,
    "incomeTaxExpense": 13967000,
    "netIncome": 57401000,
    "netIncomeRatio": 0.5942501605,
    "eps": 2.466900700123446,
    "epsdiluted": 2.466900700123446,
    "weightedAverageShsOut": 23268468,
    "weightedAverageShsOutDil": 23268468,
    "link": "https://www.sec.gov/Archives/edgar/data/97517/000009751720000029/0000097517-20-000029-index.htm",
    "finalLink": "https://www.sec.gov/Archives/edgar/data/97517/000009751720000017/tpl-20191231.htm"
  },
  {
    "date": "2019-12-31",
    "symbol": "TPL",
    "reportedCurrency": "USD",
    "cik": "0001811074",
    "fillingDate": "2020-02-27",
    "acceptedDate": "2020-02-27 17:26:18",
    "calendarYear": "2019",
    "period": "Q4",
    "revenue": 113332000,
    "costOfRevenue": 9005000,
    "grossProfit": 104327000,
    "grossProfitRatio": 0.9205431829,
    "researchAndDevelopmentExpenses": 0,
    "generalAndAdministrativeExpenses": 13967000,
    "sellingAndMarketingExpenses": 0,
    "sellingGeneralAndAdministrativeExpenses": 13967000,
    "otherExpenses": 0,
    "operatingExpenses": 13967000,
    "costAndExpenses": 25172000,
    "interestIncome": 0,
    "interestExpense": 0,
    "depreciationAndAmortization": 3620000,
    "ebitda": 91780000,
    "ebitdaratio": 0.8098330569,
    "operatingIncome": 90360000,
    "operatingIncomeRatio": 0.7973034977,
    "totalOtherIncomeExpensesNet": 911000,
    "incomeBeforeTax": 89071000,
    "incomeBeforeTaxRatio": 0.7859298345,
    "incomeTaxExpense": 19949000,
    "netIncome": 69122000,
    "netIncomeRatio": 0.6099071754,
    "eps": 2.9706296091345594,
    "epsdiluted": 2.9706296091345594,
    "weightedAverageShsOut": 23268468,
    "weightedAverageShsOutDil": 23268468,
    "link": "https://www.sec.gov/Archives/edgar/data/97517/000009751720000017/0000097517-20-000017-index.htm",
    "finalLink": "https://www.sec.gov/Archives/edgar/data/97517/000009751720000017/tpl-20191231.htm"
  },
  {
    "date": "2019-09-30",
    "symbol": "TPL",
    "reportedCurrency": "USD",
    "cik": "0001811074",
    "fillingDate": "2019-11-07",
    "acceptedDate": "2019-11-07 16:34:12",
    "calendarYear": "2019",
    "period": "Q3",
    "revenue": 98530000,
    "costOfRevenue": 7753000,
    "grossProfit": 90777000,
    "grossProfitRatio": 0.9213133056,
    "researchAndDevelopmentExpenses": 0,
    "generalAndAdministrativeExpenses": 16959000,
    "sellingAndMarketingExpenses": 0,
    "sellingGeneralAndAdministrativeExpenses": 16959000,
    "otherExpenses": 0,
    "operatingExpenses": 16959000,
    "costAndExpenses": 24712000,
    "interestIncome": 0,
    "interestExpense": 0,
    "depreciationAndAmortization": 2631000,
    "ebitda": 76449000,
    "ebitdaratio": 0.7758956663,
    "operatingIncome": 73818000,
    "operatingIncomeRatio": 0.7491931391,
    "totalOtherIncomeExpensesNet": 941000,
    "incomeBeforeTax": 74759000,
    "incomeBeforeTaxRatio": 0.7587435299,
    "incomeTaxExpense": 14737000,
    "netIncome": 60022000,
    "netIncomeRatio": 0.6091748706,
    "eps": 2.5795424090662094,
    "epsdiluted": 2.5795424090662094,
    "weightedAverageShsOut": 23268468,
    "weightedAverageShsOutDil": 23268468,
    "link": "https://www.sec.gov/Archives/edgar/data/97517/000009751719000049/0000097517-19-000049-index.htm",
    "finalLink": "https://www.sec.gov/Archives/edgar/data/97517/000009751719000049/tpl-20190930.htm"
  },
  {
    "date": "2019-06-30",
    "symbol": "TPL",
    "reportedCurrency": "USD",
    "cik": "0001811074",
    "fillingDate": "2019-08-07",
    "acceptedDate": "2019-08-07 16:33:39",
    "calendarYear": "2019",
    "period": "Q2",
    "revenue": 87310000,
    "costOfRevenue": 7174000,
    "grossProfit": 80136000,
    "grossProfitRatio": 0.9178330088,
    "researchAndDevelopmentExpenses": 0,
    "generalAndAdministrativeExpenses": 17694000,
    "sellingAndMarketingExpenses": 0,
    "sellingGeneralAndAdministrativeExpenses": 17694000,
    "otherExpenses": 0,
    "operatingExpenses": 17694000,
    "costAndExpenses": 24868000,
    "interestIncome": 0,
    "interestExpense": 0,
    "depreciationAndAmortization": 1451000,
    "ebitda": 63893000,
    "ebitdaratio": 0.7317947543,
    "operatingIncome": 62442000,
    "operatingIncomeRatio": 0.7151758103,
    "totalOtherIncomeExpensesNet": 437000,
    "incomeBeforeTax": 62879000,
    "incomeBeforeTaxRatio": 0.7201809644,
    "incomeTaxExpense": 13293000,
    "netIncome": 49586000,
    "netIncomeRatio": 0.5679303631,
    "eps": 2.1310384508339784,
    "epsdiluted": 2.1310384508339784,
    "weightedAverageShsOut": 23268468,
    "weightedAverageShsOutDil": 23268468,
    "link": "https://www.sec.gov/Archives/edgar/data/97517/000009751719000036/0000097517-19-000036-index.htm",
    "finalLink": "https://www.sec.gov/Archives/edgar/data/97517/000009751719000036/tpl06-30x201910xq.htm"
  },
  {
    "date": "2019-03-31",
    "symbol": "TPL",
    "reportedCurrency": "USD",
    "cik": "0001811074",
    "fillingDate": "2019-05-07",
    "acceptedDate": "2019-05-07 17:16:57",
    "calendarYear": "2019",
    "period": "Q1",
    "revenue": 191324000,
    "costOfRevenue": 5782000,
    "grossProfit": 185542000,
    "grossProfitRatio": 0.9697790136,
    "researchAndDevelopmentExpenses": 0,
    "generalAndAdministrativeExpenses": 10389000,
    "sellingAndMarketingExpenses": 0,
    "sellingGeneralAndAdministrativeExpenses": 10389000,
    "otherExpenses": 0,
    "operatingExpenses": 10389000,
    "costAndExpenses": 16171000,
    "interestIncome": 0,
    "interestExpense": 0,
    "depreciationAndAmortization": 1204000,
    "ebitda": 176357000,
    "ebitdaratio": 0.9217714453,
    "operatingIncome": 175153000,
    "operatingIncomeRatio": 0.9154784554,
    "totalOtherIncomeExpensesNet": 393000,
    "incomeBeforeTax": 175546000,
    "incomeBeforeTaxRatio": 0.9175325626,
    "incomeTaxExpense": 35548000,
    "netIncome": 139998000,
    "netIncomeRatio": 0.7317325584,
    "eps": 6.013808589078493,
    "epsdiluted": 6.013808589078493,
    "weightedAverageShsOut": 23279424,
    "weightedAverageShsOutDil": 23279424,
    "link": "https://www.sec.gov/Archives/edgar/data/97517/000009751719000026/0000097517-19-000026-index.htm",
    "finalLink": "https://www.sec.gov/Archives/edgar/data/97517/000009751719000015/tpl12-31x201810k.htm"
  },
  {
    "date": "2018-12-31",
    "symbol": "TPL",
    "reportedCurrency": "USD",
    "cik": "0001811074",
    "fillingDate": "2019-02-28",
    "acceptedDate": "2019-02-28 16:37:49",
    "calendarYear": "2018",
    "period": "Q4",
    "revenue": 93201000,
    "costOfRevenue": 4631000,
    "grossProfit": 88570000,
    "grossProfitRatio": 0.9503116919,
    "researchAndDevelopmentExpenses": 0,
    "generalAndAdministrativeExpenses": 11074000,
    "sellingAndMarketingExpenses": 0,
    "sellingGeneralAndAdministrativeExpenses": 11074000,
    "otherExpenses": 390000,
    "operatingExpenses": 10681000,
    "costAndExpenses": 15312000,
    "interestIncome": 0,
    "interestExpense": 0,
    "depreciationAndAmortization": 1064000,
    "ebitda": 78953000,
    "ebitdaratio": 0.8471261038,
    "operatingIncome": 77889000,
    "operatingIncomeRatio": 0.8357099173,
    "totalOtherIncomeExpensesNet": 390000,
    "incomeBeforeTax": 78279000,
    "incomeBeforeTaxRatio": 0.8398944217,
    "incomeTaxExpense": 15599000,
    "netIncome": 62680000,
    "netIncomeRatio": 0.6725249729,
    "eps": 2.693188818918113,
    "epsdiluted": 2.6925064812600175,
    "weightedAverageShsOut": 23273526,
    "weightedAverageShsOutDil": 23279424,
    "link": "https://www.sec.gov/Archives/edgar/data/97517/000009751719000015/0000097517-19-000015-index.htm",
    "finalLink": "https://www.sec.gov/Archives/edgar/data/97517/000009751719000015/tpl12-31x201810k.htm"
  },
  {
    "date": "2018-09-30",
    "symbol": "TPL",
    "reportedCurrency": "USD",
    "cik": "0001811074",
    "fillingDate": "2018-11-07",
    "acceptedDate": "2018-11-07 16:23:50",
    "calendarYear": "2018",
    "period": "Q3",
    "revenue": 73168000,
    "costOfRevenue": 4413000,
    "grossProfit": 68755000,
    "grossProfitRatio": 0.9396867483,
    "researchAndDevelopmentExpenses": 0,
    "generalAndAdministrativeExpenses": 5664000,
    "sellingAndMarketingExpenses": 0,
    "sellingGeneralAndAdministrativeExpenses": 5664000,
    "otherExpenses": 236000,
    "operatingExpenses": 5796000,
    "costAndExpenses": 10209000,
    "interestIncome": 0,
    "interestExpense": 0,
    "depreciationAndAmortization": 706000,
    "ebitda": 63665000,
    "ebitdaratio": 0.8701208178,
    "operatingIncome": 62959000,
    "operatingIncomeRatio": 0.8604717909,
    "totalOtherIncomeExpensesNet": 236000,
    "incomeBeforeTax": 63195000,
    "incomeBeforeTaxRatio": 0.8636972447,
    "incomeTaxExpense": 12433000,
    "netIncome": 50762000,
    "netIncomeRatio": 0.6937732342,
    "eps": 2.1730237521487514,
    "epsdiluted": 2.1730237521487514,
    "weightedAverageShsOut": 23360076,
    "weightedAverageShsOutDil": 23360076,
    "link": "https://www.sec.gov/Archives/edgar/data/97517/000009751718000025/0000097517-18-000025-index.htm",
    "finalLink": "https://www.sec.gov/Archives/edgar/data/97517/000009751718000025/tpl09-30x201810xq.htm"
  },
  {
    "date": "2018-06-30",
    "symbol": "TPL",
    "reportedCurrency": "USD",
    "cik": "0001811074",
    "fillingDate": "2018-08-07",
    "acceptedDate": "2018-08-07 16:34:50",
    "calendarYear": "2018",
    "period": "Q2",
    "revenue": 73844000,
    "costOfRevenue": 3071000,
    "grossProfit": 70773000,
    "grossProfitRatio": 0.9584123287,
    "researchAndDevelopmentExpenses": 0,
    "generalAndAdministrativeExpenses": 5153000,
    "sellingAndMarketingExpenses": 0,
    "sellingGeneralAndAdministrativeExpenses": 5153000,
    "otherExpenses": 160000,
    "operatingExpenses": 5268000,
    "costAndExpenses": 8339000,
    "interestIncome": 0,
    "interestExpense": 0,
    "depreciationAndAmortization": 483000,
    "ebitda": 65988000,
    "ebitdaratio": 0.8936135637,
    "operatingIncome": 65505000,
    "operatingIncomeRatio": 0.887072748,
    "totalOtherIncomeExpensesNet": 160000,
    "incomeBeforeTax": 65665000,
    "incomeBeforeTaxRatio": 0.8892394778,
    "incomeTaxExpense": 13162000,
    "netIncome": 52503000,
    "netIncomeRatio": 0.7109988625,
    "eps": 2.242808748556034,
    "epsdiluted": 2.242808748556034,
    "weightedAverageShsOut": 23409486,
    "weightedAverageShsOutDil": 23409486,
    "link": "https://www.sec.gov/Archives/edgar/data/97517/000009751718000017/0000097517-18-000017-index.htm",
    "finalLink": "https://www.sec.gov/Archives/edgar/data/97517/000009751718000017/tpl06-30x201810xq.htm"
  },
  {
    "date": "2018-03-31",
    "symbol": "TPL",
    "reportedCurrency": "USD",
    "cik": "0001811074",
    "fillingDate": "2018-05-07",
    "acceptedDate": "2018-05-07 16:32:45",
    "calendarYear": "2018",
    "period": "Q1",
    "revenue": 60007000,
    "costOfRevenue": 1636000,
    "grossProfit": 58371000,
    "grossProfitRatio": 0.9727365141,
    "researchAndDevelopmentExpenses": 0,
    "generalAndAdministrativeExpenses": 3744000,
    "sellingAndMarketingExpenses": 0,
    "sellingGeneralAndAdministrativeExpenses": 3744000,
    "otherExpenses": 130000,
    "operatingExpenses": 3890000,
    "costAndExpenses": 5526000,
    "interestIncome": 0,
    "interestExpense": 0,
    "depreciationAndAmortization": 330000,
    "ebitda": 54811000,
    "ebitdaratio": 0.9134101022,
    "operatingIncome": 54481000,
    "operatingIncomeRatio": 0.9079107437,
    "totalOtherIncomeExpensesNet": 130000,
    "incomeBeforeTax": 54611000,
    "incomeBeforeTaxRatio": 0.9100771577,
    "incomeTaxExpense": 10820000,
    "netIncome": 43791000,
    "netIncomeRatio": 0.7297648608,
    "eps": 1.8670614394574279,
    "epsdiluted": 1.8670614394574279,
    "weightedAverageShsOut": 23454504,
    "weightedAverageShsOutDil": 23454504,
    "link": "https://www.sec.gov/Archives/edgar/data/97517/000009751718000007/0000097517-18-000007-index.htm",
    "finalLink": "https://www.sec.gov/Archives/edgar/data/97517/000143774918003528/tpl20171231_10k.htm"
  },
  {
    "date": "2017-12-31",
    "symbol": "TPL",
    "reportedCurrency": "USD",
    "cik": "0001811074",
    "fillingDate": "2018-02-28",
    "acceptedDate": "2018-02-28 16:07:21",
    "calendarYear": "2017",
    "period": "Q4",
    "revenue": 38275224,
    "costOfRevenue": 280000,
    "grossProfit": 37995224,
    "grossProfitRatio": 0.9926845627,
    "researchAndDevelopmentExpenses": 0,
    "generalAndAdministrativeExpenses": 2589138,
    "sellingAndMarketingExpenses": 0,
    "sellingGeneralAndAdministrativeExpenses": 2589138,
    "otherExpenses": 950401,
    "operatingExpenses": 3539539,
    "costAndExpenses": 4406539,
    "interestIncome": 44868,
    "interestExpense": 44868,
    "depreciationAndAmortization": 63469,
    "ebitda": 33932154,
    "ebitdaratio": 0.8865305138,
    "operatingIncome": 33868685,
    "operatingIncomeRatio": 0.8848722871,
    "totalOtherIncomeExpensesNet": -2867747,
    "incomeBeforeTax": 33913553,
    "incomeBeforeTaxRatio": 0.8860445337,
    "incomeTaxExpense": 15554140,
    "netIncome": 18359413,
    "netIncomeRatio": 0.4796683358,
    "eps": 0.7844738349528793,
    "epsdiluted": 0.7827670540378939,
    "weightedAverageShsOut": 23403474,
    "weightedAverageShsOutDil": 23454504,
    "link": "https://www.sec.gov/Archives/edgar/data/97517/000143774918003528/0001437749-18-003528-index.htm",
    "finalLink": "https://www.sec.gov/Archives/edgar/data/97517/000143774918003528/tpl20171231_10k.htm"
  },
  {
    "date": "2017-09-30",
    "symbol": "TPL",
    "reportedCurrency": "USD",
    "cik": "0001811074",
    "fillingDate": "2017-11-07",
    "acceptedDate": "2017-11-07 13:48:38",
    "calendarYear": "2017",
    "period": "Q3",
    "revenue": 42476454,
    "costOfRevenue": 410000,
    "grossProfit": 42066454,
    "grossProfitRatio": 0.9903475935,
    "researchAndDevelopmentExpenses": 0,
    "generalAndAdministrativeExpenses": 2608455,
    "sellingAndMarketingExpenses": 0,
    "sellingGeneralAndAdministrativeExpenses": 2608455,
    "otherExpenses": 796633,
    "operatingExpenses": 3405088,
    "costAndExpenses": 3405088,
    "interestIncome": 20073,
    "interestExpense": 20073,
    "depreciationAndAmortization": 208801,
    "ebitda": 39280167,
    "ebitdaratio": 0.9247515577,
    "operatingIncome": 39071366,
    "operatingIncomeRatio": 0.9198358695,
    "totalOtherIncomeExpensesNet": 20073,
    "incomeBeforeTax": 39091439,
    "incomeBeforeTaxRatio": 0.9203084372,
    "incomeTaxExpense": 12686727,
    "netIncome": 33002000,
    "netIncomeRatio": 0.7769480946,
    "eps": 1.401016855843423,
    "epsdiluted": 1.401016855843423,
    "weightedAverageShsOut": 23555748,
    "weightedAverageShsOutDil": 23555748,
    "link": "https://www.sec.gov/Archives/edgar/data/97517/000143774917018504/0001437749-17-018504-index.htm",
    "finalLink": "https://www.sec.gov/Archives/edgar/data/97517/000143774917018504/tpl20170930_10q.htm"
  },
  {
    "date": "2017-06-30",
    "symbol": "TPL",
    "reportedCurrency": "USD",
    "cik": "0001811074",
    "fillingDate": "2017-08-04",
    "acceptedDate": "2017-08-04 13:32:09",
    "calendarYear": "2017",
    "period": "Q2",
    "revenue": 27348554,
    "costOfRevenue": 95000,
    "grossProfit": 27253554,
    "grossProfitRatio": 0.9965263246,
    "researchAndDevelopmentExpenses": 0,
    "generalAndAdministrativeExpenses": 1854463,
    "sellingAndMarketingExpenses": 0,
    "sellingGeneralAndAdministrativeExpenses": 1854463,
    "otherExpenses": 762207,
    "operatingExpenses": 2616670,
    "costAndExpenses": 2616670,
    "interestIncome": 9565,
    "interestExpense": 9565,
    "depreciationAndAmortization": 84611,
    "ebitda": 24816495,
    "ebitdaratio": 0.9074152513,
    "operatingIncome": 24731884,
    "operatingIncomeRatio": 0.9043214497,
    "totalOtherIncomeExpensesNet": 9565,
    "incomeBeforeTax": 24741449,
    "incomeBeforeTaxRatio": 0.904671194,
    "incomeTaxExpense": 8029997,
    "netIncome": 20350000,
    "netIncomeRatio": 0.7440978415,
    "eps": 0.8605905842001828,
    "epsdiluted": 0.8605905842001828,
    "weightedAverageShsOut": 23646552,
    "weightedAverageShsOutDil": 23646552,
    "link": "https://www.sec.gov/Archives/edgar/data/97517/000143774917013797/0001437749-17-013797-index.htm",
    "finalLink": "https://www.sec.gov/Archives/edgar/data/97517/000143774917013797/tpl20170630_10q.htm"
  },
  {
    "date": "2017-03-31",
    "symbol": "TPL",
    "reportedCurrency": "USD",
    "cik": "0001811074",
    "fillingDate": "2017-05-04",
    "acceptedDate": "2017-05-04 16:31:02",
    "calendarYear": "2017",
    "period": "Q1",
    "revenue": 24228768,
    "costOfRevenue": 19000,
    "grossProfit": 24209768,
    "grossProfitRatio": 0.9992158082,
    "researchAndDevelopmentExpenses": 0,
    "generalAndAdministrativeExpenses": 1464944,
    "sellingAndMarketingExpenses": 0,
    "sellingGeneralAndAdministrativeExpenses": 1464944,
    "otherExpenses": 659759,
    "operatingExpenses": 2124703,
    "costAndExpenses": 2124703,
    "interestIncome": 9494,
    "interestExpense": 0,
    "depreciationAndAmortization": 19119,
    "ebitda": 22123184,
    "ebitdaratio": 0.9130957051,
    "operatingIncome": 22104065,
    "operatingIncomeRatio": 0.9123066018,
    "totalOtherIncomeExpensesNet": 9494,
    "incomeBeforeTax": 22113559,
    "incomeBeforeTaxRatio": 0.91269845,
    "incomeTaxExpense": 7228137,
    "netIncome": 14885422,
    "netIncomeRatio": 0.6143697443,
    "eps": 0.6265632119535696,
    "epsdiluted": 0.6265632119535696,
    "weightedAverageShsOut": 23757255,
    "weightedAverageShsOutDil": 23757255,
    "link": "https://www.sec.gov/Archives/edgar/data/97517/000143774917008005/0001437749-17-008005-index.htm",
    "finalLink": "https://www.sec.gov/Archives/edgar/data/97517/000143774917003418/tpl20161231_10k.htm"
  },
  {
    "date": "2016-12-31",
    "symbol": "TPL",
    "reportedCurrency": "USD",
    "cik": "0001811074",
    "fillingDate": "2017-02-28",
    "acceptedDate": "2017-02-28 14:59:45",
    "calendarYear": "2016",
    "period": "Q4",
    "revenue": 17563217,
    "costOfRevenue": 1600000,
    "grossProfit": 15963217,
    "grossProfitRatio": 0.9089005163,
    "researchAndDevelopmentExpenses": 0,
    "generalAndAdministrativeExpenses": 899620,
    "sellingAndMarketingExpenses": 0,
    "sellingGeneralAndAdministrativeExpenses": 899620,
    "otherExpenses": 548731,
    "operatingExpenses": 1448351,
    "costAndExpenses": 1491641,
    "interestIncome": 9784,
    "interestExpense": 0,
    "depreciationAndAmortization": 24616,
    "ebitda": 16096192,
    "ebitdaratio": 0.9164717375,
    "operatingIncome": 16071576,
    "operatingIncomeRatio": 0.9150701719,
    "totalOtherIncomeExpensesNet": -27563,
    "incomeBeforeTax": 16081360,
    "incomeBeforeTaxRatio": 0.9156272453,
    "incomeTaxExpense": 5174390,
    "netIncome": 10906970,
    "netIncomeRatio": 0.6210120845,
    "eps": 0.4613511691923672,
    "epsdiluted": 0.45910059895387745,
    "weightedAverageShsOut": 23641362,
    "weightedAverageShsOutDil": 23757255,
    "link": "https://www.sec.gov/Archives/edgar/data/97517/000143774917003418/0001437749-17-003418-index.htm",
    "finalLink": "https://www.sec.gov/Archives/edgar/data/97517/000143774917003418/tpl20161231_10k.htm"
  },
  {
    "date": "2016-09-30",
    "symbol": "TPL",
    "reportedCurrency": "USD",
    "cik": "0001811074",
    "fillingDate": "2016-11-03",
    "acceptedDate": "2016-11-03 16:47:18",
    "calendarYear": "2016",
    "period": "Q3",
    "revenue": 14265752,
    "costOfRevenue": 0,
    "grossProfit": 14265752,
    "grossProfitRatio": 1,
    "researchAndDevelopmentExpenses": 0,
    "generalAndAdministrativeExpenses": 676332,
    "sellingAndMarketingExpenses": 0,
    "sellingGeneralAndAdministrativeExpenses": 676332,
    "otherExpenses": 497244,
    "operatingExpenses": 1173576,
    "costAndExpenses": 1173576,
    "interestIncome": 7500,
    "interestExpense": 0,
    "depreciationAndAmortization": 5700,
    "ebitda": 13097876,
    "ebitdaratio": 0.9181342841,
    "operatingIncome": 13092176,
    "operatingIncomeRatio": 0.9177347258,
    "totalOtherIncomeExpensesNet": 7500,
    "incomeBeforeTax": 13099676,
    "incomeBeforeTaxRatio": 0.9182604604,
    "incomeTaxExpense": 4170264,
    "netIncome": 8929412,
    "netIncomeRatio": 0.6259334944,
    "eps": 0.3727607418101619,
    "epsdiluted": 0.3727607418101619,
    "weightedAverageShsOut": 23954808,
    "weightedAverageShsOutDil": 23954808,
    "link": "https://www.sec.gov/Archives/edgar/data/97517/000143774916041007/0001437749-16-041007-index.htm",
    "finalLink": "https://www.sec.gov/Archives/edgar/data/97517/000143774916041007/tpl20160818_10q.htm"
  },
  {
    "date": "2016-06-30",
    "symbol": "TPL",
    "reportedCurrency": "USD",
    "cik": "0001811074",
    "fillingDate": "2016-08-04",
    "acceptedDate": "2016-08-04 13:30:14",
    "calendarYear": "2016",
    "period": "Q2",
    "revenue": 16190266,
    "costOfRevenue": 0,
    "grossProfit": 16190266,
    "grossProfitRatio": 1,
    "researchAndDevelopmentExpenses": 0,
    "generalAndAdministrativeExpenses": 698423,
    "sellingAndMarketingExpenses": 0,
    "sellingGeneralAndAdministrativeExpenses": 698423,
    "otherExpenses": 394217,
    "operatingExpenses": 1092640,
    "costAndExpenses": 1092640,
    "interestIncome": 5844,
    "interestExpense": 5844,
    "depreciationAndAmortization": 5700,
    "ebitda": 15103326,
    "ebitdaratio": 0.932864599,
    "operatingIncome": 15097626,
    "operatingIncomeRatio": 0.9325125356,
    "totalOtherIncomeExpensesNet": 5844,
    "incomeBeforeTax": 15103470,
    "incomeBeforeTaxRatio": 0.9328734932,
    "incomeTaxExpense": 4980353,
    "netIncome": 10123117,
    "netIncomeRatio": 0.6252594615,
    "eps": 0.4192548093847715,
    "epsdiluted": 0.4192548093847715,
    "weightedAverageShsOut": 24145500,
    "weightedAverageShsOutDil": 24145500,
    "link": "https://www.sec.gov/Archives/edgar/data/97517/000143774916036421/0001437749-16-036421-index.htm",
    "finalLink": "https://www.sec.gov/Archives/edgar/data/97517/000143774916036421/tpl20160630_10q.htm"
  },
  {
    "date": "2016-03-31",
    "symbol": "TPL",
    "reportedCurrency": "USD",
    "cik": "0001811074",
    "fillingDate": "2016-05-05",
    "acceptedDate": "2016-05-05 14:03:25",
    "calendarYear": "2016",
    "period": "Q1",
    "revenue": 11892161,
    "costOfRevenue": 0,
    "grossProfit": 11892161,
    "grossProfitRatio": 1,
    "researchAndDevelopmentExpenses": 0,
    "generalAndAdministrativeExpenses": 749105,
    "sellingAndMarketingExpenses": 0,
    "sellingGeneralAndAdministrativeExpenses": 749105,
    "otherExpenses": 346584,
    "operatingExpenses": 1095689,
    "costAndExpenses": 1095689,
    "interestIncome": 5942,
    "interestExpense": 5942,
    "depreciationAndAmortization": 7274,
    "ebitda": 10803746,
    "ebitdaratio": 0.9084762643,
    "operatingIncome": 10796472,
    "operatingIncomeRatio": 0.9078646009,
    "totalOtherIncomeExpensesNet": 5942,
    "incomeBeforeTax": 10802414,
    "incomeBeforeTaxRatio": 0.9083642578,
    "incomeTaxExpense": 3522363,
    "netIncome": 7280051,
    "netIncomeRatio": 0.6121722536,
    "eps": 0.2996606449294028,
    "epsdiluted": 0.2996606449294028,
    "weightedAverageShsOut": 24294318,
    "weightedAverageShsOutDil": 24294318,
    "link": "https://www.sec.gov/Archives/edgar/data/97517/000143774916030927/0001437749-16-030927-index.htm",
    "finalLink": "https://www.sec.gov/Archives/edgar/data/97517/000143774916026297/tpl20151201_10k.htm"
  },
  {
    "date": "2015-12-31",
    "symbol": "TPL",
    "reportedCurrency": "USD",
    "cik": "0001811074",
    "fillingDate": "2016-02-29",
    "acceptedDate": "2016-02-29 12:28:39",
    "calendarYear": "2015",
    "period": "Q4",
    "revenue": 14714861,
    "costOfRevenue": 1314451,
    "grossProfit": 13400410,
    "grossProfitRatio": 0.9106718711,
    "researchAndDevelopmentExpenses": 0,
    "generalAndAdministrativeExpenses": 936615,
    "sellingAndMarketingExpenses": 0,
    "sellingGeneralAndAdministrativeExpenses": 936615,
    "otherExpenses": 403440,
    "operatingExpenses": 1340055,
    "costAndExpenses": 1375887,
    "interestIncome": 6197,
    "interestExpense": 6197,
    "depreciationAndAmortization": 11575,
    "ebitda": 13350549,
    "ebitdaratio": 0.9072833919,
    "operatingIncome": 13338974,
    "operatingIncomeRatio": 0.9064967722,
    "totalOtherIncomeExpensesNet": 6197,
    "incomeBeforeTax": 13345171,
    "incomeBeforeTaxRatio": 0.9069179111,
    "incomeTaxExpense": 4350114,
    "netIncome": 8995057,
    "netIncomeRatio": 0.6112906537,
    "eps": 0.370253530064108,
    "epsdiluted": 0.370253530064108,
    "weightedAverageShsOut": 24294318,
    "weightedAverageShsOutDil": 24294318,
    "link": "https://www.sec.gov/Archives/edgar/data/97517/000143774916026297/0001437749-16-026297-index.htm",
    "finalLink": "https://www.sec.gov/Archives/edgar/data/97517/000143774916026297/tpl20151201_10k.htm"
  },
  {
    "date": "2015-09-30",
    "symbol": "TPL",
    "reportedCurrency": "USD",
    "cik": "0001811074",
    "fillingDate": "2015-11-05",
    "acceptedDate": "2015-11-05 15:25:30",
    "calendarYear": "2015",
    "period": "Q3",
    "revenue": 18179458,
    "costOfRevenue": 0,
    "grossProfit": 18179458,
    "grossProfitRatio": 1,
    "researchAndDevelopmentExpenses": 0,
    "generalAndAdministrativeExpenses": 590984,
    "sellingAndMarketingExpenses": 0,
    "sellingGeneralAndAdministrativeExpenses": 590984,
    "otherExpenses": 362556,
    "operatingExpenses": 953540,
    "costAndExpenses": 953540,
    "interestIncome": 7290,
    "interestExpense": 7290,
    "depreciationAndAmortization": 4500,
    "ebitda": 17230418,
    "ebitdaratio": 0.9477960234,
    "operatingIncome": 17225918,
    "operatingIncomeRatio": 0.9475484913,
    "totalOtherIncomeExpensesNet": 7290,
    "incomeBeforeTax": 17233208,
    "incomeBeforeTaxRatio": 0.9479494933,
    "incomeTaxExpense": 5771859,
    "netIncome": 11461349,
    "netIncomeRatio": 0.6304560345,
    "eps": 0.4664342583556888,
    "epsdiluted": 0.4664342583556888,
    "weightedAverageShsOut": 24572271,
    "weightedAverageShsOutDil": 24572271,
    "link": "https://www.sec.gov/Archives/edgar/data/97517/000143774915019811/0001437749-15-019811-index.htm",
    "finalLink": "https://www.sec.gov/Archives/edgar/data/97517/000143774915019811/tpl20150831_10q.htm"
  },
  {
    "date": "2015-06-30",
    "symbol": "TPL",
    "reportedCurrency": "USD",
    "cik": "0001811074",
    "fillingDate": "2015-08-06",
    "acceptedDate": "2015-08-06 13:02:04",
    "calendarYear": "2015",
    "period": "Q2",
    "revenue": 11787875,
    "costOfRevenue": 0,
    "grossProfit": 11787875,
    "grossProfitRatio": 1,
    "researchAndDevelopmentExpenses": 0,
    "generalAndAdministrativeExpenses": 503799,
    "sellingAndMarketingExpenses": 0,
    "sellingGeneralAndAdministrativeExpenses": 503799,
    "otherExpenses": 342302,
    "operatingExpenses": 846101,
    "costAndExpenses": 846101,
    "interestIncome": 7259,
    "interestExpense": 7259,
    "depreciationAndAmortization": 4500,
    "ebitda": 10946274,
    "ebitdaratio": 0.9286045195,
    "operatingIncome": 10941774,
    "operatingIncomeRatio": 0.9282227713,
    "totalOtherIncomeExpensesNet": 7259,
    "incomeBeforeTax": 10949033,
    "incomeBeforeTaxRatio": 0.9288385735,
    "incomeTaxExpense": 3533021,
    "netIncome": 7416012,
    "netIncomeRatio": 0.6291220428,
    "eps": 0.29984237680494935,
    "epsdiluted": 0.29984237680494935,
    "weightedAverageShsOut": 24733035,
    "weightedAverageShsOutDil": 24733035,
    "link": "https://www.sec.gov/Archives/edgar/data/97517/000143774915015018/0001437749-15-015018-index.htm",
    "finalLink": "https://www.sec.gov/Archives/edgar/data/97517/000143774915015018/tpl20150630_10q.htm"
  },
  {
    "date": "2015-03-31",
    "symbol": "TPL",
    "reportedCurrency": "USD",
    "cik": "0001811074",
    "fillingDate": "2015-05-06",
    "acceptedDate": "2015-05-06 13:01:53",
    "calendarYear": "2015",
    "period": "Q1",
    "revenue": 34732660,
    "costOfRevenue": 0,
    "grossProfit": 34732660,
    "grossProfitRatio": 1,
    "researchAndDevelopmentExpenses": 0,
    "generalAndAdministrativeExpenses": 607464,
    "sellingAndMarketingExpenses": 0,
    "sellingGeneralAndAdministrativeExpenses": 607464,
    "otherExpenses": 376278,
    "operatingExpenses": 983742,
    "costAndExpenses": 983742,
    "interestIncome": 6693,
    "interestExpense": 6693,
    "depreciationAndAmortization": 4799,
    "ebitda": 33753717,
    "ebitdaratio": 0.9718149143,
    "operatingIncome": 33748918,
    "operatingIncomeRatio": 0.9716767446,
    "totalOtherIncomeExpensesNet": 6693,
    "incomeBeforeTax": 33755611,
    "incomeBeforeTaxRatio": 0.9718694451,
    "incomeTaxExpense": 11589522,
    "netIncome": 22166089,
    "netIncomeRatio": 0.6381915177,
    "eps": 0.8904638994585691,
    "epsdiluted": 0.8904638994585691,
    "weightedAverageShsOut": 24892743,
    "weightedAverageShsOutDil": 24892743,
    "link": "https://www.sec.gov/Archives/edgar/data/97517/000143774915009077/0001437749-15-009077-index.htm",
    "finalLink": "https://www.sec.gov/Archives/edgar/data/97517/000143774915003635/tpl20141231_10k.htm"
  },
  {
    "date": "2014-12-31",
    "symbol": "TPL",
    "reportedCurrency": "USD",
    "cik": "0001811074",
    "fillingDate": "2015-02-27",
    "acceptedDate": "2015-02-27 13:42:36",
    "calendarYear": "2014",
    "period": "Q4",
    "revenue": 13291018,
    "costOfRevenue": 1540735,
    "grossProfit": 11750283,
    "grossProfitRatio": 0.8840769759,
    "researchAndDevelopmentExpenses": 0,
    "generalAndAdministrativeExpenses": 682663,
    "sellingAndMarketingExpenses": 0,
    "sellingGeneralAndAdministrativeExpenses": 682663,
    "otherExpenses": 392128,
    "operatingExpenses": 1074791,
    "costAndExpenses": 1094521,
    "interestIncome": 4050,
    "interestExpense": 4050,
    "depreciationAndAmortization": 2137,
    "ebitda": 12198634,
    "ebitdaratio": 0.9178103588,
    "operatingIncome": 12196497,
    "operatingIncomeRatio": 0.9176495736,
    "totalOtherIncomeExpensesNet": 4050,
    "incomeBeforeTax": 12200547,
    "incomeBeforeTaxRatio": 0.9179542906,
    "incomeTaxExpense": 3965655,
    "netIncome": 8234892,
    "netIncomeRatio": 0.6195832404,
    "eps": 0.3308149688445343,
    "epsdiluted": 0.3308149688445343,
    "weightedAverageShsOut": 24892743,
    "weightedAverageShsOutDil": 24892743,
    "link": "https://www.sec.gov/Archives/edgar/data/97517/000143774915003635/0001437749-15-003635-index.htm",
    "finalLink": "https://www.sec.gov/Archives/edgar/data/97517/000143774915003635/tpl20141231_10k.htm"
  },
  {
    "date": "2014-09-30",
    "symbol": "TPL",
    "reportedCurrency": "USD",
    "cik": "0001811074",
    "fillingDate": "2014-11-06",
    "acceptedDate": "2014-11-06 16:30:54",
    "calendarYear": "2014",
    "period": "Q3",
    "revenue": 14752719,
    "costOfRevenue": 0,
    "grossProfit": 14752719,
    "grossProfitRatio": 1,
    "researchAndDevelopmentExpenses": 0,
    "generalAndAdministrativeExpenses": 444173,
    "sellingAndMarketingExpenses": 0,
    "sellingGeneralAndAdministrativeExpenses": 444173,
    "otherExpenses": 433748,
    "operatingExpenses": 877921,
    "costAndExpenses": 877921,
    "interestIncome": 3749,
    "interestExpense": 3749,
    "depreciationAndAmortization": 5655,
    "ebitda": 13880453,
    "ebitdaratio": 0.9408742212,
    "operatingIncome": 13874798,
    "operatingIncomeRatio": 0.940490902,
    "totalOtherIncomeExpensesNet": 3749,
    "incomeBeforeTax": 13878547,
    "incomeBeforeTaxRatio": 0.9407450247,
    "incomeTaxExpense": 4512504,
    "netIncome": 9366043,
    "netIncomeRatio": 0.634868935,
    "eps": 0.37138528016481404,
    "epsdiluted": 0.37138528016481404,
    "weightedAverageShsOut": 25219209,
    "weightedAverageShsOutDil": 25219209,
    "link": "https://www.sec.gov/Archives/edgar/data/97517/000143774914019810/0001437749-14-019810-index.htm",
    "finalLink": "https://www.sec.gov/Archives/edgar/data/97517/000143774914019810/tpl20140930_10q.htm"
  },
  {
    "date": "2014-06-30",
    "symbol": "TPL",
    "reportedCurrency": "USD",
    "cik": "0001811074",
    "fillingDate": "2014-08-06",
    "acceptedDate": "2014-08-06 13:08:14",
    "calendarYear": "2014",
    "period": "Q2",
    "revenue": 15579884,
    "costOfRevenue": 0,
    "grossProfit": 15579884,
    "grossProfitRatio": 1,
    "researchAndDevelopmentExpenses": 0,
    "generalAndAdministrativeExpenses": 422649,
    "sellingAndMarketingExpenses": 0,
    "sellingGeneralAndAdministrativeExpenses": 422649,
    "otherExpenses": 447703,
    "operatingExpenses": 870352,
    "costAndExpenses": 870352,
    "interestIncome": 3380,
    "interestExpense": 3380,
    "depreciationAndAmortization": 6283,
    "ebitda": 14715815,
    "ebitdaratio": 0.9445394459,
    "operatingIncome": 14709532,
    "operatingIncomeRatio": 0.9441361694,
    "totalOtherIncomeExpensesNet": 3380,
    "incomeBeforeTax": 14712912,
    "incomeBeforeTaxRatio": 0.9443531159,
    "incomeTaxExpense": 4798745,
    "netIncome": 9914167,
    "netIncomeRatio": 0.6363440832,
    "eps": 0.3915587686478006,
    "epsdiluted": 0.3915587686478006,
    "weightedAverageShsOut": 25319742,
    "weightedAverageShsOutDil": 25319742,
    "link": "https://www.sec.gov/Archives/edgar/data/97517/000143774914014386/0001437749-14-014386-index.htm",
    "finalLink": "https://www.sec.gov/Archives/edgar/data/97517/000143774914014386/tpl20140630_10q.htm"
  },
  {
    "date": "2014-03-31",
    "symbol": "TPL",
    "reportedCurrency": "USD",
    "cik": "0001811074",
    "fillingDate": "2014-05-07",
    "acceptedDate": "2014-05-07 13:10:35",
    "calendarYear": "2014",
    "period": "Q1",
    "revenue": 11578609,
    "costOfRevenue": 0,
    "grossProfit": 11578609,
    "grossProfitRatio": 1,
    "researchAndDevelopmentExpenses": 0,
    "generalAndAdministrativeExpenses": 515728,
    "sellingAndMarketingExpenses": 0,
    "sellingGeneralAndAdministrativeExpenses": 515728,
    "otherExpenses": 426677,
    "operatingExpenses": 942405,
    "costAndExpenses": 942405,
    "interestIncome": 3344,
    "interestExpense": 3344,
    "depreciationAndAmortization": 5655,
    "ebitda": 10641859,
    "ebitdaratio": 0.9190964994,
    "operatingIncome": 10636204,
    "operatingIncomeRatio": 0.9186080988,
    "totalOtherIncomeExpensesNet": 3344,
    "incomeBeforeTax": 10639548,
    "incomeBeforeTaxRatio": 0.9188969072,
    "incomeTaxExpense": 3389630,
    "netIncome": 7249918,
    "netIncomeRatio": 0.6261475796,
    "eps": 0.28595447892410797,
    "epsdiluted": 0.28595447892410797,
    "weightedAverageShsOut": 25353399,
    "weightedAverageShsOutDil": 25353399,
    "link": "https://www.sec.gov/Archives/edgar/data/97517/000143774914008149/0001437749-14-008149-index.htm",
    "finalLink": "https://www.sec.gov/Archives/edgar/data/97517/000143774914003082/tpl20131231_10k.htm"
  },
  {
    "date": "2013-12-31",
    "symbol": "TPL",
    "reportedCurrency": "USD",
    "cik": "0001811074",
    "fillingDate": "2014-02-28",
    "acceptedDate": "2014-02-28 14:35:12",
    "calendarYear": "2013",
    "period": "Q4",
    "revenue": 12500601,
    "costOfRevenue": 1259287,
    "grossProfit": 11241314,
    "grossProfitRatio": 0.8992618835,
    "researchAndDevelopmentExpenses": 0,
    "generalAndAdministrativeExpenses": 878546,
    "sellingAndMarketingExpenses": 0,
    "sellingGeneralAndAdministrativeExpenses": 878546,
    "otherExpenses": 463576,
    "operatingExpenses": 1342122,
    "costAndExpenses": 1358408,
    "interestIncome": 3082,
    "interestExpense": 3082,
    "depreciationAndAmortization": 2965,
    "ebitda": 11145158,
    "ebitdaratio": 0.8915697733,
    "operatingIncome": 11142193,
    "operatingIncomeRatio": 0.8913325847,
    "totalOtherIncomeExpensesNet": 3082,
    "incomeBeforeTax": 11145275,
    "incomeBeforeTaxRatio": 0.8915791329,
    "incomeTaxExpense": 3626169,
    "netIncome": 7519106,
    "netIncomeRatio": 0.6014995599,
    "eps": 0.29719872314256085,
    "epsdiluted": 0.2965719113243948,
    "weightedAverageShsOut": 25299927,
    "weightedAverageShsOutDil": 25353399,
    "link": "https://www.sec.gov/Archives/edgar/data/97517/000143774914003082/0001437749-14-003082-index.htm",
    "finalLink": "https://www.sec.gov/Archives/edgar/data/97517/000143774914003082/tpl20131231_10k.htm"
  },
  {
    "date": "2013-09-30",
    "symbol": "TPL",
    "reportedCurrency": "USD",
    "cik": "0001811074",
    "fillingDate": "2013-11-06",
    "acceptedDate": "2013-11-06 12:47:09",
    "calendarYear": "2013",
    "period": "Q3",
    "revenue": 14933866,
    "costOfRevenue": 0,
    "grossProfit": 14933866,
    "grossProfitRatio": 1,
    "researchAndDevelopmentExpenses": 0,
    "generalAndAdministrativeExpenses": 493338,
    "sellingAndMarketingExpenses": 0,
    "sellingGeneralAndAdministrativeExpenses": 493338,
    "otherExpenses": 339356,
    "operatingExpenses": 832694,
    "costAndExpenses": 832694,
    "interestIncome": 2743,
    "interestExpense": 2743,
    "depreciationAndAmortization": 4095,
    "ebitda": 14105267,
    "ebitdaratio": 0.9445154389,
    "operatingIncome": 14101172,
    "operatingIncomeRatio": 0.94424123,
    "totalOtherIncomeExpensesNet": 2743,
    "incomeBeforeTax": 14103915,
    "incomeBeforeTaxRatio": 0.9444249065,
    "incomeTaxExpense": 4672797,
    "netIncome": 9431118,
    "netIncomeRatio": 0.6315255541,
    "eps": 0.3654388524332901,
    "epsdiluted": 0.3654388524332901,
    "weightedAverageShsOut": 25807650,
    "weightedAverageShsOutDil": 25807650,
    "link": "https://www.sec.gov/Archives/edgar/data/97517/000143774913014014/0001437749-13-014014-index.htm",
    "finalLink": "https://www.sec.gov/Archives/edgar/data/97517/000143774913014014/tpl20130930_10q.htm"
  },
  {
    "date": "2013-06-30",
    "symbol": "TPL",
    "reportedCurrency": "USD",
    "cik": "0001811074",
    "fillingDate": "2013-08-06",
    "acceptedDate": "2013-08-06 14:07:10",
    "calendarYear": "2013",
    "period": "Q2",
    "revenue": 9950824,
    "costOfRevenue": 0,
    "grossProfit": 9950824,
    "grossProfitRatio": 1,
    "researchAndDevelopmentExpenses": 0,
    "generalAndAdministrativeExpenses": 520140,
    "sellingAndMarketingExpenses": 0,
    "sellingGeneralAndAdministrativeExpenses": 520140,
    "otherExpenses": 384115,
    "operatingExpenses": 904255,
    "costAndExpenses": 904255,
    "interestIncome": 3109,
    "interestExpense": 3109,
    "depreciationAndAmortization": 5131,
    "ebitda": 9051700,
    "ebitdaratio": 0.9096432617,
    "operatingIncome": 9046569,
    "operatingIncomeRatio": 0.909127626,
    "totalOtherIncomeExpensesNet": 3109,
    "incomeBeforeTax": 9049678,
    "incomeBeforeTaxRatio": 0.9094400625,
    "incomeTaxExpense": 2919238,
    "netIncome": 6130440,
    "netIncomeRatio": 0.6160736036,
    "eps": 0.2352426528401497,
    "epsdiluted": 0.2352426528401497,
    "weightedAverageShsOut": 26060070,
    "weightedAverageShsOutDil": 26060070,
    "link": "https://www.sec.gov/Archives/edgar/data/97517/000143774913009959/0001437749-13-009959-index.htm",
    "finalLink": "https://www.sec.gov/Archives/edgar/data/97517/000143774913009959/tpl20130630_10q.htm"
  },
  {
    "date": "2013-03-31",
    "symbol": "TPL",
    "reportedCurrency": "USD",
    "cik": "0001811074",
    "fillingDate": "2013-05-07",
    "acceptedDate": "2013-05-07 13:45:22",
    "calendarYear": "2013",
    "period": "Q1",
    "revenue": 6723783,
    "costOfRevenue": 0,
    "grossProfit": 6723783,
    "grossProfitRatio": 1,
    "researchAndDevelopmentExpenses": 0,
    "generalAndAdministrativeExpenses": 641557,
    "sellingAndMarketingExpenses": 0,
    "sellingGeneralAndAdministrativeExpenses": 641557,
    "otherExpenses": 241587,
    "operatingExpenses": 883144,
    "costAndExpenses": 883144,
    "interestIncome": 3071,
    "interestExpense": 3071,
    "depreciationAndAmortization": 4095,
    "ebitda": 5844734,
    "ebitdaratio": 0.869262735,
    "operatingIncome": 5840639,
    "operatingIncomeRatio": 0.8686537028,
    "totalOtherIncomeExpensesNet": 3071,
    "incomeBeforeTax": 5843710,
    "incomeBeforeTaxRatio": 0.8691104398,
    "incomeTaxExpense": 1705866,
    "netIncome": 4137844,
    "netIncomeRatio": 0.6154041557,
    "eps": 0.15753635227461488,
    "epsdiluted": 0.15753635227461488,
    "weightedAverageShsOut": 26265963,
    "weightedAverageShsOutDil": 26265963,
    "link": "https://www.sec.gov/Archives/edgar/data/97517/000143774913005399/0001437749-13-005399-index.htm",
    "finalLink": "https://www.sec.gov/Archives/edgar/data/97517/000143774913002599/tplt_10k-123112.htm"
  },
  {
    "date": "2012-12-31",
    "symbol": "TPL",
    "reportedCurrency": "USD",
    "cik": "0001811074",
    "fillingDate": "2013-03-11",
    "acceptedDate": "2013-03-11 13:49:21",
    "calendarYear": "2012",
    "period": "Q4",
    "revenue": 7816061,
    "costOfRevenue": 16504,
    "grossProfit": 7799557,
    "grossProfitRatio": 0.9978884505,
    "researchAndDevelopmentExpenses": 0,
    "generalAndAdministrativeExpenses": 899319,
    "sellingAndMarketingExpenses": -98449,
    "sellingGeneralAndAdministrativeExpenses": 800870,
    "otherExpenses": 240911,
    "operatingExpenses": 1041781,
    "costAndExpenses": 1058285,
    "interestIncome": 0,
    "interestExpense": 0,
    "depreciationAndAmortization": 6940,
    "ebitda": 6764716,
    "ebitdaratio": 0.8654891511,
    "operatingIncome": 6214074,
    "operatingIncomeRatio": 0.7950390868,
    "totalOtherIncomeExpensesNet": 4434,
    "incomeBeforeTax": 6218508,
    "incomeBeforeTaxRatio": 0.7956063802,
    "incomeTaxExpense": 2104711,
    "netIncome": 4113797,
    "netIncomeRatio": 0.5263261123,
    "eps": 0.15662083282459507,
    "epsdiluted": 0.15662083282459507,
    "weightedAverageShsOut": 26265963,
    "weightedAverageShsOutDil": 26265963,
    "link": "https://www.sec.gov/Archives/edgar/data/97517/000143774913002599/0001437749-13-002599-index.htm",
    "finalLink": "https://www.sec.gov/Archives/edgar/data/97517/000143774913002599/tplt_10k-123112.htm"
  },
  {
    "date": "2012-09-30",
    "symbol": "TPL",
    "reportedCurrency": "USD",
    "cik": "0001811074",
    "fillingDate": "2012-11-06",
    "acceptedDate": "2012-11-06 12:33:41",
    "calendarYear": "2012",
    "period": "Q3",
    "revenue": 6857629,
    "costOfRevenue": 0,
    "grossProfit": 6857629,
    "grossProfitRatio": 1,
    "researchAndDevelopmentExpenses": 0,
    "generalAndAdministrativeExpenses": 427963,
    "sellingAndMarketingExpenses": 0,
    "sellingGeneralAndAdministrativeExpenses": 427963,
    "otherExpenses": 245335,
    "operatingExpenses": 673298,
    "costAndExpenses": 673298,
    "interestIncome": 185652,
    "interestExpense": 185652,
    "depreciationAndAmortization": 3021,
    "ebitda": 6368204,
    "ebitdaratio": 0.9286305806,
    "operatingIncome": 6365183,
    "operatingIncomeRatio": 0.9281900494,
    "totalOtherIncomeExpensesNet": 4800,
    "incomeBeforeTax": 6369983,
    "incomeBeforeTaxRatio": 0.9288899997,
    "incomeTaxExpense": 2058891,
    "netIncome": 4311092,
    "netIncomeRatio": 0.6286563476,
    "eps": 0.16073853886156217,
    "epsdiluted": 0.16073853886156217,
    "weightedAverageShsOut": 26820525,
    "weightedAverageShsOutDil": 26820525,
    "link": "https://www.sec.gov/Archives/edgar/data/97517/000143774912011053/0001437749-12-011053-index.htm",
    "finalLink": "https://www.sec.gov/Archives/edgar/data/97517/000143774912011053/tpl20121031_10q.htm"
  },
  {
    "date": "2012-06-30",
    "symbol": "TPL",
    "reportedCurrency": "USD",
    "cik": "0001811074",
    "fillingDate": "2012-08-03",
    "acceptedDate": "2012-08-03 11:14:23",
    "calendarYear": "2012",
    "period": "Q2",
    "revenue": 8521245,
    "costOfRevenue": 0,
    "grossProfit": 8521245,
    "grossProfitRatio": 1,
    "researchAndDevelopmentExpenses": 0,
    "generalAndAdministrativeExpenses": 530733,
    "sellingAndMarketingExpenses": 0,
    "sellingGeneralAndAdministrativeExpenses": 530733,
    "otherExpenses": 219896,
    "operatingExpenses": 750629,
    "costAndExpenses": 750629,
    "interestIncome": 185493,
    "interestExpense": 185493,
    "depreciationAndAmortization": 3522,
    "ebitda": 7954627,
    "ebitdaratio": 0.9335052566,
    "operatingIncome": 7951105,
    "operatingIncomeRatio": 0.9330919367,
    "totalOtherIncomeExpensesNet": 5004,
    "incomeBeforeTax": 7956109,
    "incomeBeforeTaxRatio": 0.9336791748,
    "incomeTaxExpense": 2671435,
    "netIncome": 5284674,
    "netIncomeRatio": 0.6201762771,
    "eps": 0.19517553918860617,
    "epsdiluted": 0.19517553918860617,
    "weightedAverageShsOut": 27076518,
    "weightedAverageShsOutDil": 27076518,
    "link": "https://www.sec.gov/Archives/edgar/data/97517/000143774912007658/0001437749-12-007658-index.htm",
    "finalLink": "https://www.sec.gov/Archives/edgar/data/97517/000143774912007658/tplt_10q-063012.htm"
  },
  {
    "date": "2012-03-31",
    "symbol": "TPL",
    "reportedCurrency": "USD",
    "cik": "0001811074",
    "fillingDate": "2012-05-07",
    "acceptedDate": "2012-05-07 14:30:32",
    "calendarYear": "2012",
    "period": "Q1",
    "revenue": 9392521,
    "costOfRevenue": 0,
    "grossProfit": 9392521,
    "grossProfitRatio": 1,
    "researchAndDevelopmentExpenses": 0,
    "generalAndAdministrativeExpenses": 558178,
    "sellingAndMarketingExpenses": 0,
    "sellingGeneralAndAdministrativeExpenses": 558178,
    "otherExpenses": 243615,
    "operatingExpenses": 801793,
    "costAndExpenses": 801793,
    "interestIncome": 187558,
    "interestExpense": 187558,
    "depreciationAndAmortization": 3021,
    "ebitda": 8776110,
    "ebitdaratio": 0.9343721457,
    "operatingIncome": 8773089,
    "operatingIncomeRatio": 0.9340505068,
    "totalOtherIncomeExpensesNet": 5197,
    "incomeBeforeTax": 8778286,
    "incomeBeforeTaxRatio": 0.9346038194,
    "incomeTaxExpense": 2840031,
    "netIncome": 5938255,
    "netIncomeRatio": 0.6322322835,
    "eps": 0.2169858812860491,
    "epsdiluted": 0.2169858812860491,
    "weightedAverageShsOut": 27367011,
    "weightedAverageShsOutDil": 27367011,
    "link": "https://www.sec.gov/Archives/edgar/data/97517/000143774912004585/0001437749-12-004585-index.htm",
    "finalLink": "https://www.sec.gov/Archives/edgar/data/97517/000143774912002194/tplt_10k-123111.htm"
  },
  {
    "date": "2011-12-31",
    "symbol": "TPL",
    "reportedCurrency": "USD",
    "cik": "0001811074",
    "fillingDate": "2012-03-12",
    "acceptedDate": "2012-03-12 17:12:04",
    "calendarYear": "2011",
    "period": "Q4",
    "revenue": 11043258,
    "costOfRevenue": 0,
    "grossProfit": 11043258,
    "grossProfitRatio": 1,
    "researchAndDevelopmentExpenses": 0,
    "generalAndAdministrativeExpenses": 0,
    "sellingAndMarketingExpenses": 0,
    "sellingGeneralAndAdministrativeExpenses": 955617,
    "otherExpenses": 274185,
    "operatingExpenses": 1229802,
    "costAndExpenses": 1229802,
    "interestIncome": 196304,
    "interestExpense": 196304,
    "depreciationAndAmortization": 3315,
    "ebitda": 9816771,
    "ebitdaratio": 0.8889379384,
    "operatingIncome": 10004548,
    "operatingIncomeRatio": 0.9059417067,
    "totalOtherIncomeExpensesNet": 5212,
    "incomeBeforeTax": 10009760,
    "incomeBeforeTaxRatio": 0.9064136689,
    "incomeTaxExpense": 3449425,
    "netIncome": 6560335,
    "netIncomeRatio": 0.5940579311,
    "eps": 0.23971689856813372,
    "epsdiluted": 0.23971689856813372,
    "weightedAverageShsOut": 27367011,
    "weightedAverageShsOutDil": 27367011,
    "link": "https://www.sec.gov/Archives/edgar/data/97517/000143774912002194/0001437749-12-002194-index.htm",
    "finalLink": "https://www.sec.gov/Archives/edgar/data/97517/000143774912002194/tplt_10k-123111.htm"
  },
  {
    "date": "2011-09-30",
    "symbol": "TPL",
    "reportedCurrency": "USD",
    "cik": "0001811074",
    "fillingDate": "2011-11-07",
    "acceptedDate": "2011-11-07 16:31:49",
    "calendarYear": "2011",
    "period": "Q3",
    "revenue": 8344463,
    "costOfRevenue": 0,
    "grossProfit": 8344463,
    "grossProfitRatio": 1,
    "researchAndDevelopmentExpenses": 0,
    "generalAndAdministrativeExpenses": 0,
    "sellingAndMarketingExpenses": 0,
    "sellingGeneralAndAdministrativeExpenses": 470305,
    "otherExpenses": 241960,
    "operatingExpenses": 712265,
    "costAndExpenses": 712265,
    "interestIncome": 215916,
    "interestExpense": 215916,
    "depreciationAndAmortization": 3120,
    "ebitda": 7635318,
    "ebitdaratio": 0.9150161011,
    "operatingIncome": 7843529,
    "operatingIncomeRatio": 0.9399680962,
    "totalOtherIncomeExpensesNet": 4585,
    "incomeBeforeTax": 7848114,
    "incomeBeforeTaxRatio": 0.9405175624,
    "incomeTaxExpense": 2589178,
    "netIncome": 5258936,
    "netIncomeRatio": 0.6302306092,
    "eps": 0.18767654219874005,
    "epsdiluted": 0.18767654219874005,
    "weightedAverageShsOut": 28021275,
    "weightedAverageShsOutDil": 28021275,
    "link": "https://www.sec.gov/Archives/edgar/data/97517/000143774911008160/0001437749-11-008160-index.htm",
    "finalLink": "https://www.sec.gov/Archives/edgar/data/97517/000143774911008160/tpl_10q-093011.htm"
  },
  {
    "date": "2011-06-30",
    "symbol": "TPL",
    "reportedCurrency": "USD",
    "cik": "0001811074",
    "fillingDate": "2011-08-05",
    "acceptedDate": "2011-08-05 13:31:49",
    "calendarYear": "2011",
    "period": "Q2",
    "revenue": 8566282,
    "costOfRevenue": 0,
    "grossProfit": 8566282,
    "grossProfitRatio": 1,
    "researchAndDevelopmentExpenses": 0,
    "generalAndAdministrativeExpenses": 0,
    "sellingAndMarketingExpenses": 0,
    "sellingGeneralAndAdministrativeExpenses": 551968,
    "otherExpenses": 234468,
    "operatingExpenses": 786436,
    "costAndExpenses": 786436,
    "interestIncome": 232705,
    "interestExpense": 232705,
    "depreciationAndAmortization": 3120,
    "ebitda": 7782966,
    "ebitdaratio": 0.9085582286,
    "operatingIncome": 8008160,
    "operatingIncomeRatio": 0.9348466464,
    "totalOtherIncomeExpensesNet": 4391,
    "incomeBeforeTax": 8012551,
    "incomeBeforeTaxRatio": 0.9353592375,
    "incomeTaxExpense": 2596622,
    "netIncome": 5415929,
    "netIncomeRatio": 0.6322380001,
    "eps": 0.19139847646087704,
    "epsdiluted": 0.19139847646087704,
    "weightedAverageShsOut": 28296615,
    "weightedAverageShsOutDil": 28296615,
    "link": "https://www.sec.gov/Archives/edgar/data/97517/000143774911005522/0001437749-11-005522-index.htm",
    "finalLink": "https://www.sec.gov/Archives/edgar/data/97517/000143774911005522/tpl_10q-063011.htm"
  },
  {
    "date": "2011-03-31",
    "symbol": "TPL",
    "reportedCurrency": "USD",
    "cik": "0001811074",
    "fillingDate": "2011-05-05",
    "acceptedDate": "2011-05-05 12:13:25",
    "calendarYear": "2011",
    "period": "Q1",
    "revenue": 5715768,
    "costOfRevenue": 0,
    "grossProfit": 5715768,
    "grossProfitRatio": 1,
    "researchAndDevelopmentExpenses": 0,
    "generalAndAdministrativeExpenses": 0,
    "sellingAndMarketingExpenses": 0,
    "sellingGeneralAndAdministrativeExpenses": 605157,
    "otherExpenses": 229458,
    "operatingExpenses": 834615,
    "costAndExpenses": 834615,
    "interestIncome": 4340,
    "interestExpense": 4340,
    "depreciationAndAmortization": 3120,
    "ebitda": 4884273,
    "ebitdaratio": 0.8545261109,
    "operatingIncome": 4881153,
    "operatingIncomeRatio": 0.8539802525,
    "totalOtherIncomeExpensesNet": 4340,
    "incomeBeforeTax": 4885493,
    "incomeBeforeTaxRatio": 0.8547395556,
    "incomeTaxExpense": 1525924,
    "netIncome": 3359569,
    "netIncomeRatio": 0.5877721069,
    "eps": 0.11765667321671151,
    "epsdiluted": 0.11765667321671151,
    "weightedAverageShsOut": 28554003,
    "weightedAverageShsOutDil": 28554003,
    "link": "https://www.sec.gov/Archives/edgar/data/97517/000093244011000609/0000932440-11-000609-index.htm",
    "finalLink": "https://www.sec.gov/Archives/edgar/data/97517/000093244011000107/form10k_278932.htm"
  },
  {
    "date": "2010-12-31",
    "symbol": "TPL",
    "reportedCurrency": "USD",
    "cik": "0001811074",
    "fillingDate": "2011-03-11",
    "acceptedDate": "2011-03-11 15:30:25",
    "calendarYear": "2010",
    "period": "Q4",
    "revenue": 5460446,
    "costOfRevenue": 0,
    "grossProfit": 5460446,
    "grossProfitRatio": 1,
    "researchAndDevelopmentExpenses": 0,
    "generalAndAdministrativeExpenses": 0,
    "sellingAndMarketingExpenses": 0,
    "sellingGeneralAndAdministrativeExpenses": 1127449,
    "otherExpenses": 212545,
    "operatingExpenses": 1339994,
    "costAndExpenses": 1339994,
    "interestIncome": 0,
    "interestExpense": 0,
    "depreciationAndAmortization": 5929,
    "ebitda": 4126381,
    "ebitdaratio": 0.7556857077,
    "operatingIncome": 4120452,
    "operatingIncomeRatio": 0.754599899,
    "totalOtherIncomeExpensesNet": 4862,
    "incomeBeforeTax": 4125314,
    "incomeBeforeTaxRatio": 0.7554903024,
    "incomeTaxExpense": 1292781,
    "netIncome": 2832533,
    "netIncomeRatio": 0.5187365647,
    "eps": 0.09937693405609432,
    "epsdiluted": 0.09919915606929088,
    "weightedAverageShsOut": 28502922,
    "weightedAverageShsOutDil": 28554003,
    "link": "https://www.sec.gov/Archives/edgar/data/97517/000093244011000107/0000932440-11-000107-index.htm",
    "finalLink": "https://www.sec.gov/Archives/edgar/data/97517/000093244011000107/form10k_278932.htm"
  },
  {
    "date": "2010-09-30",
    "symbol": "TPL",
    "reportedCurrency": "USD",
    "cik": "0001811074",
    "fillingDate": "2010-11-04",
    "acceptedDate": "2010-11-04 10:47:45",
    "calendarYear": "2010",
    "period": "Q3",
    "revenue": 3885821,
    "costOfRevenue": 0,
    "grossProfit": 3885821,
    "grossProfitRatio": 1,
    "researchAndDevelopmentExpenses": 0,
    "generalAndAdministrativeExpenses": 0,
    "sellingAndMarketingExpenses": 0,
    "sellingGeneralAndAdministrativeExpenses": 497505,
    "otherExpenses": 185191,
    "operatingExpenses": 682696,
    "costAndExpenses": 682696,
    "interestIncome": 277628,
    "interestExpense": 277628,
    "depreciationAndAmortization": 3000,
    "ebitda": 3206125,
    "ebitdaratio": 0.8250830391,
    "operatingIncome": 3203125,
    "operatingIncomeRatio": 0.8243110015,
    "totalOtherIncomeExpensesNet": 8554,
    "incomeBeforeTax": 3211679,
    "incomeBeforeTaxRatio": 0.8265123381,
    "incomeTaxExpense": 983502,
    "netIncome": 2228177,
    "netIncomeRatio": 0.5734121567,
    "eps": 0.07671651707962043,
    "epsdiluted": 0.07671651707962043,
    "weightedAverageShsOut": 29044293,
    "weightedAverageShsOutDil": 29044293,
    "link": "https://www.sec.gov/Archives/edgar/data/97517/000093244010000222/0000932440-10-000222-index.htm",
    "finalLink": "https://www.sec.gov/Archives/edgar/data/97517/000093244010000222/form10q_276479.htm"
  },
  {
    "date": "2010-06-30",
    "symbol": "TPL",
    "reportedCurrency": "USD",
    "cik": "0001811074",
    "fillingDate": "2010-08-04",
    "acceptedDate": "2010-08-04 10:20:57",
    "calendarYear": "2010",
    "period": "Q2",
    "revenue": 6474516,
    "costOfRevenue": 0,
    "grossProfit": 6474516,
    "grossProfitRatio": 1,
    "researchAndDevelopmentExpenses": 0,
    "generalAndAdministrativeExpenses": 0,
    "sellingAndMarketingExpenses": 0,
    "sellingGeneralAndAdministrativeExpenses": 697983,
    "otherExpenses": 188581,
    "operatingExpenses": 886564,
    "costAndExpenses": 886564,
    "interestIncome": 280309,
    "interestExpense": 280309,
    "depreciationAndAmortization": 3000,
    "ebitda": 5590952,
    "ebitdaratio": 0.8635320385,
    "operatingIncome": 5587952,
    "operatingIncomeRatio": 0.8630686834,
    "totalOtherIncomeExpensesNet": 6075,
    "incomeBeforeTax": 5594027,
    "incomeBeforeTaxRatio": 0.8640069775,
    "incomeTaxExpense": 1788493,
    "netIncome": 3805534,
    "netIncomeRatio": 0.587771194,
    "eps": 0.12987624990909086,
    "epsdiluted": 0.12864915971940366,
    "weightedAverageShsOut": 29301231,
    "weightedAverageShsOutDil": 29580714,
    "link": "https://www.sec.gov/Archives/edgar/data/97517/000093244010000166/0000932440-10-000166-index.htm",
    "finalLink": "https://www.sec.gov/Archives/edgar/data/97517/000093244010000166/form10q_1426703.htm"
  },
  {
    "date": "2010-03-31",
    "symbol": "TPL",
    "reportedCurrency": "USD",
    "cik": "0001811074",
    "fillingDate": "2010-05-05",
    "acceptedDate": "2010-05-05 11:43:02",
    "calendarYear": "2010",
    "period": "Q1",
    "revenue": 4245182,
    "costOfRevenue": 0,
    "grossProfit": 4245182,
    "grossProfitRatio": 1,
    "researchAndDevelopmentExpenses": 0,
    "generalAndAdministrativeExpenses": 0,
    "sellingAndMarketingExpenses": 0,
    "sellingGeneralAndAdministrativeExpenses": 553783,
    "otherExpenses": 204454,
    "operatingExpenses": 758237,
    "costAndExpenses": 758237,
    "interestIncome": 284163,
    "interestExpense": 284163,
    "depreciationAndAmortization": 3462,
    "ebitda": 3490407,
    "ebitdaratio": 0.8222043248,
    "operatingIncome": 3486945,
    "operatingIncomeRatio": 0.8213888121,
    "totalOtherIncomeExpensesNet": 6216,
    "incomeBeforeTax": 3493161,
    "incomeBeforeTaxRatio": 0.8228530602,
    "incomeTaxExpense": 1050694,
    "netIncome": 2442467,
    "netIncomeRatio": 0.5753503619,
    "eps": 0.08256957556873036,
    "epsdiluted": 0.08256957556873036,
    "weightedAverageShsOut": 29580714,
    "weightedAverageShsOutDil": 29580714,
    "link": "https://www.sec.gov/Archives/edgar/data/97517/000093244010000100/0000932440-10-000100-index.htm",
    "finalLink": "https://www.sec.gov/Archives/edgar/data/97517/000093244010000057/form10k_271569.htm"
  },
  {
    "date": "2009-12-31",
    "symbol": "TPL",
    "reportedCurrency": "USD",
    "cik": "0001811074",
    "fillingDate": "2010-03-12",
    "acceptedDate": "2010-03-12 13:45:21",
    "calendarYear": "2009",
    "period": "Q4",
    "revenue": 3634794,
    "costOfRevenue": 0,
    "grossProfit": 3634794,
    "grossProfitRatio": 1,
    "researchAndDevelopmentExpenses": 0,
    "generalAndAdministrativeExpenses": 0,
    "sellingAndMarketingExpenses": 0,
    "sellingGeneralAndAdministrativeExpenses": 901413,
    "otherExpenses": 224713,
    "operatingExpenses": 1126126,
    "costAndExpenses": 1126126,
    "interestIncome": 1223890,
    "interestExpense": 1223890,
    "depreciationAndAmortization": 24142,
    "ebitda": 2532810,
    "ebitdaratio": 0.6968235339,
    "operatingIncome": 2508668,
    "operatingIncomeRatio": 0.6901816169,
    "totalOtherIncomeExpensesNet": 7410,
    "incomeBeforeTax": 2516078,
    "incomeBeforeTaxRatio": 0.6922202469,
    "incomeTaxExpense": 746736,
    "netIncome": 1769342,
    "netIncomeRatio": 0.4867791682,
    "eps": 0.0598140396475893,
    "epsdiluted": 0.0598140396475893,
    "weightedAverageShsOut": 29580714,
    "weightedAverageShsOutDil": 29580714,
    "link": "https://www.sec.gov/Archives/edgar/data/97517/000093244010000057/0000932440-10-000057-index.htm",
    "finalLink": "https://www.sec.gov/Archives/edgar/data/97517/000093244010000057/form10k_271569.htm"
  },
  {
    "date": "2009-09-30",
    "symbol": "TPL",
    "reportedCurrency": "USD",
    "cik": "0001811074",
    "fillingDate": "2009-11-05",
    "acceptedDate": "2009-11-05 11:16:20",
    "calendarYear": "2009",
    "period": "Q3",
    "revenue": 3358264,
    "costOfRevenue": 0,
    "grossProfit": 3358264,
    "grossProfitRatio": 1,
    "researchAndDevelopmentExpenses": 0,
    "generalAndAdministrativeExpenses": 0,
    "sellingAndMarketingExpenses": 0,
    "sellingGeneralAndAdministrativeExpenses": 406512,
    "otherExpenses": 157203,
    "operatingExpenses": 563715,
    "costAndExpenses": 563715,
    "interestIncome": 11855,
    "interestExpense": 11855,
    "depreciationAndAmortization": 6000,
    "ebitda": 2800549,
    "ebitdaratio": 0.8339275888,
    "operatingIncome": 2794549,
    "operatingIncomeRatio": 0.8321409514,
    "totalOtherIncomeExpensesNet": 11855,
    "incomeBeforeTax": 2806404,
    "incomeBeforeTaxRatio": 0.8356710491,
    "incomeTaxExpense": 852704,
    "netIncome": 1953700,
    "netIncomeRatio": 0.5817589088,
    "eps": 0.06499485799752962,
    "epsdiluted": 0.06499485799752962,
    "weightedAverageShsOut": 30059301,
    "weightedAverageShsOutDil": 30059301,
    "link": "https://www.sec.gov/Archives/edgar/data/97517/000093244009000708/0000932440-09-000708-index.htm",
    "finalLink": "https://www.sec.gov/Archives/edgar/data/97517/000093244009000708/form10q_268999.htm"
  },
  {
    "date": "2009-06-30",
    "symbol": "TPL",
    "reportedCurrency": "USD",
    "cik": "0001811074",
    "fillingDate": "2009-08-06",
    "acceptedDate": "2009-08-06 10:30:51",
    "calendarYear": "2009",
    "period": "Q2",
    "revenue": 4242824,
    "costOfRevenue": 0,
    "grossProfit": 4242824,
    "grossProfitRatio": 1,
    "researchAndDevelopmentExpenses": 0,
    "generalAndAdministrativeExpenses": 0,
    "sellingAndMarketingExpenses": 0,
    "sellingGeneralAndAdministrativeExpenses": 589081,
    "otherExpenses": 162055,
    "operatingExpenses": 751136,
    "costAndExpenses": 751136,
    "interestIncome": 325757,
    "interestExpense": 325757,
    "depreciationAndAmortization": 6000,
    "ebitda": 3497688,
    "ebitdaratio": 0.8243773487,
    "operatingIncome": 3491688,
    "operatingIncomeRatio": 0.8229631962,
    "totalOtherIncomeExpensesNet": 17063,
    "incomeBeforeTax": 3508751,
    "incomeBeforeTaxRatio": 0.8269848101,
    "incomeTaxExpense": 1079902,
    "netIncome": 2428849,
    "netIncomeRatio": 0.572460465,
    "eps": 0.0802174321500477,
    "epsdiluted": 0.0802174321500477,
    "weightedAverageShsOut": 30278319,
    "weightedAverageShsOutDil": 30278319,
    "link": "https://www.sec.gov/Archives/edgar/data/97517/000093244009000601/0000932440-09-000601-index.htm",
    "finalLink": "https://www.sec.gov/Archives/edgar/data/97517/000093244009000601/form10q_267031.htm"
  },
  {
    "date": "2009-03-31",
    "symbol": "TPL",
    "reportedCurrency": "USD",
    "cik": "0001811074",
    "fillingDate": "2009-05-07",
    "acceptedDate": "2009-05-07 10:23:14",
    "calendarYear": "2009",
    "period": "Q1",
    "revenue": 1848978,
    "costOfRevenue": 0,
    "grossProfit": 1848978,
    "grossProfitRatio": 1,
    "researchAndDevelopmentExpenses": 0,
    "generalAndAdministrativeExpenses": 0,
    "sellingAndMarketingExpenses": 0,
    "sellingGeneralAndAdministrativeExpenses": 542929,
    "otherExpenses": 109618,
    "operatingExpenses": 652547,
    "costAndExpenses": 652547,
    "interestIncome": 329518,
    "interestExpense": 329518,
    "depreciationAndAmortization": 6000,
    "ebitda": 1202431,
    "ebitdaratio": 0.6503219616,
    "operatingIncome": 1196431,
    "operatingIncomeRatio": 0.6470769257,
    "totalOtherIncomeExpensesNet": 17099,
    "incomeBeforeTax": 1213530,
    "incomeBeforeTaxRatio": 0.6563247372,
    "incomeTaxExpense": 451378,
    "netIncome": 762152,
    "netIncomeRatio": 0.4122017677,
    "eps": 0.024961147632707542,
    "epsdiluted": 0.024961147632707542,
    "weightedAverageShsOut": 30533532,
    "weightedAverageShsOutDil": 30533532,
    "link": "https://www.sec.gov/Archives/edgar/data/97517/000093244009000384/0000932440-09-000384-index.htm",
    "finalLink": "https://www.sec.gov/Archives/edgar/data/97517/000093244009000215/form10k_263150.htm"
  },
  {
    "date": "2008-12-31",
    "symbol": "TPL",
    "reportedCurrency": "USD",
    "cik": "0001811074",
    "fillingDate": "2009-03-16",
    "acceptedDate": "2009-03-16 11:17:44",
    "calendarYear": "2008",
    "period": "Q4",
    "revenue": 2995442,
    "costOfRevenue": 0,
    "grossProfit": 2995442,
    "grossProfitRatio": 1,
    "researchAndDevelopmentExpenses": 0,
    "generalAndAdministrativeExpenses": 0,
    "sellingAndMarketingExpenses": 0,
    "sellingGeneralAndAdministrativeExpenses": 1126826,
    "otherExpenses": -47203,
    "operatingExpenses": 1079623,
    "costAndExpenses": 1079623,
    "interestIncome": 1385531,
    "interestExpense": 1385531,
    "depreciationAndAmortization": 13403,
    "ebitda": 1929222,
    "ebitdaratio": 0.6440525305,
    "operatingIncome": 1915819,
    "operatingIncomeRatio": 0.6395780656,
    "totalOtherIncomeExpensesNet": 24167,
    "incomeBeforeTax": 1939986,
    "incomeBeforeTaxRatio": 0.6476459901,
    "incomeTaxExpense": 742106,
    "netIncome": 1197880,
    "netIncomeRatio": 0.3999009161,
    "eps": 0.039231622466735915,
    "epsdiluted": 0.039231622466735915,
    "weightedAverageShsOut": 30533532,
    "weightedAverageShsOutDil": 30533532,
    "link": "https://www.sec.gov/Archives/edgar/data/97517/000093244009000215/0000932440-09-000215-index.htm",
    "finalLink": "https://www.sec.gov/Archives/edgar/data/97517/000093244009000215/form10k_263150.htm"
  },
  {
    "date": "2008-09-30",
    "symbol": "TPL",
    "reportedCurrency": "USD",
    "cik": "0001811074",
    "fillingDate": "2008-11-06",
    "acceptedDate": "2008-11-06 11:41:59",
    "calendarYear": "2008",
    "period": "Q3",
    "revenue": 5992923,
    "costOfRevenue": 0,
    "grossProfit": 5992923,
    "grossProfitRatio": 1,
    "researchAndDevelopmentExpenses": 0,
    "generalAndAdministrativeExpenses": 0,
    "sellingAndMarketingExpenses": 0,
    "sellingGeneralAndAdministrativeExpenses": 587937,
    "otherExpenses": 314571,
    "operatingExpenses": 902508,
    "costAndExpenses": 902508,
    "interestIncome": 41255,
    "interestExpense": 41255,
    "depreciationAndAmortization": 7800,
    "ebitda": 5098215,
    "ebitdaratio": 0.8507059076,
    "operatingIncome": 5090415,
    "operatingIncomeRatio": 0.8494043725,
    "totalOtherIncomeExpensesNet": 41255,
    "incomeBeforeTax": 5131670,
    "incomeBeforeTaxRatio": 0.8562883254,
    "incomeTaxExpense": 1538156,
    "netIncome": 3593514,
    "netIncomeRatio": 0.5996262592,
    "eps": 0.11554316926460138,
    "epsdiluted": 0.11554316926460138,
    "weightedAverageShsOut": 31101051,
    "weightedAverageShsOutDil": 31101051,
    "link": "https://www.sec.gov/Archives/edgar/data/97517/000093244008000752/0000932440-08-000752-index.htm",
    "finalLink": "https://www.sec.gov/Archives/edgar/data/97517/000093244008000752/form10-q_1315846.htm"
  },
  {
    "date": "2008-06-30",
    "symbol": "TPL",
    "reportedCurrency": "USD",
    "cik": "0001811074",
    "fillingDate": "2008-08-08",
    "acceptedDate": "2008-08-08 11:12:02",
    "calendarYear": "2008",
    "period": "Q2",
    "revenue": 5352963,
    "costOfRevenue": 0,
    "grossProfit": 5352963,
    "grossProfitRatio": 1,
    "researchAndDevelopmentExpenses": 0,
    "generalAndAdministrativeExpenses": 430084,
    "sellingAndMarketingExpenses": 0,
    "sellingGeneralAndAdministrativeExpenses": 430084,
    "otherExpenses": 451264,
    "operatingExpenses": 881348,
    "costAndExpenses": 881348,
    "interestIncome": 82735,
    "interestExpense": 82735,
    "depreciationAndAmortization": 7800,
    "ebitda": 4479415,
    "ebitdaratio": 0.8368103796,
    "operatingIncome": 4471615,
    "operatingIncomeRatio": 0.8353532427,
    "totalOtherIncomeExpensesNet": 82735,
    "incomeBeforeTax": 4554350,
    "incomeBeforeTaxRatio": 0.8508091687,
    "incomeTaxExpense": 1336728,
    "netIncome": 3217622,
    "netIncomeRatio": 0.6010917692,
    "eps": 0.10281010009026496,
    "epsdiluted": 0.10281010009026496,
    "weightedAverageShsOut": 31296750,
    "weightedAverageShsOutDil": 31296750,
    "link": "https://www.sec.gov/Archives/edgar/data/97517/000093244008000503/0000932440-08-000503-index.htm",
    "finalLink": "https://www.sec.gov/Archives/edgar/data/97517/000093244008000503/tplt10q_256994-aug08.htm"
  },
  {
    "date": "2008-03-31",
    "symbol": "TPL",
    "reportedCurrency": "USD",
    "cik": "0001811074",
    "fillingDate": "2008-05-09",
    "acceptedDate": "2008-05-09 15:32:31",
    "calendarYear": "2008",
    "period": "Q1",
    "revenue": 4954938,
    "costOfRevenue": 0,
    "grossProfit": 4954938,
    "grossProfitRatio": 1,
    "researchAndDevelopmentExpenses": 0,
    "generalAndAdministrativeExpenses": 639777,
    "sellingAndMarketingExpenses": 0,
    "sellingGeneralAndAdministrativeExpenses": 639777,
    "otherExpenses": 216790,
    "operatingExpenses": 856567,
    "costAndExpenses": 856567,
    "interestIncome": 432588,
    "interestExpense": 0,
    "depreciationAndAmortization": 7800,
    "ebitda": 4106171,
    "ebitdaratio": 0.8287028011,
    "operatingIncome": 4098371,
    "operatingIncomeRatio": 0.8271286139,
    "totalOtherIncomeExpensesNet": 80589,
    "incomeBeforeTax": 4178960,
    "incomeBeforeTaxRatio": 0.843392995,
    "incomeTaxExpense": 1248203,
    "netIncome": 2930757,
    "netIncomeRatio": 0.591482073,
    "eps": 0.09325031299194335,
    "epsdiluted": 0.09325031299194335,
    "weightedAverageShsOut": 31428924,
    "weightedAverageShsOutDil": 31428924,
    "link": "https://www.sec.gov/Archives/edgar/data/97517/000093244008000280/0000932440-08-000280-index.htm",
    "finalLink": "https://www.sec.gov/Archives/edgar/data/97517/000093244008000195/tplt10k_252062-dec312007.htm"
  },
  {
    "date": "2007-12-31",
    "symbol": "TPL",
    "reportedCurrency": "USD",
    "cik": "0001811074",
    "fillingDate": "2008-03-14",
    "acceptedDate": "2008-03-14 16:29:50",
    "calendarYear": "2007",
    "period": "Q4",
    "revenue": 4117390,
    "costOfRevenue": 0,
    "grossProfit": 4117390,
    "grossProfitRatio": 1,
    "researchAndDevelopmentExpenses": 0,
    "generalAndAdministrativeExpenses": -1167015,
    "sellingAndMarketingExpenses": 0,
    "sellingGeneralAndAdministrativeExpenses": -1167015,
    "otherExpenses": 2183459,
    "operatingExpenses": 1016444,
    "costAndExpenses": 1016444,
    "interestIncome": 0,
    "interestExpense": 0,
    "depreciationAndAmortization": 9899,
    "ebitda": 3110845,
    "ebitdaratio": 0.7555380957,
    "operatingIncome": 3100946,
    "operatingIncomeRatio": 0.7531339028,
    "totalOtherIncomeExpensesNet": 86992,
    "incomeBeforeTax": 3187938,
    "incomeBeforeTaxRatio": 0.7742618503,
    "incomeTaxExpense": 1016949,
    "netIncome": 2170989,
    "netIncomeRatio": 0.5272731026,
    "eps": 0.06914208694424218,
    "epsdiluted": 0.0690761478184872,
    "weightedAverageShsOut": 31398951,
    "weightedAverageShsOutDil": 31428924,
    "link": "https://www.sec.gov/Archives/edgar/data/97517/000093244008000195/0000932440-08-000195-index.htm",
    "finalLink": "https://www.sec.gov/Archives/edgar/data/97517/000093244008000195/tplt10k_252062-dec312007.htm"
  },
  {
    "date": "2007-09-30",
    "symbol": "TPL",
    "reportedCurrency": "USD",
    "cik": "0001811074",
    "fillingDate": "2007-11-08",
    "acceptedDate": "2007-11-08 13:36:36",
    "calendarYear": "2007",
    "period": "Q3",
    "revenue": 5008768,
    "costOfRevenue": 0,
    "grossProfit": 5008768,
    "grossProfitRatio": 1,
    "researchAndDevelopmentExpenses": 0,
    "generalAndAdministrativeExpenses": 573478,
    "sellingAndMarketingExpenses": 0,
    "sellingGeneralAndAdministrativeExpenses": 573478,
    "otherExpenses": 852810,
    "operatingExpenses": 1426288,
    "costAndExpenses": 1426288,
    "interestIncome": 76064,
    "interestExpense": 0,
    "depreciationAndAmortization": 8700,
    "ebitda": 3591180,
    "ebitdaratio": 0.7169787061,
    "operatingIncome": 3582480,
    "operatingIncomeRatio": 0.7152417521,
    "totalOtherIncomeExpensesNet": 76064,
    "incomeBeforeTax": 3658544,
    "incomeBeforeTaxRatio": 0.7304279216,
    "incomeTaxExpense": 1123409,
    "netIncome": 2535135,
    "netIncomeRatio": 0.5061394339,
    "eps": 0.08024388664355132,
    "epsdiluted": 0.08024388664355132,
    "weightedAverageShsOut": 31592874,
    "weightedAverageShsOutDil": 31592874,
    "link": "https://www.sec.gov/Archives/edgar/data/97517/000093244007000650/0000932440-07-000650-index.htm",
    "finalLink": "https://www.sec.gov/Archives/edgar/data/97517/000093244007000650/tplt10q_3q2007-247607.htm"
  },
  {
    "date": "2007-06-30",
    "symbol": "TPL",
    "reportedCurrency": "USD",
    "cik": "0001811074",
    "fillingDate": "2007-08-07",
    "acceptedDate": "2007-08-07 16:14:59",
    "calendarYear": "2007",
    "period": "Q2",
    "revenue": 3483887,
    "costOfRevenue": 0,
    "grossProfit": 3483887,
    "grossProfitRatio": 1,
    "researchAndDevelopmentExpenses": 0,
    "generalAndAdministrativeExpenses": 580597,
    "sellingAndMarketingExpenses": 0,
    "sellingGeneralAndAdministrativeExpenses": 580597,
    "otherExpenses": 186994,
    "operatingExpenses": 767591,
    "costAndExpenses": 767591,
    "interestIncome": 97774,
    "interestExpense": 0,
    "depreciationAndAmortization": 8700,
    "ebitda": 2724996,
    "ebitdaratio": 0.7821711783,
    "operatingIncome": 2716296,
    "operatingIncomeRatio": 0.7796739676,
    "totalOtherIncomeExpensesNet": 97774,
    "incomeBeforeTax": 2814070,
    "incomeBeforeTaxRatio": 0.8077385977,
    "incomeTaxExpense": 841119,
    "netIncome": 1972951,
    "netIncomeRatio": 0.5663074032,
    "eps": 0.06218302965640013,
    "epsdiluted": 0.06218302965640013,
    "weightedAverageShsOut": 31728126,
    "weightedAverageShsOutDil": 31728126,
    "link": "https://www.sec.gov/Archives/edgar/data/97517/000093244007000464/0000932440-07-000464-index.htm",
    "finalLink": "https://www.sec.gov/Archives/edgar/data/97517/000093244007000464/form10q_244231.htm"
  },
  {
    "date": "2007-03-31",
    "symbol": "TPL",
    "reportedCurrency": "USD",
    "cik": "0001811074",
    "fillingDate": "2007-05-04",
    "acceptedDate": "2007-05-04 13:24:19",
    "calendarYear": "2007",
    "period": "Q1",
    "revenue": 2855066,
    "costOfRevenue": 0,
    "grossProfit": 2855066,
    "grossProfitRatio": 1,
    "researchAndDevelopmentExpenses": 0,
    "generalAndAdministrativeExpenses": 592630,
    "sellingAndMarketingExpenses": 0,
    "sellingGeneralAndAdministrativeExpenses": 592630,
    "otherExpenses": 154444,
    "operatingExpenses": 747074,
    "costAndExpenses": 747074,
    "interestIncome": 0,
    "interestExpense": 0,
    "depreciationAndAmortization": 8700,
    "ebitda": 2116692,
    "ebitdaratio": 0.7413811099,
    "operatingIncome": 2107992,
    "operatingIncomeRatio": 0.7383338949,
    "totalOtherIncomeExpensesNet": 109170,
    "incomeBeforeTax": 2217162,
    "incomeBeforeTaxRatio": 0.7765711896,
    "incomeTaxExpense": 646549,
    "netIncome": 1570613,
    "netIncomeRatio": 0.5501144282,
    "eps": 0.04935522920075797,
    "epsdiluted": 0.04935522920075797,
    "weightedAverageShsOut": 31822626,
    "weightedAverageShsOutDil": 31822626,
    "link": "https://www.sec.gov/Archives/edgar/data/97517/000093244007000329/0000932440-07-000329-index.htm",
    "finalLink": "https://www.sec.gov/Archives/edgar/data/97517/000093244007000218/tplt10k_yedec31-06.htm"
  },
  {
    "date": "2006-12-31",
    "symbol": "TPL",
    "reportedCurrency": "USD",
    "cik": "0001811074",
    "fillingDate": "2007-03-15",
    "acceptedDate": "2007-03-15 15:13:51",
    "calendarYear": "2006",
    "period": "Q4",
    "revenue": 9147413,
    "costOfRevenue": 0,
    "grossProfit": 9147413,
    "grossProfitRatio": 1,
    "researchAndDevelopmentExpenses": 0,
    "generalAndAdministrativeExpenses": -876252,
    "sellingAndMarketingExpenses": 0,
    "sellingGeneralAndAdministrativeExpenses": -876252,
    "otherExpenses": 5010293,
    "operatingExpenses": 4134041,
    "costAndExpenses": 4134041,
    "interestIncome": 0,
    "interestExpense": 0,
    "depreciationAndAmortization": 15534,
    "ebitda": 5028906,
    "ebitdaratio": 0.5497626487,
    "operatingIncome": 5013372,
    "operatingIncomeRatio": 0.5480644637,
    "totalOtherIncomeExpensesNet": 561284,
    "incomeBeforeTax": 5574656,
    "incomeBeforeTaxRatio": 0.6094243258,
    "incomeTaxExpense": 1774434,
    "netIncome": 3800222,
    "netIncomeRatio": 0.4154422677,
    "eps": 0.11941889134207051,
    "epsdiluted": 0.11941889134207051,
    "weightedAverageShsOut": 31822620,
    "weightedAverageShsOutDil": 31822620,
    "link": "https://www.sec.gov/Archives/edgar/data/97517/000093244007000218/0000932440-07-000218-index.htm",
    "finalLink": "https://www.sec.gov/Archives/edgar/data/97517/000093244007000218/tplt10k_yedec31-06.htm"
  },
  {
    "date": "2006-09-30",
    "symbol": "TPL",
    "reportedCurrency": "USD",
    "cik": "0001811074",
    "fillingDate": "2006-11-08",
    "acceptedDate": "2006-11-08 11:37:09",
    "calendarYear": "2006",
    "period": "Q3",
    "revenue": 4802539,
    "costOfRevenue": 0,
    "grossProfit": 4802539,
    "grossProfitRatio": 1,
    "researchAndDevelopmentExpenses": 0,
    "generalAndAdministrativeExpenses": 462955,
    "sellingAndMarketingExpenses": 0,
    "sellingGeneralAndAdministrativeExpenses": 462955,
    "otherExpenses": 161451,
    "operatingExpenses": 624406,
    "costAndExpenses": 624406,
    "interestIncome": 0,
    "interestExpense": 0,
    "depreciationAndAmortization": 7200,
    "ebitda": 4185333,
    "ebitdaratio": 0.8714833966,
    "operatingIncome": 4178133,
    "operatingIncomeRatio": 0.8699841896,
    "totalOtherIncomeExpensesNet": 0,
    "incomeBeforeTax": 4178133,
    "incomeBeforeTaxRatio": 0.8699841896,
    "incomeTaxExpense": 1320431,
    "netIncome": 2857702,
    "netIncomeRatio": 0.5950398321,
    "eps": 0.08901770493845908,
    "epsdiluted": 0.08901770493845908,
    "weightedAverageShsOut": 32102625,
    "weightedAverageShsOutDil": 32102625,
    "link": "https://www.sec.gov/Archives/edgar/data/97517/000093244006000517/0000932440-06-000517-index.htm",
    "finalLink": "https://www.sec.gov/Archives/edgar/data/97517/000093244006000517/tplt_10q3qtr-06.htm"
  },
  {
    "date": "2006-06-30",
    "symbol": "TPL",
    "reportedCurrency": "USD",
    "cik": "0001811074",
    "fillingDate": "2006-08-07",
    "acceptedDate": "2006-08-07 10:28:12",
    "calendarYear": "2006",
    "period": "Q2",
    "revenue": 5012478,
    "costOfRevenue": 0,
    "grossProfit": 5012478,
    "grossProfitRatio": 1,
    "researchAndDevelopmentExpenses": 0,
    "generalAndAdministrativeExpenses": 480263,
    "sellingAndMarketingExpenses": 0,
    "sellingGeneralAndAdministrativeExpenses": 480263,
    "otherExpenses": 220993,
    "operatingExpenses": 701256,
    "costAndExpenses": 701256,
    "interestIncome": 0,
    "interestExpense": 0,
    "depreciationAndAmortization": 7200,
    "ebitda": 4318422,
    "ebitdaratio": 0.8615343549,
    "operatingIncome": 4311222,
    "operatingIncomeRatio": 0.8600979396,
    "totalOtherIncomeExpensesNet": 0,
    "incomeBeforeTax": 4311222,
    "incomeBeforeTaxRatio": 0.8600979396,
    "incomeTaxExpense": 1351903,
    "netIncome": 2959319,
    "netIncomeRatio": 0.5903904217,
    "eps": 0.09173942796913932,
    "epsdiluted": 0.09173942796913932,
    "weightedAverageShsOut": 32257875,
    "weightedAverageShsOutDil": 32257875,
    "link": "https://www.sec.gov/Archives/edgar/data/97517/000093244006000402/0000932440-06-000402-index.htm",
    "finalLink": "https://www.sec.gov/Archives/edgar/data/97517/000093244006000402/tplt_10q2qtr-06.htm"
  },
  {
    "date": "2006-03-31",
    "symbol": "TPL",
    "reportedCurrency": "USD",
    "cik": "0001811074",
    "fillingDate": "2006-05-05",
    "acceptedDate": "2006-05-05 11:25:34",
    "calendarYear": "2006",
    "period": "Q1",
    "revenue": 3498768,
    "costOfRevenue": 0,
    "grossProfit": 3498768,
    "grossProfitRatio": 1,
    "researchAndDevelopmentExpenses": 0,
    "generalAndAdministrativeExpenses": 488401,
    "sellingAndMarketingExpenses": 0,
    "sellingGeneralAndAdministrativeExpenses": 488401,
    "otherExpenses": 195363,
    "operatingExpenses": 683764,
    "costAndExpenses": 683764,
    "interestIncome": 0,
    "interestExpense": 0,
    "depreciationAndAmortization": 7200,
    "ebitda": 2822204,
    "ebitdaratio": 0.806627933,
    "operatingIncome": 2815004,
    "operatingIncomeRatio": 0.8045700658,
    "totalOtherIncomeExpensesNet": 0,
    "incomeBeforeTax": 2815004,
    "incomeBeforeTaxRatio": 0.8045700658,
    "incomeTaxExpense": 862385,
    "netIncome": 1952619,
    "netIncomeRatio": 0.5580875897,
    "eps": 0.0603710529708632,
    "epsdiluted": 0.0603710529708632,
    "weightedAverageShsOut": 32343630,
    "weightedAverageShsOutDil": 32343630,
    "link": "https://www.sec.gov/Archives/edgar/data/97517/000093244006000224/0000932440-06-000224-index.htm",
    "finalLink": "https://www.sec.gov/Archives/edgar/data/97517/000093244006000125/tplt10k-2005.htm"
  },
  {
    "date": "2005-12-31",
    "symbol": "TPL",
    "reportedCurrency": "USD",
    "cik": "0001811074",
    "fillingDate": "2006-03-16",
    "acceptedDate": "2006-03-16 11:19:39",
    "calendarYear": "2005",
    "period": "Q4",
    "revenue": 5552051,
    "costOfRevenue": 0,
    "grossProfit": 5552051,
    "grossProfitRatio": 1,
    "researchAndDevelopmentExpenses": 0,
    "generalAndAdministrativeExpenses": -1081111,
    "sellingAndMarketingExpenses": 0,
    "sellingGeneralAndAdministrativeExpenses": -1081111,
    "otherExpenses": 2264152,
    "operatingExpenses": 1183041,
    "costAndExpenses": 1183041,
    "interestIncome": 0,
    "interestExpense": 0,
    "depreciationAndAmortization": 8091,
    "ebitda": 4377101,
    "ebitdaratio": 0.788375503,
    "operatingIncome": 4369010,
    "operatingIncomeRatio": 0.7869182037,
    "totalOtherIncomeExpensesNet": -1311967,
    "incomeBeforeTax": 3057043,
    "incomeBeforeTaxRatio": 0.550615079,
    "incomeTaxExpense": 876035,
    "netIncome": 2181008,
    "netIncomeRatio": 0.3928292445,
    "eps": 0.06770807576186129,
    "epsdiluted": 0.06743238158487468,
    "weightedAverageShsOut": 32211933,
    "weightedAverageShsOutDil": 32343630,
    "link": "https://www.sec.gov/Archives/edgar/data/97517/000093244006000125/0000932440-06-000125-index.htm",
    "finalLink": "https://www.sec.gov/Archives/edgar/data/97517/000093244006000125/tplt10k-2005.htm"
  },
  {
    "date": "2005-09-30",
    "symbol": "TPL",
    "reportedCurrency": "USD",
    "cik": "0001811074",
    "fillingDate": "2005-11-08",
    "acceptedDate": "2005-11-08 10:14:03",
    "calendarYear": "2005",
    "period": "Q3",
    "revenue": 4101361,
    "costOfRevenue": 0,
    "grossProfit": 4101361,
    "grossProfitRatio": 1,
    "researchAndDevelopmentExpenses": 0,
    "generalAndAdministrativeExpenses": 590845,
    "sellingAndMarketingExpenses": 0,
    "sellingGeneralAndAdministrativeExpenses": 590845,
    "otherExpenses": 166204,
    "operatingExpenses": 757049,
    "costAndExpenses": 757049,
    "interestIncome": 0,
    "interestExpense": 0,
    "depreciationAndAmortization": 6900,
    "ebitda": 3351212,
    "ebitdaratio": 0.817097544,
    "operatingIncome": 3344312,
    "operatingIncomeRatio": 0.8154151756,
    "totalOtherIncomeExpensesNet": 421715,
    "incomeBeforeTax": 3766027,
    "incomeBeforeTaxRatio": 0.9182383604,
    "incomeTaxExpense": 1165224,
    "netIncome": 2600803,
    "netIncomeRatio": 0.6341316943,
    "eps": 0.07972084861163795,
    "epsdiluted": 0.07972084861163795,
    "weightedAverageShsOut": 32623875,
    "weightedAverageShsOutDil": 32623875,
    "link": "https://www.sec.gov/Archives/edgar/data/97517/000093244005000562/0000932440-05-000562-index.htm",
    "finalLink": "https://www.sec.gov/Archives/edgar/data/97517/000093244005000562/texpac_10q930-05.htm"
  },
  {
    "date": "2005-06-30",
    "symbol": "TPL",
    "reportedCurrency": "USD",
    "cik": "0001811074",
    "fillingDate": "2005-08-08",
    "acceptedDate": "2005-08-08 15:08:09",
    "calendarYear": "2005",
    "period": "Q2",
    "revenue": 4065220,
    "costOfRevenue": 0,
    "grossProfit": 4065220,
    "grossProfitRatio": 1,
    "researchAndDevelopmentExpenses": 0,
    "generalAndAdministrativeExpenses": 487621,
    "sellingAndMarketingExpenses": 0,
    "sellingGeneralAndAdministrativeExpenses": 487621,
    "otherExpenses": 161017,
    "operatingExpenses": 648638,
    "costAndExpenses": 648638,
    "interestIncome": 0,
    "interestExpense": 0,
    "depreciationAndAmortization": 6899,
    "ebitda": 3423481,
    "ebitdaratio": 0.8421391708,
    "operatingIncome": 3416582,
    "operatingIncomeRatio": 0.8404420917,
    "totalOtherIncomeExpensesNet": 0,
    "incomeBeforeTax": 3416582,
    "incomeBeforeTaxRatio": 0.8404420917,
    "incomeTaxExpense": 1038379,
    "netIncome": 2378203,
    "netIncomeRatio": 0.5850121273,
    "eps": 0.07267041752130386,
    "epsdiluted": 0.07267041752130386,
    "weightedAverageShsOut": 32725875,
    "weightedAverageShsOutDil": 32725875,
    "link": "https://www.sec.gov/Archives/edgar/data/97517/000093244005000405/0000932440-05-000405-index.htm",
    "finalLink": "https://www.sec.gov/Archives/edgar/data/97517/000093244005000405/tplt_10qjune3005.htm"
  },
  {
    "date": "2005-03-31",
    "symbol": "TPL",
    "reportedCurrency": "USD",
    "cik": "0001811074",
    "fillingDate": "2005-05-10",
    "acceptedDate": "2005-05-10 11:09:57",
    "calendarYear": "2005",
    "period": "Q1",
    "revenue": 2579261,
    "costOfRevenue": 0,
    "grossProfit": 2579261,
    "grossProfitRatio": 1,
    "researchAndDevelopmentExpenses": 0,
    "generalAndAdministrativeExpenses": 489876,
    "sellingAndMarketingExpenses": 0,
    "sellingGeneralAndAdministrativeExpenses": 489876,
    "otherExpenses": 156309,
    "operatingExpenses": 646185,
    "costAndExpenses": 646185,
    "interestIncome": 0,
    "interestExpense": 0,
    "depreciationAndAmortization": 6901,
    "ebitda": 1939977,
    "ebitdaratio": 0.7521445096,
    "operatingIncome": 1933076,
    "operatingIncomeRatio": 0.749468937,
    "totalOtherIncomeExpensesNet": 0,
    "incomeBeforeTax": 1933076,
    "incomeBeforeTaxRatio": 0.749468937,
    "incomeTaxExpense": 580503,
    "netIncome": 1352573,
    "netIncomeRatio": 0.5244033078,
    "eps": 0.04118565032362105,
    "epsdiluted": 0.04118565032362105,
    "weightedAverageShsOut": 32840880,
    "weightedAverageShsOutDil": 32840880,
    "link": "https://www.sec.gov/Archives/edgar/data/97517/000093244005000241/0000932440-05-000241-index.htm",
    "finalLink": "https://www.sec.gov/Archives/edgar/data/97517/000093244005000113/texpac10k_march05.htm"
  },
  {
    "date": "2004-12-31",
    "symbol": "TPL",
    "reportedCurrency": "USD",
    "cik": "0001811074",
    "fillingDate": "2004-12-31",
    "acceptedDate": "2004-12-30 19:00:00",
    "calendarYear": "2004",
    "period": "Q4",
    "revenue": 2672496,
    "costOfRevenue": 0,
    "grossProfit": 2672496,
    "grossProfitRatio": 1,
    "researchAndDevelopmentExpenses": 0,
    "generalAndAdministrativeExpenses": -902357,
    "sellingAndMarketingExpenses": 0,
    "sellingGeneralAndAdministrativeExpenses": -902357,
    "otherExpenses": 2470956,
    "operatingExpenses": 1568599,
    "costAndExpenses": 1568599,
    "interestIncome": 0,
    "interestExpense": 0,
    "depreciationAndAmortization": 12074,
    "ebitda": 1115971,
    "ebitdaratio": 0.4175763032,
    "operatingIncome": 1819609,
    "operatingIncomeRatio": 0.6808650041,
    "totalOtherIncomeExpensesNet": 0,
    "incomeBeforeTax": 1819609,
    "incomeBeforeTaxRatio": 0.6808650041,
    "incomeTaxExpense": 488307,
    "netIncome": 1331302,
    "netIncomeRatio": 0.4981492956,
    "eps": 0.040730195580212895,
    "epsdiluted": 0.0405379514799847,
    "weightedAverageShsOut": 32685873,
    "weightedAverageShsOutDil": 32840880,
    "link": "",
    "finalLink": ""
  },
  {
    "date": "2004-09-30",
    "symbol": "TPL",
    "reportedCurrency": "USD",
    "cik": "0001811074",
    "fillingDate": "2004-09-30",
    "acceptedDate": "2004-09-29 20:00:00",
    "calendarYear": "2004",
    "period": "Q3",
    "revenue": 21630083,
    "costOfRevenue": 0,
    "grossProfit": 21630083,
    "grossProfitRatio": 1,
    "researchAndDevelopmentExpenses": 0,
    "generalAndAdministrativeExpenses": 522003,
    "sellingAndMarketingExpenses": 0,
    "sellingGeneralAndAdministrativeExpenses": 522003,
    "otherExpenses": 157287,
    "operatingExpenses": 679290,
    "costAndExpenses": 679290,
    "interestIncome": 0,
    "interestExpense": 0,
    "depreciationAndAmortization": 8700,
    "ebitda": 20024306,
    "ebitdaratio": 0.925761866,
    "operatingIncome": 20235081,
    "operatingIncomeRatio": 0.9355063963,
    "totalOtherIncomeExpensesNet": 0,
    "incomeBeforeTax": 20235081,
    "incomeBeforeTaxRatio": 0.9355063963,
    "incomeTaxExpense": 6788934,
    "netIncome": 13446147,
    "netIncomeRatio": 0.6216410265,
    "eps": 0.4063953525273398,
    "epsdiluted": 0.4063953525273398,
    "weightedAverageShsOut": 33086370,
    "weightedAverageShsOutDil": 33086370,
    "link": "",
    "finalLink": ""
  },
  {
    "date": "2004-06-30",
    "symbol": "TPL",
    "reportedCurrency": "USD",
    "cik": "0001811074",
    "fillingDate": "2004-06-30",
    "acceptedDate": "2004-06-29 20:00:00",
    "calendarYear": "2004",
    "period": "Q2",
    "revenue": 2600247,
    "costOfRevenue": 0,
    "grossProfit": 2600247,
    "grossProfitRatio": 1,
    "researchAndDevelopmentExpenses": 0,
    "generalAndAdministrativeExpenses": 378920,
    "sellingAndMarketingExpenses": 0,
    "sellingGeneralAndAdministrativeExpenses": 378920,
    "otherExpenses": 151506,
    "operatingExpenses": 530426,
    "costAndExpenses": 530426,
    "interestIncome": 0,
    "interestExpense": 0,
    "depreciationAndAmortization": 8700,
    "ebitda": 2078521,
    "ebitdaratio": 0.7993552151,
    "operatingIncome": 2069821,
    "operatingIncomeRatio": 0.7960093791,
    "totalOtherIncomeExpensesNet": 0,
    "incomeBeforeTax": 2069821,
    "incomeBeforeTaxRatio": 0.7960093791,
    "incomeTaxExpense": 612085,
    "netIncome": 1457736,
    "netIncomeRatio": 0.5606144339,
    "eps": 0.04378325167539562,
    "epsdiluted": 0.04378325167539562,
    "weightedAverageShsOut": 33294375,
    "weightedAverageShsOutDil": 33294375,
    "link": "",
    "finalLink": ""
  },
  {
    "date": "2004-03-31",
    "symbol": "TPL",
    "reportedCurrency": "USD",
    "cik": "0001811074",
    "fillingDate": "2004-03-31",
    "acceptedDate": "2004-03-30 19:00:00",
    "calendarYear": "2004",
    "period": "Q1",
    "revenue": 2237784,
    "costOfRevenue": 0,
    "grossProfit": 2237784,
    "grossProfitRatio": 1,
    "researchAndDevelopmentExpenses": 0,
    "generalAndAdministrativeExpenses": 444080,
    "sellingAndMarketingExpenses": 0,
    "sellingGeneralAndAdministrativeExpenses": 444080,
    "otherExpenses": 145780,
    "operatingExpenses": 589860,
    "costAndExpenses": 589860,
    "interestIncome": 0,
    "interestExpense": 0,
    "depreciationAndAmortization": 8700,
    "ebitda": 1656624,
    "ebitdaratio": 0.7402966506,
    "operatingIncome": 1647924,
    "operatingIncomeRatio": 0.7364088759,
    "totalOtherIncomeExpensesNet": 0,
    "incomeBeforeTax": 1647924,
    "incomeBeforeTaxRatio": 0.7364088759,
    "incomeTaxExpense": 470151,
    "netIncome": 1177773,
    "netIncomeRatio": 0.526312191,
    "eps": 0.035042724362035524,
    "epsdiluted": 0.035042724362035524,
    "weightedAverageShsOut": 33609630,
    "weightedAverageShsOutDil": 33609630,
    "link": "",
    "finalLink": ""
  },
  {
    "date": "2003-12-31",
    "symbol": "TPL",
    "reportedCurrency": "USD",
    "cik": "0001811074",
    "fillingDate": "2004-03-15",
    "acceptedDate": "2004-03-15 10:29:57",
    "calendarYear": "2003",
    "period": "Q4",
    "revenue": 2899080,
    "costOfRevenue": 0,
    "grossProfit": 2899080,
    "grossProfitRatio": 1,
    "researchAndDevelopmentExpenses": 0,
    "generalAndAdministrativeExpenses": -800232,
    "sellingAndMarketingExpenses": 0,
    "sellingGeneralAndAdministrativeExpenses": -800232,
    "otherExpenses": 1522511,
    "operatingExpenses": 722279,
    "costAndExpenses": 722279,
    "interestIncome": 0,
    "interestExpense": 0,
    "depreciationAndAmortization": 23929,
    "ebitda": 2200730,
    "ebitdaratio": 0.7591132359,
    "operatingIncome": 2176801,
    "operatingIncomeRatio": 0.7508592381,
    "totalOtherIncomeExpensesNet": 0,
    "incomeBeforeTax": 2176801,
    "incomeBeforeTaxRatio": 0.7508592381,
    "incomeTaxExpense": 649201,
    "netIncome": 1527600,
    "netIncomeRatio": 0.5269257834,
    "eps": 0.045451259058787614,
    "epsdiluted": 0.045451259058787614,
    "weightedAverageShsOut": 33609630,
    "weightedAverageShsOutDil": 33609630,
    "link": "https://www.sec.gov/Archives/edgar/data/97517/000093244004000089/0000932440-04-000089-index.htm",
    "finalLink": "https://www.sec.gov/Archives/edgar/data/97517/000093244004000089/texaspacfic_mar04-10k.htm"
  },
  {
    "date": "2003-09-30",
    "symbol": "TPL",
    "reportedCurrency": "USD",
    "cik": "0001811074",
    "fillingDate": "2003-09-30",
    "acceptedDate": "2003-09-29 20:00:00",
    "calendarYear": "2003",
    "period": "Q3",
    "revenue": 2654935,
    "costOfRevenue": 0,
    "grossProfit": 2654935,
    "grossProfitRatio": 1,
    "researchAndDevelopmentExpenses": 0,
    "generalAndAdministrativeExpenses": 362279,
    "sellingAndMarketingExpenses": 0,
    "sellingGeneralAndAdministrativeExpenses": 362279,
    "otherExpenses": 151793,
    "operatingExpenses": 514072,
    "costAndExpenses": 514072,
    "interestIncome": 0,
    "interestExpense": 0,
    "depreciationAndAmortization": 9000,
    "ebitda": 2149863,
    "ebitdaratio": 0.8097610676,
    "operatingIncome": 2140863,
    "operatingIncomeRatio": 0.8063711541,
    "totalOtherIncomeExpensesNet": 0,
    "incomeBeforeTax": 2140863,
    "incomeBeforeTaxRatio": 0.8063711541,
    "incomeTaxExpense": 633870,
    "netIncome": 1506993,
    "netIncomeRatio": 0.5676195462,
    "eps": 0.04418841240735455,
    "epsdiluted": 0.04418841240735455,
    "weightedAverageShsOut": 34103805,
    "weightedAverageShsOutDil": 34103805,
    "link": "",
    "finalLink": ""
  },
  {
    "date": "2003-06-30",
    "symbol": "TPL",
    "reportedCurrency": "USD",
    "cik": "0001811074",
    "fillingDate": "2003-06-30",
    "acceptedDate": "2003-06-29 20:00:00",
    "calendarYear": "2003",
    "period": "Q2",
    "revenue": 2584117,
    "costOfRevenue": 0,
    "grossProfit": 2584117,
    "grossProfitRatio": 1,
    "researchAndDevelopmentExpenses": 0,
    "generalAndAdministrativeExpenses": 399451,
    "sellingAndMarketingExpenses": 0,
    "sellingGeneralAndAdministrativeExpenses": 399451,
    "otherExpenses": 143970,
    "operatingExpenses": 543421,
    "costAndExpenses": 543421,
    "interestIncome": 0,
    "interestExpense": 0,
    "depreciationAndAmortization": 9000,
    "ebitda": 2049696,
    "ebitdaratio": 0.7931900916,
    "operatingIncome": 2040696,
    "operatingIncomeRatio": 0.7897072772,
    "totalOtherIncomeExpensesNet": 0,
    "incomeBeforeTax": 2040696,
    "incomeBeforeTaxRatio": 0.7897072772,
    "incomeTaxExpense": 621558,
    "netIncome": 1419138,
    "netIncomeRatio": 0.5491771464,
    "eps": 0.041263535827746285,
    "epsdiluted": 0.041263535827746285,
    "weightedAverageShsOut": 34392060,
    "weightedAverageShsOutDil": 34392060,
    "link": "",
    "finalLink": ""
  },
  {
    "date": "2003-03-31",
    "symbol": "TPL",
    "reportedCurrency": "USD",
    "cik": "0001811074",
    "fillingDate": "2003-03-31",
    "acceptedDate": "2003-03-30 19:00:00",
    "calendarYear": "2003",
    "period": "Q1",
    "revenue": 1815197,
    "costOfRevenue": 0,
    "grossProfit": 1815197,
    "grossProfitRatio": 1,
    "researchAndDevelopmentExpenses": 0,
    "generalAndAdministrativeExpenses": 444115,
    "sellingAndMarketingExpenses": 0,
    "sellingGeneralAndAdministrativeExpenses": 444115,
    "otherExpenses": 134199,
    "operatingExpenses": 578314,
    "costAndExpenses": 578314,
    "interestIncome": 0,
    "interestExpense": 0,
    "depreciationAndAmortization": 9000,
    "ebitda": 1245883,
    "ebitdaratio": 0.6863624169,
    "operatingIncome": 1236883,
    "operatingIncomeRatio": 0.6814042773,
    "totalOtherIncomeExpensesNet": 0,
    "incomeBeforeTax": 1236883,
    "incomeBeforeTaxRatio": 0.6814042773,
    "incomeTaxExpense": 360463,
    "netIncome": 876420,
    "netIncomeRatio": 0.4828236274,
    "eps": 0.025259750281766316,
    "epsdiluted": 0.025259750281766316,
    "weightedAverageShsOut": 34696305,
    "weightedAverageShsOutDil": 34696305,
    "link": "",
    "finalLink": ""
  },
  {
    "date": "2002-12-31",
    "symbol": "TPL",
    "reportedCurrency": "USD",
    "cik": "0001811074",
    "fillingDate": "2002-12-31",
    "acceptedDate": "2002-12-30 19:00:00",
    "calendarYear": "2002",
    "period": "Q4",
    "revenue": 4005369,
    "costOfRevenue": 0,
    "grossProfit": 4005369,
    "grossProfitRatio": 1,
    "researchAndDevelopmentExpenses": 0,
    "generalAndAdministrativeExpenses": -591915,
    "sellingAndMarketingExpenses": 0,
    "sellingGeneralAndAdministrativeExpenses": -591915,
    "otherExpenses": 1246289,
    "operatingExpenses": 654374,
    "costAndExpenses": 654374,
    "interestIncome": 0,
    "interestExpense": 0,
    "depreciationAndAmortization": 19365,
    "ebitda": 3370360,
    "ebitdaratio": 0.8414605496,
    "operatingIncome": 3350995,
    "operatingIncomeRatio": 0.836625789,
    "totalOtherIncomeExpensesNet": 0,
    "incomeBeforeTax": 3350995,
    "incomeBeforeTaxRatio": 0.836625789,
    "incomeTaxExpense": 1074058,
    "netIncome": 2276937,
    "netIncomeRatio": 0.5684712195,
    "eps": 0.06621542383973016,
    "epsdiluted": 0.06562476897756116,
    "weightedAverageShsOut": 34386807,
    "weightedAverageShsOutDil": 34696305,
    "link": "",
    "finalLink": ""
  },
  {
    "date": "2002-09-30",
    "symbol": "TPL",
    "reportedCurrency": "USD",
    "cik": "0001811074",
    "fillingDate": "2002-09-30",
    "acceptedDate": "2002-09-29 20:00:00",
    "calendarYear": "2002",
    "period": "Q3",
    "revenue": 1849690,
    "costOfRevenue": 0,
    "grossProfit": 1849690,
    "grossProfitRatio": 1,
    "researchAndDevelopmentExpenses": 0,
    "generalAndAdministrativeExpenses": 306940,
    "sellingAndMarketingExpenses": 0,
    "sellingGeneralAndAdministrativeExpenses": 306940,
    "otherExpenses": 114768,
    "operatingExpenses": 421708,
    "costAndExpenses": 421708,
    "interestIncome": 0,
    "interestExpense": 0,
    "depreciationAndAmortization": 10200,
    "ebitda": 1438182,
    "ebitdaratio": 0.7775259638,
    "operatingIncome": 1427982,
    "operatingIncomeRatio": 0.7720115263,
    "totalOtherIncomeExpensesNet": 0,
    "incomeBeforeTax": 1427982,
    "incomeBeforeTaxRatio": 0.7720115263,
    "incomeTaxExpense": 429747,
    "netIncome": 998235,
    "netIncomeRatio": 0.5396769188,
    "eps": 0.02837784592922105,
    "epsdiluted": 0.02837784592922105,
    "weightedAverageShsOut": 35176560,
    "weightedAverageShsOutDil": 35176560,
    "link": "",
    "finalLink": ""
  },
  {
    "date": "2002-06-30",
    "symbol": "TPL",
    "reportedCurrency": "USD",
    "cik": "0001811074",
    "fillingDate": "2002-06-30",
    "acceptedDate": "2002-06-29 20:00:00",
    "calendarYear": "2002",
    "period": "Q2",
    "revenue": 1744395,
    "costOfRevenue": 0,
    "grossProfit": 1744395,
    "grossProfitRatio": 1,
    "researchAndDevelopmentExpenses": 0,
    "generalAndAdministrativeExpenses": 325064,
    "sellingAndMarketingExpenses": 0,
    "sellingGeneralAndAdministrativeExpenses": 325064,
    "otherExpenses": 117370,
    "operatingExpenses": 442434,
    "costAndExpenses": 442434,
    "interestIncome": 0,
    "interestExpense": 0,
    "depreciationAndAmortization": 10199,
    "ebitda": 1312160,
    "ebitdaratio": 0.7522149513,
    "operatingIncome": 1301961,
    "operatingIncomeRatio": 0.7463682251,
    "totalOtherIncomeExpensesNet": 0,
    "incomeBeforeTax": 1301961,
    "incomeBeforeTaxRatio": 0.7463682251,
    "incomeTaxExpense": 387437,
    "netIncome": 914524,
    "netIncomeRatio": 0.5242642865,
    "eps": 0.025701832004924954,
    "epsdiluted": 0.025701832004924954,
    "weightedAverageShsOut": 35582055,
    "weightedAverageShsOutDil": 35582055,
    "link": "",
    "finalLink": ""
  },
  {
    "date": "2002-03-31",
    "symbol": "TPL",
    "reportedCurrency": "USD",
    "cik": "0001811074",
    "fillingDate": "2002-03-31",
    "acceptedDate": "2002-03-30 19:00:00",
    "calendarYear": "2002",
    "period": "Q1",
    "revenue": 1522644,
    "costOfRevenue": 0,
    "grossProfit": 1522644,
    "grossProfitRatio": 1,
    "researchAndDevelopmentExpenses": 0,
    "generalAndAdministrativeExpenses": 405059,
    "sellingAndMarketingExpenses": 0,
    "sellingGeneralAndAdministrativeExpenses": 405059,
    "otherExpenses": 104903,
    "operatingExpenses": 509962,
    "costAndExpenses": 509962,
    "interestIncome": 0,
    "interestExpense": 0,
    "depreciationAndAmortization": 10201,
    "ebitda": 1022883,
    "ebitdaratio": 0.6717807971,
    "operatingIncome": 1012682,
    "operatingIncomeRatio": 0.6650812665,
    "totalOtherIncomeExpensesNet": 0,
    "incomeBeforeTax": 1012682,
    "incomeBeforeTaxRatio": 0.6650812665,
    "incomeTaxExpense": 301592,
    "netIncome": 711090,
    "netIncomeRatio": 0.4670100168,
    "eps": 0.019824587155042525,
    "epsdiluted": 0.019824587155042525,
    "weightedAverageShsOut": 35869095,
    "weightedAverageShsOutDil": 35869095,
    "link": "",
    "finalLink": ""
  },
  {
    "date": "2001-12-31",
    "symbol": "TPL",
    "reportedCurrency": "USD",
    "cik": "0001811074",
    "fillingDate": "2001-12-31",
    "acceptedDate": "2001-12-30 19:00:00",
    "calendarYear": "2001",
    "period": "Q4",
    "revenue": 1983122,
    "costOfRevenue": 0,
    "grossProfit": 1983122,
    "grossProfitRatio": 1,
    "researchAndDevelopmentExpenses": 0,
    "generalAndAdministrativeExpenses": -434921,
    "sellingAndMarketingExpenses": 0,
    "sellingGeneralAndAdministrativeExpenses": -434921,
    "otherExpenses": 876126,
    "operatingExpenses": 441205,
    "costAndExpenses": 441205,
    "interestIncome": 0,
    "interestExpense": 0,
    "depreciationAndAmortization": 17016,
    "ebitda": 1558933,
    "ebitdaratio": 0.7861004013,
    "operatingIncome": 1541917,
    "operatingIncomeRatio": 0.7775199912,
    "totalOtherIncomeExpensesNet": 0,
    "incomeBeforeTax": 1541917,
    "incomeBeforeTaxRatio": 0.7775199912,
    "incomeTaxExpense": 470011,
    "netIncome": 1071906,
    "netIncomeRatio": 0.540514401,
    "eps": 0.02988383174986712,
    "epsdiluted": 0.02988383174986712,
    "weightedAverageShsOut": 35869095,
    "weightedAverageShsOutDil": 35869095,
    "link": "",
    "finalLink": ""
  },
  {
    "date": "2001-09-30",
    "symbol": "TPL",
    "reportedCurrency": "USD",
    "cik": "0001811074",
    "fillingDate": "2001-09-30",
    "acceptedDate": "2001-09-29 20:00:00",
    "calendarYear": "2001",
    "period": "Q3",
    "revenue": 7889591,
    "costOfRevenue": 0,
    "grossProfit": 7889591,
    "grossProfitRatio": 1,
    "researchAndDevelopmentExpenses": 0,
    "generalAndAdministrativeExpenses": 257284,
    "sellingAndMarketingExpenses": 0,
    "sellingGeneralAndAdministrativeExpenses": 257284,
    "otherExpenses": 1661767,
    "operatingExpenses": 1919051,
    "costAndExpenses": 1919051,
    "interestIncome": 0,
    "interestExpense": 0,
    "depreciationAndAmortization": 11700,
    "ebitda": 5982240,
    "ebitdaratio": 0.7582446289,
    "operatingIncome": 5970540,
    "operatingIncomeRatio": 0.7567616623,
    "totalOtherIncomeExpensesNet": 0,
    "incomeBeforeTax": 5970540,
    "incomeBeforeTaxRatio": 0.7567616623,
    "incomeTaxExpense": 1967913,
    "netIncome": 4002627,
    "netIncomeRatio": 0.5073301011,
    "eps": 0.10845957871598773,
    "epsdiluted": 0.10845957871598773,
    "weightedAverageShsOut": 36904320,
    "weightedAverageShsOutDil": 36904320,
    "link": "",
    "finalLink": ""
  },
  {
    "date": "2001-06-30",
    "symbol": "TPL",
    "reportedCurrency": "USD",
    "cik": "0001811074",
    "fillingDate": "2001-06-30",
    "acceptedDate": "2001-06-29 20:00:00",
    "calendarYear": "2001",
    "period": "Q2",
    "revenue": 1908926,
    "costOfRevenue": 0,
    "grossProfit": 1908926,
    "grossProfitRatio": 1,
    "researchAndDevelopmentExpenses": 0,
    "generalAndAdministrativeExpenses": 322183,
    "sellingAndMarketingExpenses": 0,
    "sellingGeneralAndAdministrativeExpenses": 322183,
    "otherExpenses": 141739,
    "operatingExpenses": 463922,
    "costAndExpenses": 463922,
    "interestIncome": 0,
    "interestExpense": 0,
    "depreciationAndAmortization": 11700,
    "ebitda": 1456704,
    "ebitdaratio": 0.763101346,
    "operatingIncome": 1445004,
    "operatingIncomeRatio": 0.7569722451,
    "totalOtherIncomeExpensesNet": 0,
    "incomeBeforeTax": 1445004,
    "incomeBeforeTaxRatio": 0.7569722451,
    "incomeTaxExpense": 419755,
    "netIncome": 1025249,
    "netIncomeRatio": 0.5370815841,
    "eps": 0.027506608366819525,
    "epsdiluted": 0.027506608366819525,
    "weightedAverageShsOut": 37272825,
    "weightedAverageShsOutDil": 37272825,
    "link": "",
    "finalLink": ""
  },
  {
    "date": "2001-03-31",
    "symbol": "TPL",
    "reportedCurrency": "USD",
    "cik": "0001811074",
    "fillingDate": "2001-03-31",
    "acceptedDate": "2001-03-30 19:00:00",
    "calendarYear": "2001",
    "period": "Q1",
    "revenue": 1647729,
    "costOfRevenue": 0,
    "grossProfit": 1647729,
    "grossProfitRatio": 1,
    "researchAndDevelopmentExpenses": 0,
    "generalAndAdministrativeExpenses": 395377,
    "sellingAndMarketingExpenses": 0,
    "sellingGeneralAndAdministrativeExpenses": 395377,
    "otherExpenses": 165792,
    "operatingExpenses": 561169,
    "costAndExpenses": 561169,
    "interestIncome": 0,
    "interestExpense": 0,
    "depreciationAndAmortization": 11700,
    "ebitda": 1098260,
    "ebitdaratio": 0.6665295082,
    "operatingIncome": 1086560,
    "operatingIncomeRatio": 0.659428826,
    "totalOtherIncomeExpensesNet": 0,
    "incomeBeforeTax": 1086560,
    "incomeBeforeTaxRatio": 0.659428826,
    "incomeTaxExpense": 299829,
    "netIncome": 786731,
    "netIncomeRatio": 0.4774638305,
    "eps": 0.020969947813088814,
    "epsdiluted": 0.020969947813088814,
    "weightedAverageShsOut": 37517070,
    "weightedAverageShsOutDil": 37517070,
    "link": "",
    "finalLink": ""
  },
  {
    "date": "2000-12-31",
    "symbol": "TPL",
    "reportedCurrency": "USD",
    "cik": "0001811074",
    "fillingDate": "2000-12-31",
    "acceptedDate": "2000-12-30 19:00:00",
    "calendarYear": "2000",
    "period": "Q4",
    "revenue": 2254050,
    "costOfRevenue": 0,
    "grossProfit": 2254050,
    "grossProfitRatio": 1,
    "researchAndDevelopmentExpenses": 0,
    "generalAndAdministrativeExpenses": -520499,
    "sellingAndMarketingExpenses": 0,
    "sellingGeneralAndAdministrativeExpenses": -520499,
    "otherExpenses": 985011,
    "operatingExpenses": 464512,
    "costAndExpenses": 464512,
    "interestIncome": 0,
    "interestExpense": 0,
    "depreciationAndAmortization": 12013,
    "ebitda": 1801551,
    "ebitdaratio": 0.7992506821,
    "operatingIncome": 1789538,
    "operatingIncomeRatio": 0.7939211641,
    "totalOtherIncomeExpensesNet": 0,
    "incomeBeforeTax": 1789538,
    "incomeBeforeTaxRatio": 0.7939211641,
    "incomeTaxExpense": 533361,
    "netIncome": 1256177,
    "netIncomeRatio": 0.5572977529,
    "eps": 0.033482811957330355,
    "epsdiluted": 0.033482811957330355,
    "weightedAverageShsOut": 37517070,
    "weightedAverageShsOutDil": 37517070,
    "link": "",
    "finalLink": ""
  },
  {
    "date": "2000-09-30",
    "symbol": "TPL",
    "reportedCurrency": "USD",
    "cik": "0001811074",
    "fillingDate": "2000-11-13",
    "acceptedDate": "2000-11-13 00:00:00",
    "calendarYear": "2000",
    "period": "Q3",
    "revenue": 1898689,
    "costOfRevenue": 0,
    "grossProfit": 1898689,
    "grossProfitRatio": 1,
    "researchAndDevelopmentExpenses": 0,
    "generalAndAdministrativeExpenses": 342782,
    "sellingAndMarketingExpenses": 0,
    "sellingGeneralAndAdministrativeExpenses": 342782,
    "otherExpenses": 146911,
    "operatingExpenses": 489693,
    "costAndExpenses": 489693,
    "interestIncome": 0,
    "interestExpense": 0,
    "depreciationAndAmortization": 10800,
    "ebitda": 1419796,
    "ebitdaratio": 0.7477770188,
    "operatingIncome": 1408996,
    "operatingIncomeRatio": 0.7420888834,
    "totalOtherIncomeExpensesNet": 0,
    "incomeBeforeTax": 1408996,
    "incomeBeforeTaxRatio": 0.7420888834,
    "incomeTaxExpense": 414579,
    "netIncome": 994417,
    "netIncomeRatio": 0.5237387482,
    "eps": 0.026076006956804485,
    "epsdiluted": 0.026076006956804485,
    "weightedAverageShsOut": 38135325,
    "weightedAverageShsOutDil": 38135325,
    "link": "https://www.sec.gov/Archives/edgar/data/97517/000095013400009453/0000950134-00-009453-index.html",
    "finalLink": "https://www.sec.gov/Archives/edgar/data/97517/000095013400009453/d81525e10-q.txt"
  },
  {
    "date": "2000-06-30",
    "symbol": "TPL",
    "reportedCurrency": "USD",
    "cik": "0001811074",
    "fillingDate": "2000-08-10",
    "acceptedDate": "2000-08-10 00:00:00",
    "calendarYear": "2000",
    "period": "Q2",
    "revenue": 1571735,
    "costOfRevenue": 0,
    "grossProfit": 1571735,
    "grossProfitRatio": 1,
    "researchAndDevelopmentExpenses": 0,
    "generalAndAdministrativeExpenses": 285632,
    "sellingAndMarketingExpenses": 0,
    "sellingGeneralAndAdministrativeExpenses": 285632,
    "otherExpenses": 135534,
    "operatingExpenses": 421166,
    "costAndExpenses": 421166,
    "interestIncome": 0,
    "interestExpense": 0,
    "depreciationAndAmortization": 10800,
    "ebitda": 1161369,
    "ebitdaratio": 0.7389089128,
    "operatingIncome": 1150569,
    "operatingIncomeRatio": 0.7320375254,
    "totalOtherIncomeExpensesNet": 0,
    "incomeBeforeTax": 1150569,
    "incomeBeforeTaxRatio": 0.7320375254,
    "incomeTaxExpense": 339768,
    "netIncome": 810801,
    "netIncomeRatio": 0.5158636793,
    "eps": 0.021046512397582352,
    "epsdiluted": 0.021046512397582352,
    "weightedAverageShsOut": 38524245,
    "weightedAverageShsOutDil": 38524245,
    "link": "https://www.sec.gov/Archives/edgar/data/97517/000095013400006616/0000950134-00-006616-index.html",
    "finalLink": "https://www.sec.gov/Archives/edgar/data/97517/000095013400006616/e10-q.txt"
  },
  {
    "date": "2000-03-31",
    "symbol": "TPL",
    "reportedCurrency": "USD",
    "cik": "0001811074",
    "fillingDate": "2000-05-10",
    "acceptedDate": "2000-05-10 00:00:00",
    "calendarYear": "2000",
    "period": "Q1",
    "revenue": 2074525,
    "costOfRevenue": 0,
    "grossProfit": 2074525,
    "grossProfitRatio": 1,
    "researchAndDevelopmentExpenses": 0,
    "generalAndAdministrativeExpenses": 361030,
    "sellingAndMarketingExpenses": 0,
    "sellingGeneralAndAdministrativeExpenses": 361030,
    "otherExpenses": 719841,
    "operatingExpenses": 1080871,
    "costAndExpenses": 1080871,
    "interestIncome": 0,
    "interestExpense": 0,
    "depreciationAndAmortization": 10800,
    "ebitda": 1004454,
    "ebitdaratio": 0.4841850544,
    "operatingIncome": 993654,
    "operatingIncomeRatio": 0.4789790434,
    "totalOtherIncomeExpensesNet": 0,
    "incomeBeforeTax": 993654,
    "incomeBeforeTaxRatio": 0.4789790434,
    "incomeTaxExpense": 296980,
    "netIncome": 696674,
    "netIncomeRatio": 0.3358233813,
    "eps": 0.017963235488447676,
    "epsdiluted": 0.017963235488447676,
    "weightedAverageShsOut": 38783325,
    "weightedAverageShsOutDil": 38783325,
    "link": "https://www.sec.gov/Archives/edgar/data/97517/000095013400004111/0000950134-00-004111-index.html",
    "finalLink": "https://www.sec.gov/Archives/edgar/data/97517/0000950134-00-004111.txt"
  },
  {
    "date": "1999-12-31",
    "symbol": "TPL",
    "reportedCurrency": "USD",
    "cik": "0001811074",
    "fillingDate": "1999-12-31",
    "acceptedDate": "1999-12-30 19:00:00",
    "calendarYear": "1999",
    "period": "Q4",
    "revenue": 1824237,
    "costOfRevenue": 0,
    "grossProfit": 1824237,
    "grossProfitRatio": 1,
    "researchAndDevelopmentExpenses": 0,
    "generalAndAdministrativeExpenses": -486384,
    "sellingAndMarketingExpenses": 0,
    "sellingGeneralAndAdministrativeExpenses": -486384,
    "otherExpenses": 2511199,
    "operatingExpenses": 2024815,
    "costAndExpenses": 2024815,
    "interestIncome": 0,
    "interestExpense": 0,
    "depreciationAndAmortization": 0,
    "ebitda": -200578,
    "ebitdaratio": -0.1099517223,
    "operatingIncome": -200578,
    "operatingIncomeRatio": -0.1099517223,
    "totalOtherIncomeExpensesNet": 1500000,
    "incomeBeforeTax": 1299422,
    "incomeBeforeTaxRatio": 0.7123098589,
    "incomeTaxExpense": 361595,
    "netIncome": 937827,
    "netIncomeRatio": 0.5140927412,
    "eps": 0.024181191272280033,
    "epsdiluted": 0.024181191272280033,
    "weightedAverageShsOut": 38783325,
    "weightedAverageShsOutDil": 38783325,
    "link": "",
    "finalLink": ""
  },
  {
    "date": "1999-09-30",
    "symbol": "TPL",
    "reportedCurrency": "USD",
    "cik": "0001811074",
    "fillingDate": "1999-09-30",
    "acceptedDate": "1999-09-29 20:00:00",
    "calendarYear": "1999",
    "period": "Q3",
    "revenue": 1200000,
    "costOfRevenue": 0,
    "grossProfit": 1200000,
    "grossProfitRatio": 1,
    "researchAndDevelopmentExpenses": 0,
    "generalAndAdministrativeExpenses": 300000,
    "sellingAndMarketingExpenses": 0,
    "sellingGeneralAndAdministrativeExpenses": 300000,
    "otherExpenses": -400000,
    "operatingExpenses": -100000,
    "costAndExpenses": -100000,
    "interestIncome": 0,
    "interestExpense": 0,
    "depreciationAndAmortization": 0,
    "ebitda": 1300000,
    "ebitdaratio": 1.0833333333,
    "operatingIncome": 1300000,
    "operatingIncomeRatio": 1.0833333333,
    "totalOtherIncomeExpensesNet": -500000,
    "incomeBeforeTax": 800000,
    "incomeBeforeTaxRatio": 0.6666666667,
    "incomeTaxExpense": 200000,
    "netIncome": 600000,
    "netIncomeRatio": 0.5,
    "eps": 0.015168752370117557,
    "epsdiluted": 0.015168752370117557,
    "weightedAverageShsOut": 39555000,
    "weightedAverageShsOutDil": 39555000,
    "link": "",
    "finalLink": ""
  },
  {
    "date": "1999-06-30",
    "symbol": "TPL",
    "reportedCurrency": "USD",
    "cik": "0001811074",
    "fillingDate": "1999-06-30",
    "acceptedDate": "1999-06-29 20:00:00",
    "calendarYear": "1999",
    "period": "Q2",
    "revenue": 1400000,
    "costOfRevenue": 0,
    "grossProfit": 1400000,
    "grossProfitRatio": 1,
    "researchAndDevelopmentExpenses": 0,
    "generalAndAdministrativeExpenses": 300000,
    "sellingAndMarketingExpenses": 0,
    "sellingGeneralAndAdministrativeExpenses": 300000,
    "otherExpenses": -400000,
    "operatingExpenses": -100000,
    "costAndExpenses": -100000,
    "interestIncome": 0,
    "interestExpense": 0,
    "depreciationAndAmortization": 10800,
    "ebitda": 1052712,
    "ebitdaratio": 0.7519371429,
    "operatingIncome": 1500000,
    "operatingIncomeRatio": 1.0714285714,
    "totalOtherIncomeExpensesNet": -458088,
    "incomeBeforeTax": 1000000,
    "incomeBeforeTaxRatio": 0.7142857143,
    "incomeTaxExpense": 300000,
    "netIncome": 724365,
    "netIncomeRatio": 0.5174035714,
    "eps": 0.01823468218350983,
    "epsdiluted": 0.01823468218350983,
    "weightedAverageShsOut": 39724575,
    "weightedAverageShsOutDil": 39724575,
    "link": "",
    "finalLink": ""
  },
  {
    "date": "1999-03-31",
    "symbol": "TPL",
    "reportedCurrency": "USD",
    "cik": "0001811074",
    "fillingDate": "1999-03-31",
    "acceptedDate": "1999-03-30 19:00:00",
    "calendarYear": "1999",
    "period": "Q1",
    "revenue": 1600000,
    "costOfRevenue": 0,
    "grossProfit": 1600000,
    "grossProfitRatio": 1,
    "researchAndDevelopmentExpenses": 0,
    "generalAndAdministrativeExpenses": 400000,
    "sellingAndMarketingExpenses": 0,
    "sellingGeneralAndAdministrativeExpenses": 400000,
    "otherExpenses": -500000,
    "operatingExpenses": -100000,
    "costAndExpenses": -100000,
    "interestIncome": 0,
    "interestExpense": 0,
    "depreciationAndAmortization": 10800,
    "ebitda": 1049405,
    "ebitdaratio": 0.655878125,
    "operatingIncome": 1700000,
    "operatingIncomeRatio": 1.0625,
    "totalOtherIncomeExpensesNet": -661395,
    "incomeBeforeTax": 1000000,
    "incomeBeforeTaxRatio": 0.625,
    "incomeTaxExpense": 300000,
    "netIncome": 716185,
    "netIncomeRatio": 0.447615625,
    "eps": 0.01790985467756585,
    "epsdiluted": 0.01790985467756585,
    "weightedAverageShsOut": 39988320,
    "weightedAverageShsOutDil": 39988320,
    "link": "",
    "finalLink": ""
  },
  {
    "date": "1998-12-31",
    "symbol": "TPL",
    "reportedCurrency": "USD",
    "cik": "0001811074",
    "fillingDate": "1998-12-31",
    "acceptedDate": "1998-12-30 19:00:00",
    "calendarYear": "1998",
    "period": "Q4",
    "revenue": 3679670,
    "costOfRevenue": 0,
    "grossProfit": 3679670,
    "grossProfitRatio": 1,
    "researchAndDevelopmentExpenses": 0,
    "generalAndAdministrativeExpenses": -501308,
    "sellingAndMarketingExpenses": 0,
    "sellingGeneralAndAdministrativeExpenses": -501308,
    "otherExpenses": 2539440,
    "operatingExpenses": 2038132,
    "costAndExpenses": 2038132,
    "interestIncome": 0,
    "interestExpense": 0,
    "depreciationAndAmortization": -39679,
    "ebitda": 1641538,
    "ebitdaratio": 0.4461101131,
    "operatingIncome": 1641538,
    "operatingIncomeRatio": 0.4461101131,
    "totalOtherIncomeExpensesNet": 1700000,
    "incomeBeforeTax": 3341538,
    "incomeBeforeTaxRatio": 0.908108064,
    "incomeTaxExpense": 1108277,
    "netIncome": 2233261,
    "netIncomeRatio": 0.606918827,
    "eps": 0.05742671126449511,
    "epsdiluted": 0.05742671126449511,
    "weightedAverageShsOut": 38888889,
    "weightedAverageShsOutDil": 38888889,
    "link": "",
    "finalLink": ""
  },
  {
    "date": "1998-09-30",
    "symbol": "TPL",
    "reportedCurrency": "USD",
    "cik": "0001811074",
    "fillingDate": "1998-09-30",
    "acceptedDate": "1998-09-29 20:00:00",
    "calendarYear": "1998",
    "period": "Q3",
    "revenue": 1400000,
    "costOfRevenue": 0,
    "grossProfit": 1400000,
    "grossProfitRatio": 1,
    "researchAndDevelopmentExpenses": 0,
    "generalAndAdministrativeExpenses": 300000,
    "sellingAndMarketingExpenses": 0,
    "sellingGeneralAndAdministrativeExpenses": 300000,
    "otherExpenses": -400000,
    "operatingExpenses": -100000,
    "costAndExpenses": -100000,
    "interestIncome": 0,
    "interestExpense": 0,
    "depreciationAndAmortization": 0,
    "ebitda": 1500000,
    "ebitdaratio": 1.0714285714,
    "operatingIncome": 1500000,
    "operatingIncomeRatio": 1.0714285714,
    "totalOtherIncomeExpensesNet": -500000,
    "incomeBeforeTax": 1000000,
    "incomeBeforeTaxRatio": 0.7142857143,
    "incomeTaxExpense": 300000,
    "netIncome": 700000,
    "netIncomeRatio": 0.5,
    "eps": 0.01726476754223702,
    "epsdiluted": 0.01726476754223702,
    "weightedAverageShsOut": 40545000,
    "weightedAverageShsOutDil": 40545000,
    "link": "",
    "finalLink": ""
  },
  {
    "date": "1998-06-30",
    "symbol": "TPL",
    "reportedCurrency": "USD",
    "cik": "0001811074",
    "fillingDate": "1998-06-30",
    "acceptedDate": "1998-06-29 20:00:00",
    "calendarYear": "1998",
    "period": "Q2",
    "revenue": 1800000,
    "costOfRevenue": 0,
    "grossProfit": 1800000,
    "grossProfitRatio": 1,
    "researchAndDevelopmentExpenses": 0,
    "generalAndAdministrativeExpenses": 300000,
    "sellingAndMarketingExpenses": 0,
    "sellingGeneralAndAdministrativeExpenses": 300000,
    "otherExpenses": -400000,
    "operatingExpenses": -100000,
    "costAndExpenses": -100000,
    "interestIncome": 0,
    "interestExpense": 0,
    "depreciationAndAmortization": 0,
    "ebitda": 1900000,
    "ebitdaratio": 1.0555555556,
    "operatingIncome": 1900000,
    "operatingIncomeRatio": 1.0555555556,
    "totalOtherIncomeExpensesNet": -600000,
    "incomeBeforeTax": 1300000,
    "incomeBeforeTaxRatio": 0.7222222222,
    "incomeTaxExpense": 400000,
    "netIncome": 900000,
    "netIncomeRatio": 0.5,
    "eps": 0.021937842778793418,
    "epsdiluted": 0.021937842778793418,
    "weightedAverageShsOut": 41025000,
    "weightedAverageShsOutDil": 41025000,
    "link": "",
    "finalLink": ""
  },
  {
    "date": "1998-03-31",
    "symbol": "TPL",
    "reportedCurrency": "USD",
    "cik": "0001811074",
    "fillingDate": "1998-03-31",
    "acceptedDate": "1998-03-30 19:00:00",
    "calendarYear": "1998",
    "period": "Q1",
    "revenue": 3500000,
    "costOfRevenue": 0,
    "grossProfit": 3500000,
    "grossProfitRatio": 1,
    "researchAndDevelopmentExpenses": 0,
    "generalAndAdministrativeExpenses": 300000,
    "sellingAndMarketingExpenses": 0,
    "sellingGeneralAndAdministrativeExpenses": 300000,
    "otherExpenses": -500000,
    "operatingExpenses": -200000,
    "costAndExpenses": -200000,
    "interestIncome": 0,
    "interestExpense": 0,
    "depreciationAndAmortization": 0,
    "ebitda": 3700000,
    "ebitdaratio": 1.0571428571,
    "operatingIncome": 3700000,
    "operatingIncomeRatio": 1.0571428571,
    "totalOtherIncomeExpensesNet": -600000,
    "incomeBeforeTax": 3100000,
    "incomeBeforeTaxRatio": 0.8857142857,
    "incomeTaxExpense": 1000000,
    "netIncome": 2100000,
    "netIncomeRatio": 0.6,
    "eps": 0.05089058524173028,
    "epsdiluted": 0.05089058524173028,
    "weightedAverageShsOut": 41265000,
    "weightedAverageShsOutDil": 41265000,
    "link": "",
    "finalLink": ""
  },
  {
    "date": "1997-12-31",
    "symbol": "TPL",
    "reportedCurrency": "USD",
    "cik": "0001811074",
    "fillingDate": "1997-12-31",
    "acceptedDate": "1997-12-30 19:00:00",
    "calendarYear": "1997",
    "period": "Q4",
    "revenue": 1675037,
    "costOfRevenue": 0,
    "grossProfit": 1675037,
    "grossProfitRatio": 1,
    "researchAndDevelopmentExpenses": 0,
    "generalAndAdministrativeExpenses": -408605,
    "sellingAndMarketingExpenses": 0,
    "sellingGeneralAndAdministrativeExpenses": -408605,
    "otherExpenses": 5652525,
    "operatingExpenses": 5243920,
    "costAndExpenses": 5243920,
    "interestIncome": 0,
    "interestExpense": 0,
    "depreciationAndAmortization": 0,
    "ebitda": -3568883,
    "ebitdaratio": -2.1306293533,
    "operatingIncome": -3568883,
    "operatingIncomeRatio": -2.1306293533,
    "totalOtherIncomeExpensesNet": 4900000,
    "incomeBeforeTax": 1331117,
    "incomeBeforeTaxRatio": 0.7946791623,
    "incomeTaxExpense": 424376,
    "netIncome": 906741,
    "netIncomeRatio": 0.5413259528,
    "eps": 0.02208708631792084,
    "epsdiluted": 0.02197360959651036,
    "weightedAverageShsOut": 41052993,
    "weightedAverageShsOutDil": 41265000,
    "link": "",
    "finalLink": ""
  },
  {
    "date": "1997-09-30",
    "symbol": "TPL",
    "reportedCurrency": "USD",
    "cik": "0001811074",
    "fillingDate": "1997-09-30",
    "acceptedDate": "1997-09-29 20:00:00",
    "calendarYear": "1997",
    "period": "Q3",
    "revenue": 4100000,
    "costOfRevenue": 0,
    "grossProfit": 4100000,
    "grossProfitRatio": 1,
    "researchAndDevelopmentExpenses": 0,
    "generalAndAdministrativeExpenses": 300000,
    "sellingAndMarketingExpenses": 0,
    "sellingGeneralAndAdministrativeExpenses": 300000,
    "otherExpenses": -400000,
    "operatingExpenses": -100000,
    "costAndExpenses": -100000,
    "interestIncome": 0,
    "interestExpense": 0,
    "depreciationAndAmortization": 0,
    "ebitda": 4200000,
    "ebitdaratio": 1.0243902439,
    "operatingIncome": 4200000,
    "operatingIncomeRatio": 1.0243902439,
    "totalOtherIncomeExpensesNet": -500000,
    "incomeBeforeTax": 3700000,
    "incomeBeforeTaxRatio": 0.9024390244,
    "incomeTaxExpense": 1200000,
    "netIncome": 2500000,
    "netIncomeRatio": 0.6097560976,
    "eps": 0.05933333257386668,
    "epsdiluted": 0.05933333257386668,
    "weightedAverageShsOut": 42134832,
    "weightedAverageShsOutDil": 42134832,
    "link": "",
    "finalLink": ""
  },
  {
    "date": "1997-06-30",
    "symbol": "TPL",
    "reportedCurrency": "USD",
    "cik": "0001811074",
    "fillingDate": "1997-06-30",
    "acceptedDate": "1997-06-29 20:00:00",
    "calendarYear": "1997",
    "period": "Q2",
    "revenue": 3700000,
    "costOfRevenue": 0,
    "grossProfit": 3700000,
    "grossProfitRatio": 1,
    "researchAndDevelopmentExpenses": 0,
    "generalAndAdministrativeExpenses": 300000,
    "sellingAndMarketingExpenses": 0,
    "sellingGeneralAndAdministrativeExpenses": 300000,
    "otherExpenses": -2100000,
    "operatingExpenses": -1800000,
    "costAndExpenses": -1800000,
    "interestIncome": 0,
    "interestExpense": 0,
    "depreciationAndAmortization": 0,
    "ebitda": 5500000,
    "ebitdaratio": 1.4864864865,
    "operatingIncome": 5500000,
    "operatingIncomeRatio": 1.4864864865,
    "totalOtherIncomeExpensesNet": -3900000,
    "incomeBeforeTax": 1600000,
    "incomeBeforeTaxRatio": 0.4324324324,
    "incomeTaxExpense": 500000,
    "netIncome": 1100000,
    "netIncomeRatio": 0.2972972973,
    "eps": 0.026000000189090912,
    "epsdiluted": 0.026000000189090912,
    "weightedAverageShsOut": 42307692,
    "weightedAverageShsOutDil": 42307692,
    "link": "",
    "finalLink": ""
  },
  {
    "date": "1997-03-31",
    "symbol": "TPL",
    "reportedCurrency": "USD",
    "cik": "0001811074",
    "fillingDate": "1997-03-31",
    "acceptedDate": "1997-03-30 19:00:00",
    "calendarYear": "1997",
    "period": "Q1",
    "revenue": 3600000,
    "costOfRevenue": 0,
    "grossProfit": 3600000,
    "grossProfitRatio": 1,
    "researchAndDevelopmentExpenses": 0,
    "generalAndAdministrativeExpenses": 300000,
    "sellingAndMarketingExpenses": 0,
    "sellingGeneralAndAdministrativeExpenses": 300000,
    "otherExpenses": -500000,
    "operatingExpenses": -200000,
    "costAndExpenses": -200000,
    "interestIncome": 0,
    "interestExpense": 0,
    "depreciationAndAmortization": 0,
    "ebitda": 3800000,
    "ebitdaratio": 1.0555555556,
    "operatingIncome": 3800000,
    "operatingIncomeRatio": 1.0555555556,
    "totalOtherIncomeExpensesNet": -600000,
    "incomeBeforeTax": 3200000,
    "incomeBeforeTaxRatio": 0.8888888889,
    "incomeTaxExpense": 1000000,
    "netIncome": 2200000,
    "netIncomeRatio": 0.6111111111,
    "eps": 0.05133333436000002,
    "epsdiluted": 0.05133333436000002,
    "weightedAverageShsOut": 42857142,
    "weightedAverageShsOutDil": 42857142,
    "link": "",
    "finalLink": ""
  },
  {
    "date": "1996-12-31",
    "symbol": "TPL",
    "reportedCurrency": "USD",
    "cik": "0001811074",
    "fillingDate": "1996-12-31",
    "acceptedDate": "1996-12-30 19:00:00",
    "calendarYear": "1996",
    "period": "Q4",
    "revenue": 2681087,
    "costOfRevenue": 0,
    "grossProfit": 2681087,
    "grossProfitRatio": 1,
    "researchAndDevelopmentExpenses": 0,
    "generalAndAdministrativeExpenses": -369417,
    "sellingAndMarketingExpenses": 0,
    "sellingGeneralAndAdministrativeExpenses": -369417,
    "otherExpenses": 4111944,
    "operatingExpenses": 3742527,
    "costAndExpenses": 3742527,
    "interestIncome": 0,
    "interestExpense": 0,
    "depreciationAndAmortization": 0,
    "ebitda": -1061440,
    "ebitdaratio": -0.395899126,
    "operatingIncome": -1061440,
    "operatingIncomeRatio": -0.395899126,
    "totalOtherIncomeExpensesNet": 3300000,
    "incomeBeforeTax": 2238560,
    "incomeBeforeTaxRatio": 0.8349449309,
    "incomeTaxExpense": 674287,
    "netIncome": 1564273,
    "netIncomeRatio": 0.5834473107,
    "eps": 0.036499704063327414,
    "epsdiluted": 0.036499704063327414,
    "weightedAverageShsOut": 42857142,
    "weightedAverageShsOutDil": 42857142,
    "link": "",
    "finalLink": ""
  },
  {
    "date": "1996-09-30",
    "symbol": "TPL",
    "reportedCurrency": "USD",
    "cik": "0001811074",
    "fillingDate": "1996-09-30",
    "acceptedDate": "1996-09-29 20:00:00",
    "calendarYear": "1996",
    "period": "Q3",
    "revenue": 1800000,
    "costOfRevenue": 0,
    "grossProfit": 1800000,
    "grossProfitRatio": 1,
    "researchAndDevelopmentExpenses": 0,
    "generalAndAdministrativeExpenses": 200000,
    "sellingAndMarketingExpenses": 0,
    "sellingGeneralAndAdministrativeExpenses": 200000,
    "otherExpenses": -400000,
    "operatingExpenses": -200000,
    "costAndExpenses": -200000,
    "interestIncome": 0,
    "interestExpense": 0,
    "depreciationAndAmortization": 0,
    "ebitda": 2000000,
    "ebitdaratio": 1.1111111111,
    "operatingIncome": 2000000,
    "operatingIncomeRatio": 1.1111111111,
    "totalOtherIncomeExpensesNet": -600000,
    "incomeBeforeTax": 1400000,
    "incomeBeforeTaxRatio": 0.7777777778,
    "incomeTaxExpense": 400000,
    "netIncome": 1000000,
    "netIncomeRatio": 0.5555555556,
    "eps": 0.022000000220000003,
    "epsdiluted": 0.022000000220000003,
    "weightedAverageShsOut": 45454545,
    "weightedAverageShsOutDil": 45454545,
    "link": "",
    "finalLink": ""
  },
  {
    "date": "1996-06-30",
    "symbol": "TPL",
    "reportedCurrency": "USD",
    "cik": "0001811074",
    "fillingDate": "1996-08-13",
    "acceptedDate": "1996-08-13 00:00:00",
    "calendarYear": "1996",
    "period": "Q2",
    "revenue": 2700000,
    "costOfRevenue": 0,
    "grossProfit": 2700000,
    "grossProfitRatio": 1,
    "researchAndDevelopmentExpenses": 0,
    "generalAndAdministrativeExpenses": 200000,
    "sellingAndMarketingExpenses": 0,
    "sellingGeneralAndAdministrativeExpenses": 200000,
    "otherExpenses": -1300000,
    "operatingExpenses": -1100000,
    "costAndExpenses": -1100000,
    "interestIncome": 0,
    "interestExpense": 0,
    "depreciationAndAmortization": 0,
    "ebitda": 3800000,
    "ebitdaratio": 1.4074074074,
    "operatingIncome": 3800000,
    "operatingIncomeRatio": 1.4074074074,
    "totalOtherIncomeExpensesNet": -2200000,
    "incomeBeforeTax": 1600000,
    "incomeBeforeTaxRatio": 0.5925925926,
    "incomeTaxExpense": 500000,
    "netIncome": 1100000,
    "netIncomeRatio": 0.4074074074,
    "eps": 0.023999999650909095,
    "epsdiluted": 0.023999999650909095,
    "weightedAverageShsOut": 45833334,
    "weightedAverageShsOutDil": 45833334,
    "link": "https://www.sec.gov/Archives/edgar/data/97517/000095013496004185/0000950134-96-004185-index.html",
    "finalLink": "https://www.sec.gov/Archives/edgar/data/97517/0000950134-96-004185.txt"
  },
  {
    "date": "1996-03-31",
    "symbol": "TPL",
    "reportedCurrency": "USD",
    "cik": "0001811074",
    "fillingDate": "1996-03-31",
    "acceptedDate": "1996-03-30 19:00:00",
    "calendarYear": "1996",
    "period": "Q1",
    "revenue": 1400000,
    "costOfRevenue": 0,
    "grossProfit": 1400000,
    "grossProfitRatio": 1,
    "researchAndDevelopmentExpenses": 0,
    "generalAndAdministrativeExpenses": 300000,
    "sellingAndMarketingExpenses": 0,
    "sellingGeneralAndAdministrativeExpenses": 300000,
    "otherExpenses": -400000,
    "operatingExpenses": -100000,
    "costAndExpenses": -100000,
    "interestIncome": 0,
    "interestExpense": 0,
    "depreciationAndAmortization": 0,
    "ebitda": 1500000,
    "ebitdaratio": 1.0714285714,
    "operatingIncome": 1500000,
    "operatingIncomeRatio": 1.0714285714,
    "totalOtherIncomeExpensesNet": -500000,
    "incomeBeforeTax": 1000000,
    "incomeBeforeTaxRatio": 0.7142857143,
    "incomeTaxExpense": 300000,
    "netIncome": 700000,
    "netIncomeRatio": 0.5,
    "eps": 0.015333333640000005,
    "epsdiluted": 0.015333333640000005,
    "weightedAverageShsOut": 45652173,
    "weightedAverageShsOutDil": 45652173,
    "link": "",
    "finalLink": ""
  },
  {
    "date": "1995-12-31",
    "symbol": "TPL",
    "reportedCurrency": "USD",
    "cik": "0001811074",
    "fillingDate": "1995-12-31",
    "acceptedDate": "1995-12-30 19:00:00",
    "calendarYear": "1995",
    "period": "Q4",
    "revenue": 1540285,
    "costOfRevenue": 0,
    "grossProfit": 1540285,
    "grossProfitRatio": 1,
    "researchAndDevelopmentExpenses": 0,
    "generalAndAdministrativeExpenses": -444028,
    "sellingAndMarketingExpenses": 0,
    "sellingGeneralAndAdministrativeExpenses": -444028,
    "otherExpenses": 2532595,
    "operatingExpenses": 2088567,
    "costAndExpenses": 2088567,
    "interestIncome": 0,
    "interestExpense": 0,
    "depreciationAndAmortization": 0,
    "ebitda": -548282,
    "ebitdaratio": -0.3559613968,
    "operatingIncome": -548282,
    "operatingIncomeRatio": -0.3559613968,
    "totalOtherIncomeExpensesNet": 1700000,
    "incomeBeforeTax": 1151718,
    "incomeBeforeTaxRatio": 0.7477304525,
    "incomeTaxExpense": 322817,
    "netIncome": 828901,
    "netIncomeRatio": 0.5381478103,
    "eps": 0.018156879410756634,
    "epsdiluted": 0.018156879410756634,
    "weightedAverageShsOut": 45652173,
    "weightedAverageShsOutDil": 45652173,
    "link": "",
    "finalLink": ""
  },
  {
    "date": "1995-09-30",
    "symbol": "TPL",
    "reportedCurrency": "USD",
    "cik": "0001811074",
    "fillingDate": "1995-11-15",
    "acceptedDate": "1995-11-15 00:00:00",
    "calendarYear": "1995",
    "period": "Q3",
    "revenue": 1100000,
    "costOfRevenue": 0,
    "grossProfit": 1100000,
    "grossProfitRatio": 1,
    "researchAndDevelopmentExpenses": 0,
    "generalAndAdministrativeExpenses": 300000,
    "sellingAndMarketingExpenses": 0,
    "sellingGeneralAndAdministrativeExpenses": 300000,
    "otherExpenses": -400000,
    "operatingExpenses": -100000,
    "costAndExpenses": -100000,
    "interestIncome": 0,
    "interestExpense": 0,
    "depreciationAndAmortization": 0,
    "ebitda": 1200000,
    "ebitdaratio": 1.0909090909,
    "operatingIncome": 1200000,
    "operatingIncomeRatio": 1.0909090909,
    "totalOtherIncomeExpensesNet": -500000,
    "incomeBeforeTax": 700000,
    "incomeBeforeTaxRatio": 0.6363636364,
    "incomeTaxExpense": 200000,
    "netIncome": 500000,
    "netIncomeRatio": 0.4545454545,
    "eps": 0.010666666666666666,
    "epsdiluted": 0.010666666666666666,
    "weightedAverageShsOut": 46875000,
    "weightedAverageShsOutDil": 46875000,
    "link": "https://www.sec.gov/Archives/edgar/data/97517/000095013495002986/0000950134-95-002986-index.html",
    "finalLink": "https://www.sec.gov/Archives/edgar/data/97517/0000950134-95-002986.txt"
  }
]