[
  {
    "date": "2025-06-28",
    "symbol": "TPR",
    "reportedCurrency": "USD",
    "cik": "0001116132",
    "fillingDate": "2025-08-14",
    "acceptedDate": "2025-08-14 06:50:57",
    "calendarYear": "2025",
    "period": "Q4",
    "revenue": 1723200000,
    "costOfRevenue": 408100000,
    "grossProfit": 1315100000,
    "grossProfitRatio": 0.7631731662,
    "researchAndDevelopmentExpenses": 0,
    "generalAndAdministrativeExpenses": 0,
    "sellingAndMarketingExpenses": 0,
    "sellingGeneralAndAdministrativeExpenses": 1898600000,
    "otherExpenses": 0,
    "operatingExpenses": 1898600000,
    "costAndExpenses": 2306700000,
    "interestIncome": 0,
    "interestExpense": 14800000,
    "depreciationAndAmortization": 61500000,
    "ebitda": -517700000,
    "ebitdaratio": -0.3004294336,
    "operatingIncome": -583500000,
    "operatingIncomeRatio": -0.3386142061,
    "totalOtherIncomeExpensesNet": -10500000,
    "incomeBeforeTax": -594000000,
    "incomeBeforeTaxRatio": -0.3447075209,
    "incomeTaxExpense": -76900000,
    "netIncome": -517100000,
    "netIncomeRatio": -0.3000812442,
    "eps": -2.49,
    "epsdiluted": -2.49,
    "weightedAverageShsOut": 207800000,
    "weightedAverageShsOutDil": 207800000,
    "link": "https://www.sec.gov/Archives/edgar/data/1116132/000111613225000019/0001116132-25-000019-index.htm",
    "finalLink": "https://www.sec.gov/Archives/edgar/data/1116132/000111613225000019/tpr-20250628.htm"
  },
  {
    "date": "2025-03-29",
    "symbol": "TPR",
    "reportedCurrency": "USD",
    "cik": "0001116132",
    "fillingDate": "2025-05-08",
    "acceptedDate": "2025-05-08 06:50:44",
    "calendarYear": "2025",
    "period": "Q3",
    "revenue": 1584600000,
    "costOfRevenue": 378800000,
    "grossProfit": 1205800000,
    "grossProfitRatio": 0.7609491354,
    "researchAndDevelopmentExpenses": 0,
    "generalAndAdministrativeExpenses": 0,
    "sellingAndMarketingExpenses": 0,
    "sellingGeneralAndAdministrativeExpenses": 952100000,
    "otherExpenses": 0,
    "operatingExpenses": 952100000,
    "costAndExpenses": 1330900000,
    "interestIncome": 0,
    "interestExpense": 15400000,
    "depreciationAndAmortization": 53000000,
    "ebitda": 307500000,
    "ebitdaratio": 0.1940552821,
    "operatingIncome": 253700000,
    "operatingIncomeRatio": 0.1601034962,
    "totalOtherIncomeExpensesNet": -14600000,
    "incomeBeforeTax": 239100000,
    "incomeBeforeTaxRatio": 0.1508898145,
    "incomeTaxExpense": 35800000,
    "netIncome": 203300000,
    "netIncomeRatio": 0.1282973621,
    "eps": 0.98,
    "epsdiluted": 0.95,
    "weightedAverageShsOut": 207300000,
    "weightedAverageShsOutDil": 213900000,
    "link": "https://www.sec.gov/Archives/edgar/data/1116132/000111613225000013/0001116132-25-000013-index.htm",
    "finalLink": "https://www.sec.gov/Archives/edgar/data/1116132/000111613225000013/tpr-20250329.htm"
  },
  {
    "date": "2024-12-28",
    "symbol": "TPR",
    "reportedCurrency": "USD",
    "cik": "0001116132",
    "fillingDate": "2025-02-06",
    "acceptedDate": "2025-02-06 06:49:58",
    "calendarYear": "2025",
    "period": "Q2",
    "revenue": 2195400000,
    "costOfRevenue": 562300000,
    "grossProfit": 1633100000,
    "grossProfitRatio": 0.7438735538,
    "researchAndDevelopmentExpenses": 0,
    "generalAndAdministrativeExpenses": 0,
    "sellingAndMarketingExpenses": 0,
    "sellingGeneralAndAdministrativeExpenses": 1140300000,
    "otherExpenses": 0,
    "operatingExpenses": 1140300000,
    "costAndExpenses": 1702600000,
    "interestIncome": 0,
    "interestExpense": 24500000,
    "depreciationAndAmortization": 55500000,
    "ebitda": 425300000,
    "ebitdaratio": 0.1937232395,
    "operatingIncome": 492800000,
    "operatingIncomeRatio": 0.224469345,
    "totalOtherIncomeExpensesNet": -147500000,
    "incomeBeforeTax": 345300000,
    "incomeBeforeTaxRatio": 0.1572834108,
    "incomeTaxExpense": 34900000,
    "netIncome": 310400000,
    "netIncomeRatio": 0.1413865355,
    "eps": 1.41,
    "epsdiluted": 1.38,
    "weightedAverageShsOut": 219900000,
    "weightedAverageShsOutDil": 224900000,
    "link": "https://www.sec.gov/Archives/edgar/data/1116132/000111613225000005/0001116132-25-000005-index.htm",
    "finalLink": "https://www.sec.gov/Archives/edgar/data/1116132/000111613225000005/tpr-20241228.htm"
  },
  {
    "date": "2024-09-28",
    "symbol": "TPR",
    "reportedCurrency": "USD",
    "cik": "0001116132",
    "fillingDate": "2024-11-07",
    "acceptedDate": "2024-11-07 06:48:06",
    "calendarYear": "2025",
    "period": "Q1",
    "revenue": 1507500000,
    "costOfRevenue": 372600000,
    "grossProfit": 1134900000,
    "grossProfitRatio": 0.7528358209,
    "researchAndDevelopmentExpenses": 0,
    "generalAndAdministrativeExpenses": 0,
    "sellingAndMarketingExpenses": 0,
    "sellingGeneralAndAdministrativeExpenses": 882900000,
    "otherExpenses": 0,
    "operatingExpenses": 882900000,
    "costAndExpenses": 1255500000,
    "interestIncome": 0,
    "interestExpense": 30700000,
    "depreciationAndAmortization": 54900000,
    "ebitda": 311300000,
    "ebitdaratio": 0.2065008292,
    "operatingIncome": 252000000,
    "operatingIncomeRatio": 0.1671641791,
    "totalOtherIncomeExpensesNet": -26300000,
    "incomeBeforeTax": 225700000,
    "incomeBeforeTaxRatio": 0.1497180763,
    "incomeTaxExpense": 39100000,
    "netIncome": 186600000,
    "netIncomeRatio": 0.1237810945,
    "eps": 0.81,
    "epsdiluted": 0.79,
    "weightedAverageShsOut": 231500000,
    "weightedAverageShsOutDil": 235900000,
    "link": "https://www.sec.gov/Archives/edgar/data/1116132/000111613224000023/0001116132-24-000023-index.htm",
    "finalLink": "https://www.sec.gov/Archives/edgar/data/1116132/000111613224000023/tpr-20240928.htm"
  },
  {
    "date": "2024-06-29",
    "symbol": "TPR",
    "reportedCurrency": "USD",
    "cik": "0001116132",
    "fillingDate": "2024-08-15",
    "acceptedDate": "2024-08-15 16:01:33",
    "calendarYear": "2024",
    "period": "Q4",
    "revenue": 1591100000,
    "costOfRevenue": 399900000,
    "grossProfit": 1191200000,
    "grossProfitRatio": 0.748664446,
    "researchAndDevelopmentExpenses": 0,
    "generalAndAdministrativeExpenses": 85000000,
    "sellingAndMarketingExpenses": 837900000,
    "sellingGeneralAndAdministrativeExpenses": 922900000,
    "otherExpenses": 33300000,
    "operatingExpenses": 956200000,
    "costAndExpenses": 1356100000,
    "interestIncome": 0,
    "interestExpense": 30500000,
    "depreciationAndAmortization": 103200000,
    "ebitda": 334500000,
    "ebitdaratio": 0.210231915,
    "operatingIncome": 235000000,
    "operatingIncomeRatio": 0.1476965621,
    "totalOtherIncomeExpensesNet": -34200000,
    "incomeBeforeTax": 200800000,
    "incomeBeforeTaxRatio": 0.1262019986,
    "incomeTaxExpense": 41500000,
    "netIncome": 159300000,
    "netIncomeRatio": 0.1001194142,
    "eps": 0.69,
    "epsdiluted": 0.68,
    "weightedAverageShsOut": 230000000,
    "weightedAverageShsOutDil": 234700000,
    "link": "https://www.sec.gov/Archives/edgar/data/1116132/000111613224000018/0001116132-24-000018-index.htm",
    "finalLink": "https://www.sec.gov/Archives/edgar/data/1116132/000111613224000018/tpr-20240629.htm"
  },
  {
    "date": "2024-03-30",
    "symbol": "TPR",
    "reportedCurrency": "USD",
    "cik": "0001116132",
    "fillingDate": "2024-05-09",
    "acceptedDate": "2024-05-09 16:02:14",
    "calendarYear": "2024",
    "period": "Q3",
    "revenue": 1482400000,
    "costOfRevenue": 375000000,
    "grossProfit": 1107400000,
    "grossProfitRatio": 0.7470318403,
    "researchAndDevelopmentExpenses": 0,
    "generalAndAdministrativeExpenses": 0,
    "sellingAndMarketingExpenses": 0,
    "sellingGeneralAndAdministrativeExpenses": 903100000,
    "otherExpenses": 0,
    "operatingExpenses": 903100000,
    "costAndExpenses": 1278100000,
    "interestIncome": 0,
    "interestExpense": 32000000,
    "depreciationAndAmortization": 54300000,
    "ebitda": 255800000,
    "ebitdaratio": 0.172558014,
    "operatingIncome": 204300000,
    "operatingIncomeRatio": 0.1378170534,
    "totalOtherIncomeExpensesNet": -34800000,
    "incomeBeforeTax": 169500000,
    "incomeBeforeTaxRatio": 0.1143416082,
    "incomeTaxExpense": 30100000,
    "netIncome": 139400000,
    "netIncomeRatio": 0.0940366972,
    "eps": 0.61,
    "epsdiluted": 0.6,
    "weightedAverageShsOut": 229500000,
    "weightedAverageShsOutDil": 234200000,
    "link": "https://www.sec.gov/Archives/edgar/data/1116132/000111613224000013/0001116132-24-000013-index.htm",
    "finalLink": "https://www.sec.gov/Archives/edgar/data/1116132/000111613224000013/tpr-20240330.htm"
  },
  {
    "date": "2023-12-30",
    "symbol": "TPR",
    "reportedCurrency": "USD",
    "cik": "0001116132",
    "fillingDate": "2024-02-08",
    "acceptedDate": "2024-02-08 16:02:02",
    "calendarYear": "2024",
    "period": "Q2",
    "revenue": 2084500000,
    "costOfRevenue": 591300000,
    "grossProfit": 1493200000,
    "grossProfitRatio": 0.7163348525,
    "researchAndDevelopmentExpenses": 0,
    "generalAndAdministrativeExpenses": 0,
    "sellingAndMarketingExpenses": 0,
    "sellingGeneralAndAdministrativeExpenses": 1045600000,
    "otherExpenses": 0,
    "operatingExpenses": 1045600000,
    "costAndExpenses": 1636900000,
    "interestIncome": 0,
    "interestExpense": 49200000,
    "depreciationAndAmortization": 54900000,
    "ebitda": 507200000,
    "ebitdaratio": 0.2433197409,
    "operatingIncome": 447600000,
    "operatingIncomeRatio": 0.2147277525,
    "totalOtherIncomeExpensesNet": -44500000,
    "incomeBeforeTax": 403100000,
    "incomeBeforeTaxRatio": 0.1933797074,
    "incomeTaxExpense": 80800000,
    "netIncome": 322300000,
    "netIncomeRatio": 0.1546174142,
    "eps": 1.41,
    "epsdiluted": 1.39,
    "weightedAverageShsOut": 229300000,
    "weightedAverageShsOutDil": 231700000,
    "link": "https://www.sec.gov/Archives/edgar/data/1116132/000111613224000007/0001116132-24-000007-index.htm",
    "finalLink": "https://www.sec.gov/Archives/edgar/data/1116132/000111613224000007/tpr-20231230.htm"
  },
  {
    "date": "2023-09-30",
    "symbol": "TPR",
    "reportedCurrency": "USD",
    "cik": "0001116132",
    "fillingDate": "2023-11-09",
    "acceptedDate": "2023-11-09 16:01:29",
    "calendarYear": "2024",
    "period": "Q1",
    "revenue": 1513200000,
    "costOfRevenue": 415500000,
    "grossProfit": 1097700000,
    "grossProfitRatio": 0.7254163362,
    "researchAndDevelopmentExpenses": 0,
    "generalAndAdministrativeExpenses": 0,
    "sellingAndMarketingExpenses": 0,
    "sellingGeneralAndAdministrativeExpenses": 844500000,
    "otherExpenses": 0,
    "operatingExpenses": 844500000,
    "costAndExpenses": 1260000000,
    "interestIncome": 0,
    "interestExpense": 13300000,
    "depreciationAndAmortization": 57700000,
    "ebitda": 309500000,
    "ebitdaratio": 0.2045334391,
    "operatingIncome": 253200000,
    "operatingIncomeRatio": 0.1673275178,
    "totalOtherIncomeExpensesNet": -14700000,
    "incomeBeforeTax": 238500000,
    "incomeBeforeTaxRatio": 0.1576130056,
    "incomeTaxExpense": 43500000,
    "netIncome": 195000000,
    "netIncomeRatio": 0.1288659794,
    "eps": 0.85,
    "epsdiluted": 0.84,
    "weightedAverageShsOut": 228300000,
    "weightedAverageShsOutDil": 232500000,
    "link": "https://www.sec.gov/Archives/edgar/data/1116132/000111613223000027/0001116132-23-000027-index.htm",
    "finalLink": "https://www.sec.gov/Archives/edgar/data/1116132/000111613223000027/tpr-20230930.htm"
  },
  {
    "date": "2023-07-01",
    "symbol": "TPR",
    "reportedCurrency": "USD",
    "cik": "0001116132",
    "fillingDate": "2023-08-17",
    "acceptedDate": "2023-08-17 16:13:14",
    "calendarYear": "2023",
    "period": "Q4",
    "revenue": 1619500000,
    "costOfRevenue": 446800000,
    "grossProfit": 1172700000,
    "grossProfitRatio": 0.7241123804,
    "researchAndDevelopmentExpenses": 0,
    "generalAndAdministrativeExpenses": 111400000,
    "sellingAndMarketingExpenses": 787700000,
    "sellingGeneralAndAdministrativeExpenses": 899100000,
    "otherExpenses": 0,
    "operatingExpenses": 899100000,
    "costAndExpenses": 1345900000,
    "interestIncome": 0,
    "interestExpense": 6200000,
    "depreciationAndAmortization": 51700000,
    "ebitda": 324700000,
    "ebitdaratio": 0.2004939796,
    "operatingIncome": 273600000,
    "operatingIncomeRatio": 0.1689410312,
    "totalOtherIncomeExpensesNet": -6800000,
    "incomeBeforeTax": 266800000,
    "incomeBeforeTaxRatio": 0.1647422044,
    "incomeTaxExpense": 42700000,
    "netIncome": 224100000,
    "netIncomeRatio": 0.138376042,
    "eps": 0.97,
    "epsdiluted": 0.95,
    "weightedAverageShsOut": 230200000,
    "weightedAverageShsOutDil": 235400000,
    "link": "https://www.sec.gov/Archives/edgar/data/1116132/000111613223000020/0001116132-23-000020-index.htm",
    "finalLink": "https://www.sec.gov/Archives/edgar/data/1116132/000111613223000020/tpr-20230701.htm"
  },
  {
    "date": "2023-04-01",
    "symbol": "TPR",
    "reportedCurrency": "USD",
    "cik": "0001116132",
    "fillingDate": "2023-05-11",
    "acceptedDate": "2023-05-11 16:05:44",
    "calendarYear": "2023",
    "period": "Q3",
    "revenue": 1509500000,
    "costOfRevenue": 411200000,
    "grossProfit": 1098300000,
    "grossProfitRatio": 0.7275919179,
    "researchAndDevelopmentExpenses": 0,
    "generalAndAdministrativeExpenses": 0,
    "sellingAndMarketingExpenses": 0,
    "sellingGeneralAndAdministrativeExpenses": 872000000,
    "otherExpenses": 0,
    "operatingExpenses": 872000000,
    "costAndExpenses": 1283200000,
    "interestIncome": 0,
    "interestExpense": 6100000,
    "depreciationAndAmortization": 41900000,
    "ebitda": 271200000,
    "ebitdaratio": 0.1796621398,
    "operatingIncome": 226300000,
    "operatingIncomeRatio": 0.1499171911,
    "totalOtherIncomeExpensesNet": -3100000,
    "incomeBeforeTax": 223200000,
    "incomeBeforeTaxRatio": 0.147863531,
    "incomeTaxExpense": 36500000,
    "netIncome": 186700000,
    "netIncomeRatio": 0.1236833389,
    "eps": 0.8,
    "epsdiluted": 0.78,
    "weightedAverageShsOut": 234600000,
    "weightedAverageShsOutDil": 239700000,
    "link": "https://www.sec.gov/Archives/edgar/data/1116132/000111613223000013/0001116132-23-000013-index.htm",
    "finalLink": "https://www.sec.gov/Archives/edgar/data/1116132/000111613223000013/tpr-20230401.htm"
  },
  {
    "date": "2022-12-31",
    "symbol": "TPR",
    "reportedCurrency": "USD",
    "cik": "0001116132",
    "fillingDate": "2023-02-09",
    "acceptedDate": "2023-02-09 16:05:52",
    "calendarYear": "2023",
    "period": "Q2",
    "revenue": 2025400000,
    "costOfRevenue": 636100000,
    "grossProfit": 1389300000,
    "grossProfitRatio": 0.68593858,
    "researchAndDevelopmentExpenses": 0,
    "generalAndAdministrativeExpenses": 0,
    "sellingAndMarketingExpenses": 0,
    "sellingGeneralAndAdministrativeExpenses": 971100000,
    "otherExpenses": 0,
    "operatingExpenses": 971100000,
    "costAndExpenses": 1607200000,
    "interestIncome": 0,
    "interestExpense": 7900000,
    "depreciationAndAmortization": 44800000,
    "ebitda": 469600000,
    "ebitdaratio": 0.231855436,
    "operatingIncome": 418200000,
    "operatingIncomeRatio": 0.2064777328,
    "totalOtherIncomeExpensesNet": -1300000,
    "incomeBeforeTax": 416900000,
    "incomeBeforeTaxRatio": 0.2058358843,
    "incomeTaxExpense": 87000000,
    "netIncome": 329900000,
    "netIncomeRatio": 0.1628814061,
    "eps": 1.38,
    "epsdiluted": 1.36,
    "weightedAverageShsOut": 239300000,
    "weightedAverageShsOutDil": 243300000,
    "link": "https://www.sec.gov/Archives/edgar/data/1116132/000111613223000007/0001116132-23-000007-index.htm",
    "finalLink": "https://www.sec.gov/Archives/edgar/data/1116132/000111613223000007/tpr-20221231.htm"
  },
  {
    "date": "2022-10-01",
    "symbol": "TPR",
    "reportedCurrency": "USD",
    "cik": "0001116132",
    "fillingDate": "2022-11-10",
    "acceptedDate": "2022-11-10 16:15:00",
    "calendarYear": "2023",
    "period": "Q1",
    "revenue": 1506500000,
    "costOfRevenue": 451900000,
    "grossProfit": 1054600000,
    "grossProfitRatio": 0.7000331895,
    "researchAndDevelopmentExpenses": 0,
    "generalAndAdministrativeExpenses": 0,
    "sellingAndMarketingExpenses": 0,
    "sellingGeneralAndAdministrativeExpenses": 800300000,
    "otherExpenses": 0,
    "operatingExpenses": 800300000,
    "costAndExpenses": 1252200000,
    "interestIncome": 0,
    "interestExpense": 7400000,
    "depreciationAndAmortization": 43800000,
    "ebitda": 287400000,
    "ebitdaratio": 0.1907733156,
    "operatingIncome": 254300000,
    "operatingIncomeRatio": 0.1688018586,
    "totalOtherIncomeExpensesNet": -18100000,
    "incomeBeforeTax": 236200000,
    "incomeBeforeTaxRatio": 0.1567872552,
    "incomeTaxExpense": 40900000,
    "netIncome": 195300000,
    "netIncomeRatio": 0.1296382343,
    "eps": 0.81,
    "epsdiluted": 0.79,
    "weightedAverageShsOut": 241500000,
    "weightedAverageShsOutDil": 246800000,
    "link": "https://www.sec.gov/Archives/edgar/data/1116132/000111613222000026/0001116132-22-000026-index.htm",
    "finalLink": "https://www.sec.gov/Archives/edgar/data/1116132/000111613222000026/tpr-20221001.htm"
  },
  {
    "date": "2022-07-02",
    "symbol": "TPR",
    "reportedCurrency": "USD",
    "cik": "0001116132",
    "fillingDate": "2022-08-18",
    "acceptedDate": "2022-08-18 16:12:31",
    "calendarYear": "2022",
    "period": "Q4",
    "revenue": 1624900000,
    "costOfRevenue": 505700000,
    "grossProfit": 1119200000,
    "grossProfitRatio": 0.6887808481,
    "researchAndDevelopmentExpenses": 0,
    "generalAndAdministrativeExpenses": 88300000,
    "sellingAndMarketingExpenses": 782400000,
    "sellingGeneralAndAdministrativeExpenses": 870700000,
    "otherExpenses": 0,
    "operatingExpenses": 870700000,
    "costAndExpenses": 1376400000,
    "interestIncome": 0,
    "interestExpense": 11900000,
    "depreciationAndAmortization": 47200000,
    "ebitda": 306800000,
    "ebitdaratio": 0.1888116192,
    "operatingIncome": 248500000,
    "operatingIncomeRatio": 0.1529324882,
    "totalOtherIncomeExpensesNet": -20000000,
    "incomeBeforeTax": 228500000,
    "incomeBeforeTaxRatio": 0.1406240384,
    "incomeTaxExpense": 39700000,
    "netIncome": 188800000,
    "netIncomeRatio": 0.1161917656,
    "eps": 0.76,
    "epsdiluted": 0.75,
    "weightedAverageShsOut": 248100000,
    "weightedAverageShsOutDil": 252300000,
    "link": "https://www.sec.gov/Archives/edgar/data/1116132/000111613222000018/0001116132-22-000018-index.htm",
    "finalLink": "https://www.sec.gov/Archives/edgar/data/1116132/000111613222000018/tpr-20220702.htm"
  },
  {
    "date": "2022-04-02",
    "symbol": "TPR",
    "reportedCurrency": "USD",
    "cik": "0001116132",
    "fillingDate": "2022-05-12",
    "acceptedDate": "2022-05-12 16:04:17",
    "calendarYear": "2022",
    "period": "Q3",
    "revenue": 1437500000,
    "costOfRevenue": 432400000,
    "grossProfit": 1005100000,
    "grossProfitRatio": 0.6992,
    "researchAndDevelopmentExpenses": 0,
    "generalAndAdministrativeExpenses": 0,
    "sellingAndMarketingExpenses": 0,
    "sellingGeneralAndAdministrativeExpenses": 835600000,
    "otherExpenses": 0,
    "operatingExpenses": 835600000,
    "costAndExpenses": 1268000000,
    "interestIncome": 0,
    "interestExpense": 14800000,
    "depreciationAndAmortization": 48500000,
    "ebitda": 215000000,
    "ebitdaratio": 0.1495652174,
    "operatingIncome": 169500000,
    "operatingIncomeRatio": 0.1179130435,
    "totalOtherIncomeExpensesNet": -17800000,
    "incomeBeforeTax": 151700000,
    "incomeBeforeTaxRatio": 0.1055304348,
    "incomeTaxExpense": 29000000,
    "netIncome": 122700000,
    "netIncomeRatio": 0.0853565217,
    "eps": 0.47,
    "epsdiluted": 0.46,
    "weightedAverageShsOut": 265500000,
    "weightedAverageShsOutDil": 265500000,
    "link": "https://www.sec.gov/Archives/edgar/data/1116132/000111613222000013/0001116132-22-000013-index.htm",
    "finalLink": "https://www.sec.gov/Archives/edgar/data/1116132/000111613222000013/tpr-20220402.htm"
  },
  {
    "date": "2022-01-01",
    "symbol": "TPR",
    "reportedCurrency": "USD",
    "cik": "0001116132",
    "fillingDate": "2022-02-10",
    "acceptedDate": "2022-02-10 16:03:10",
    "calendarYear": "2022",
    "period": "Q2",
    "revenue": 2141200000,
    "costOfRevenue": 683800000,
    "grossProfit": 1457400000,
    "grossProfitRatio": 0.6806463665,
    "researchAndDevelopmentExpenses": 0,
    "generalAndAdministrativeExpenses": 0,
    "sellingAndMarketingExpenses": 0,
    "sellingGeneralAndAdministrativeExpenses": 994600000,
    "otherExpenses": 0,
    "operatingExpenses": 994600000,
    "costAndExpenses": 1678400000,
    "interestIncome": 0,
    "interestExpense": 15900000,
    "depreciationAndAmortization": 48800000,
    "ebitda": 524900000,
    "ebitdaratio": 0.2451429105,
    "operatingIncome": 462800000,
    "operatingIncomeRatio": 0.216140482,
    "totalOtherIncomeExpensesNet": -72700000,
    "incomeBeforeTax": 390100000,
    "incomeBeforeTaxRatio": 0.1821875584,
    "incomeTaxExpense": 72200000,
    "netIncome": 317900000,
    "netIncomeRatio": 0.1484681487,
    "eps": 1.17,
    "epsdiluted": 1.15,
    "weightedAverageShsOut": 271100000,
    "weightedAverageShsOutDil": 277200000,
    "link": "https://www.sec.gov/Archives/edgar/data/1116132/000111613222000007/0001116132-22-000007-index.htm",
    "finalLink": "https://www.sec.gov/Archives/edgar/data/1116132/000111613222000007/tpr-20220101.htm"
  },
  {
    "date": "2021-10-02",
    "symbol": "TPR",
    "reportedCurrency": "USD",
    "cik": "0001116132",
    "fillingDate": "2021-11-12",
    "acceptedDate": "2021-11-12 06:09:30",
    "calendarYear": "2022",
    "period": "Q1",
    "revenue": 1480900000,
    "costOfRevenue": 412200000,
    "grossProfit": 1068700000,
    "grossProfitRatio": 0.7216557499,
    "researchAndDevelopmentExpenses": 0,
    "generalAndAdministrativeExpenses": 0,
    "sellingAndMarketingExpenses": 0,
    "sellingGeneralAndAdministrativeExpenses": 773700000,
    "otherExpenses": 0,
    "operatingExpenses": 773700000,
    "costAndExpenses": 1185900000,
    "interestIncome": 0,
    "interestExpense": 16100000,
    "depreciationAndAmortization": 50800000,
    "ebitda": 343600000,
    "ebitdaratio": 0.2320210683,
    "operatingIncome": 295000000,
    "operatingIncomeRatio": 0.1992031873,
    "totalOtherIncomeExpensesNet": -18300000,
    "incomeBeforeTax": 276700000,
    "incomeBeforeTaxRatio": 0.186845837,
    "incomeTaxExpense": 49800000,
    "netIncome": 226900000,
    "netIncomeRatio": 0.1532176379,
    "eps": 0.82,
    "epsdiluted": 0.8,
    "weightedAverageShsOut": 278200000,
    "weightedAverageShsOutDil": 285200000,
    "link": "https://www.sec.gov/Archives/edgar/data/1116132/000111613221000026/0001116132-21-000026-index.htm",
    "finalLink": "https://www.sec.gov/Archives/edgar/data/1116132/000111613221000026/tpr-20211002.htm"
  },
  {
    "date": "2021-07-03",
    "symbol": "TPR",
    "reportedCurrency": "USD",
    "cik": "0001116132",
    "fillingDate": "2021-08-19",
    "acceptedDate": "2021-08-19 16:06:34",
    "calendarYear": "2021",
    "period": "Q4",
    "revenue": 1615400000,
    "costOfRevenue": 449300000,
    "grossProfit": 1166100000,
    "grossProfitRatio": 0.7218645537,
    "researchAndDevelopmentExpenses": 0,
    "generalAndAdministrativeExpenses": 332600000,
    "sellingAndMarketingExpenses": 573800000,
    "sellingGeneralAndAdministrativeExpenses": 906400000,
    "otherExpenses": 0,
    "operatingExpenses": 906400000,
    "costAndExpenses": 1355700000,
    "interestIncome": 0,
    "interestExpense": 16400000,
    "depreciationAndAmortization": 51500000,
    "ebitda": 311500000,
    "ebitdaratio": 0.1928314968,
    "operatingIncome": 259700000,
    "operatingIncomeRatio": 0.1607651356,
    "totalOtherIncomeExpensesNet": -17500000,
    "incomeBeforeTax": 242200000,
    "incomeBeforeTaxRatio": 0.1499319054,
    "incomeTaxExpense": 42400000,
    "netIncome": 199800000,
    "netIncomeRatio": 0.1236845363,
    "eps": 0.72,
    "epsdiluted": 0.69,
    "weightedAverageShsOut": 279200000,
    "weightedAverageShsOutDil": 287600000,
    "link": "https://www.sec.gov/Archives/edgar/data/1116132/000111613221000020/0001116132-21-000020-index.htm",
    "finalLink": "https://www.sec.gov/Archives/edgar/data/1116132/000111613221000020/tpr-20210703.htm"
  },
  {
    "date": "2021-03-27",
    "symbol": "TPR",
    "reportedCurrency": "USD",
    "cik": "0001116132",
    "fillingDate": "2021-05-06",
    "acceptedDate": "2021-05-06 16:03:47",
    "calendarYear": "2021",
    "period": "Q3",
    "revenue": 1273300000,
    "costOfRevenue": 361400000,
    "grossProfit": 911900000,
    "grossProfitRatio": 0.7161705804,
    "researchAndDevelopmentExpenses": 0,
    "generalAndAdministrativeExpenses": 0,
    "sellingAndMarketingExpenses": 0,
    "sellingGeneralAndAdministrativeExpenses": 795200000,
    "otherExpenses": 0,
    "operatingExpenses": 795200000,
    "costAndExpenses": 1156600000,
    "interestIncome": 0,
    "interestExpense": 16900000,
    "depreciationAndAmortization": 64800000,
    "ebitda": 177100000,
    "ebitdaratio": 0.1390874107,
    "operatingIncome": 116700000,
    "operatingIncomeRatio": 0.0916516139,
    "totalOtherIncomeExpensesNet": -21300000,
    "incomeBeforeTax": 95400000,
    "incomeBeforeTaxRatio": 0.0749234273,
    "incomeTaxExpense": 3700000,
    "netIncome": 91700000,
    "netIncomeRatio": 0.0720175921,
    "eps": 0.33,
    "epsdiluted": 0.32,
    "weightedAverageShsOut": 278200000,
    "weightedAverageShsOutDil": 285600000,
    "link": "https://www.sec.gov/Archives/edgar/data/1116132/000111613221000013/0001116132-21-000013-index.htm",
    "finalLink": "https://www.sec.gov/Archives/edgar/data/1116132/000111613221000013/tpr-20210327.htm"
  },
  {
    "date": "2020-12-26",
    "symbol": "TPR",
    "reportedCurrency": "USD",
    "cik": "0001116132",
    "fillingDate": "2021-02-04",
    "acceptedDate": "2021-02-04 16:10:49",
    "calendarYear": "2021",
    "period": "Q2",
    "revenue": 1685400000,
    "costOfRevenue": 511700000,
    "grossProfit": 1173700000,
    "grossProfitRatio": 0.6963925478,
    "researchAndDevelopmentExpenses": 0,
    "generalAndAdministrativeExpenses": 0,
    "sellingAndMarketingExpenses": 0,
    "sellingGeneralAndAdministrativeExpenses": 784300000,
    "otherExpenses": 0,
    "operatingExpenses": 784300000,
    "costAndExpenses": 1296000000,
    "interestIncome": 0,
    "interestExpense": 18700000,
    "depreciationAndAmortization": 51200000,
    "ebitda": 444200000,
    "ebitdaratio": 0.2635576124,
    "operatingIncome": 389400000,
    "operatingIncomeRatio": 0.2310430758,
    "totalOtherIncomeExpensesNet": -15100000,
    "incomeBeforeTax": 374300000,
    "incomeBeforeTaxRatio": 0.2220837783,
    "incomeTaxExpense": 63300000,
    "netIncome": 311000000,
    "netIncomeRatio": 0.1845259286,
    "eps": 1.12,
    "epsdiluted": 1.11,
    "weightedAverageShsOut": 277500000,
    "weightedAverageShsOutDil": 281000000,
    "link": "https://www.sec.gov/Archives/edgar/data/1116132/000111613221000007/0001116132-21-000007-index.htm",
    "finalLink": "https://www.sec.gov/Archives/edgar/data/1116132/000111613221000007/tpr-20201226.htm"
  },
  {
    "date": "2020-09-26",
    "symbol": "TPR",
    "reportedCurrency": "USD",
    "cik": "0001116132",
    "fillingDate": "2020-11-04",
    "acceptedDate": "2020-11-04 16:16:13",
    "calendarYear": "2021",
    "period": "Q1",
    "revenue": 1172200000,
    "costOfRevenue": 342000000,
    "grossProfit": 830200000,
    "grossProfitRatio": 0.7082409145,
    "researchAndDevelopmentExpenses": 0,
    "generalAndAdministrativeExpenses": 0,
    "sellingAndMarketingExpenses": 0,
    "sellingGeneralAndAdministrativeExpenses": 628000000,
    "otherExpenses": 0,
    "operatingExpenses": 628000000,
    "costAndExpenses": 970000000,
    "interestIncome": 0,
    "interestExpense": 19400000,
    "depreciationAndAmortization": 51200000,
    "ebitda": 256000000,
    "ebitdaratio": 0.2183927657,
    "operatingIncome": 202200000,
    "operatingIncomeRatio": 0.1724961611,
    "totalOtherIncomeExpensesNet": -16800000,
    "incomeBeforeTax": 185400000,
    "incomeBeforeTaxRatio": 0.1581641358,
    "incomeTaxExpense": -46300000,
    "netIncome": 231700000,
    "netIncomeRatio": 0.1976625149,
    "eps": 0.84,
    "epsdiluted": 0.83,
    "weightedAverageShsOut": 276800000,
    "weightedAverageShsOutDil": 277900000,
    "link": "https://www.sec.gov/Archives/edgar/data/1116132/000111613220000029/0001116132-20-000029-index.htm",
    "finalLink": "https://www.sec.gov/Archives/edgar/data/1116132/000111613220000029/tpr-20200926.htm"
  },
  {
    "date": "2020-06-27",
    "symbol": "TPR",
    "reportedCurrency": "USD",
    "cik": "0001116132",
    "fillingDate": "2020-08-13",
    "acceptedDate": "2020-08-13 16:41:46",
    "calendarYear": "2020",
    "period": "Q4",
    "revenue": 714800000,
    "costOfRevenue": 215900000,
    "grossProfit": 498900000,
    "grossProfitRatio": 0.6979574706,
    "researchAndDevelopmentExpenses": 0,
    "generalAndAdministrativeExpenses": 412800000,
    "sellingAndMarketingExpenses": 366100000,
    "sellingGeneralAndAdministrativeExpenses": 778900000,
    "otherExpenses": 0,
    "operatingExpenses": 778900000,
    "costAndExpenses": 994800000,
    "interestIncome": 0,
    "interestExpense": 20300000,
    "depreciationAndAmortization": 53400000,
    "ebitda": -225100000,
    "ebitdaratio": -0.3149132625,
    "operatingIncome": -280000000,
    "operatingIncomeRatio": -0.3917179631,
    "totalOtherIncomeExpensesNet": -20800000,
    "incomeBeforeTax": -300800000,
    "incomeBeforeTaxRatio": -0.4208170118,
    "incomeTaxExpense": -7000000,
    "netIncome": -293800000,
    "netIncomeRatio": -0.4110240627,
    "eps": -1.07,
    "epsdiluted": -1.06,
    "weightedAverageShsOut": 275738000,
    "weightedAverageShsOutDil": 276200000,
    "link": "https://www.sec.gov/Archives/edgar/data/1116132/000111613220000022/0001116132-20-000022-index.htm",
    "finalLink": "https://www.sec.gov/Archives/edgar/data/1116132/000111613220000022/tpr6272020-10k.htm"
  },
  {
    "date": "2020-03-28",
    "symbol": "TPR",
    "reportedCurrency": "USD",
    "cik": "0001116132",
    "fillingDate": "2020-05-06",
    "acceptedDate": "2020-05-06 16:37:49",
    "calendarYear": "2020",
    "period": "Q3",
    "revenue": 1072700000,
    "costOfRevenue": 456500000,
    "grossProfit": 616200000,
    "grossProfitRatio": 0.5744383332,
    "researchAndDevelopmentExpenses": 0,
    "generalAndAdministrativeExpenses": 0,
    "sellingAndMarketingExpenses": 0,
    "sellingGeneralAndAdministrativeExpenses": 1301700000,
    "otherExpenses": 0,
    "operatingExpenses": 1301700000,
    "costAndExpenses": 1758200000,
    "interestIncome": 0,
    "interestExpense": 13500000,
    "depreciationAndAmortization": 69900000,
    "ebitda": -621600000,
    "ebitdaratio": -0.5794723595,
    "operatingIncome": -685500000,
    "operatingIncomeRatio": -0.6390416706,
    "totalOtherIncomeExpensesNet": -19500000,
    "incomeBeforeTax": -705000000,
    "incomeBeforeTaxRatio": -0.6572200988,
    "incomeTaxExpense": -27900000,
    "netIncome": -677100000,
    "netIncomeRatio": -0.631210963,
    "eps": -2.45,
    "epsdiluted": -2.45,
    "weightedAverageShsOut": 276100000,
    "weightedAverageShsOutDil": 276100000,
    "link": "https://www.sec.gov/Archives/edgar/data/1116132/000111613220000012/0001116132-20-000012-index.htm",
    "finalLink": "https://www.sec.gov/Archives/edgar/data/1116132/000111613220000012/tpr328202010q.htm"
  },
  {
    "date": "2019-12-28",
    "symbol": "TPR",
    "reportedCurrency": "USD",
    "cik": "0001116132",
    "fillingDate": "2020-02-06",
    "acceptedDate": "2020-02-06 16:16:44",
    "calendarYear": "2020",
    "period": "Q2",
    "revenue": 1816000000,
    "costOfRevenue": 606300000,
    "grossProfit": 1209700000,
    "grossProfitRatio": 0.6661343612,
    "researchAndDevelopmentExpenses": 0,
    "generalAndAdministrativeExpenses": 0,
    "sellingAndMarketingExpenses": 0,
    "sellingGeneralAndAdministrativeExpenses": 846600000,
    "otherExpenses": 0,
    "operatingExpenses": 846600000,
    "costAndExpenses": 1452900000,
    "interestIncome": 0,
    "interestExpense": 14000000,
    "depreciationAndAmortization": 60800000,
    "ebitda": 427800000,
    "ebitdaratio": 0.2355726872,
    "operatingIncome": 363100000,
    "operatingIncomeRatio": 0.1999449339,
    "totalOtherIncomeExpensesNet": -8100000,
    "incomeBeforeTax": 355000000,
    "incomeBeforeTaxRatio": 0.1954845815,
    "incomeTaxExpense": 56200000,
    "netIncome": 298800000,
    "netIncomeRatio": 0.1645374449,
    "eps": 1.08,
    "epsdiluted": 1.08,
    "weightedAverageShsOut": 276000000,
    "weightedAverageShsOutDil": 276700000,
    "link": "https://www.sec.gov/Archives/edgar/data/1116132/000111613220000007/0001116132-20-000007-index.htm",
    "finalLink": "https://www.sec.gov/Archives/edgar/data/1116132/000111613220000007/tpr1228201910q.htm"
  },
  {
    "date": "2019-09-28",
    "symbol": "TPR",
    "reportedCurrency": "USD",
    "cik": "0001116132",
    "fillingDate": "2019-11-07",
    "acceptedDate": "2019-11-07 16:48:44",
    "calendarYear": "2020",
    "period": "Q1",
    "revenue": 1357900000,
    "costOfRevenue": 443400000,
    "grossProfit": 914500000,
    "grossProfitRatio": 0.6734663819,
    "researchAndDevelopmentExpenses": 0,
    "generalAndAdministrativeExpenses": 0,
    "sellingAndMarketingExpenses": 0,
    "sellingGeneralAndAdministrativeExpenses": 862900000,
    "otherExpenses": 0,
    "operatingExpenses": 862900000,
    "costAndExpenses": 1306300000,
    "interestIncome": 0,
    "interestExpense": 12300000,
    "depreciationAndAmortization": 64200000,
    "ebitda": 103100000,
    "ebitdaratio": 0.0759260623,
    "operatingIncome": 51600000,
    "operatingIncomeRatio": 0.0379998527,
    "totalOtherIncomeExpensesNet": -25000000,
    "incomeBeforeTax": 26600000,
    "incomeBeforeTaxRatio": 0.0195890714,
    "incomeTaxExpense": 6600000,
    "netIncome": 20000000,
    "netIncomeRatio": 0.0147286251,
    "eps": 0.07,
    "epsdiluted": 0.07,
    "weightedAverageShsOut": 284400000,
    "weightedAverageShsOutDil": 285700000,
    "link": "https://www.sec.gov/Archives/edgar/data/1116132/000111613219000021/0001116132-19-000021-index.htm",
    "finalLink": "https://www.sec.gov/Archives/edgar/data/1116132/000111613219000021/tpr928201910q.htm"
  },
  {
    "date": "2019-06-29",
    "symbol": "TPR",
    "reportedCurrency": "USD",
    "cik": "0001116132",
    "fillingDate": "2019-08-15",
    "acceptedDate": "2019-08-15 17:11:03",
    "calendarYear": "2019",
    "period": "Q4",
    "revenue": 1513700000,
    "costOfRevenue": 495800000,
    "grossProfit": 1017900000,
    "grossProfitRatio": 0.672458215,
    "researchAndDevelopmentExpenses": 0,
    "generalAndAdministrativeExpenses": 437000000,
    "sellingAndMarketingExpenses": 370700000,
    "sellingGeneralAndAdministrativeExpenses": 807700000,
    "otherExpenses": 39100000,
    "operatingExpenses": 846800000,
    "costAndExpenses": 1343800000,
    "interestIncome": 0,
    "interestExpense": 11000000,
    "depreciationAndAmortization": 78400000,
    "ebitda": 248300000,
    "ebitdaratio": 0.1640351457,
    "operatingIncome": 169900000,
    "operatingIncomeRatio": 0.1122415274,
    "totalOtherIncomeExpensesNet": -11000000,
    "incomeBeforeTax": 158900000,
    "incomeBeforeTaxRatio": 0.1049745656,
    "incomeTaxExpense": 10000000,
    "netIncome": 148900000,
    "netIncomeRatio": 0.0983682368,
    "eps": 0.51,
    "epsdiluted": 0.51,
    "weightedAverageShsOut": 289100000,
    "weightedAverageShsOutDil": 289800000,
    "link": "https://www.sec.gov/Archives/edgar/data/1116132/000111613219000016/0001116132-19-000016-index.htm",
    "finalLink": "https://www.sec.gov/Archives/edgar/data/1116132/000111613219000016/tpr6302018-10k1.htm"
  },
  {
    "date": "2019-03-30",
    "symbol": "TPR",
    "reportedCurrency": "USD",
    "cik": "0001116132",
    "fillingDate": "2019-05-09",
    "acceptedDate": "2019-05-09 16:05:18",
    "calendarYear": "2019",
    "period": "Q3",
    "revenue": 1331400000,
    "costOfRevenue": 415500000,
    "grossProfit": 915900000,
    "grossProfitRatio": 0.6879224876,
    "researchAndDevelopmentExpenses": 0,
    "generalAndAdministrativeExpenses": 0,
    "sellingAndMarketingExpenses": 0,
    "sellingGeneralAndAdministrativeExpenses": 790500000,
    "otherExpenses": 20600000,
    "operatingExpenses": 810100000,
    "costAndExpenses": 1225600000,
    "interestIncome": 0,
    "interestExpense": 10600000,
    "depreciationAndAmortization": 63500000,
    "ebitda": 169300000,
    "ebitdaratio": 0.1271593811,
    "operatingIncome": 105800000,
    "operatingIncomeRatio": 0.0794652246,
    "totalOtherIncomeExpensesNet": -10600000,
    "incomeBeforeTax": 95200000,
    "incomeBeforeTaxRatio": 0.0715036803,
    "incomeTaxExpense": -22200000,
    "netIncome": 117400000,
    "netIncomeRatio": 0.0881778579,
    "eps": 0.4,
    "epsdiluted": 0.4,
    "weightedAverageShsOut": 290000000,
    "weightedAverageShsOutDil": 290900000,
    "link": "https://www.sec.gov/Archives/edgar/data/1116132/000111613219000010/0001116132-19-000010-index.htm",
    "finalLink": "https://www.sec.gov/Archives/edgar/data/1116132/000111613219000010/tpr330201910q.htm"
  },
  {
    "date": "2018-12-29",
    "symbol": "TPR",
    "reportedCurrency": "USD",
    "cik": "0001116132",
    "fillingDate": "2019-02-07",
    "acceptedDate": "2019-02-07 16:58:26",
    "calendarYear": "2019",
    "period": "Q2",
    "revenue": 1800800000,
    "costOfRevenue": 597300000,
    "grossProfit": 1203500000,
    "grossProfitRatio": 0.6683140826,
    "researchAndDevelopmentExpenses": 0,
    "generalAndAdministrativeExpenses": 96100000,
    "sellingAndMarketingExpenses": 719200000,
    "sellingGeneralAndAdministrativeExpenses": 811100000,
    "otherExpenses": 15200000,
    "operatingExpenses": 822800000,
    "costAndExpenses": 1420100000,
    "interestIncome": 0,
    "interestExpense": 13200000,
    "depreciationAndAmortization": 65300000,
    "ebitda": 446000000,
    "ebitdaratio": 0.2476677032,
    "operatingIncome": 376500000,
    "operatingIncomeRatio": 0.209073745,
    "totalOtherIncomeExpensesNet": -9000000,
    "incomeBeforeTax": 367500000,
    "incomeBeforeTaxRatio": 0.2040759662,
    "incomeTaxExpense": 112700000,
    "netIncome": 254800000,
    "netIncomeRatio": 0.1414926699,
    "eps": 0.88,
    "epsdiluted": 0.88,
    "weightedAverageShsOut": 289900000,
    "weightedAverageShsOutDil": 291000000,
    "link": "https://www.sec.gov/Archives/edgar/data/1116132/000111613219000007/0001116132-19-000007-index.htm",
    "finalLink": "https://www.sec.gov/Archives/edgar/data/1116132/000111613219000007/tpr1229201810q.htm"
  },
  {
    "date": "2018-09-29",
    "symbol": "TPR",
    "reportedCurrency": "USD",
    "cik": "0001116132",
    "fillingDate": "2018-11-08",
    "acceptedDate": "2018-11-08 16:16:36",
    "calendarYear": "2019",
    "period": "Q1",
    "revenue": 1381200000,
    "costOfRevenue": 446100000,
    "grossProfit": 935100000,
    "grossProfitRatio": 0.6770199826,
    "researchAndDevelopmentExpenses": 0,
    "generalAndAdministrativeExpenses": 0,
    "sellingAndMarketingExpenses": 0,
    "sellingGeneralAndAdministrativeExpenses": 758500000,
    "otherExpenses": 19500000,
    "operatingExpenses": 777400000,
    "costAndExpenses": 1223500000,
    "interestIncome": 0,
    "interestExpense": 13100000,
    "depreciationAndAmortization": 61000000,
    "ebitda": 218700000,
    "ebitdaratio": 0.1583405734,
    "operatingIncome": 162300000,
    "operatingIncomeRatio": 0.1175065161,
    "totalOtherIncomeExpensesNet": -17700000,
    "incomeBeforeTax": 144600000,
    "incomeBeforeTaxRatio": 0.1046915725,
    "incomeTaxExpense": 22300000,
    "netIncome": 122300000,
    "netIncomeRatio": 0.0885461917,
    "eps": 0.42,
    "epsdiluted": 0.42,
    "weightedAverageShsOut": 288800000,
    "weightedAverageShsOutDil": 292000000,
    "link": "https://www.sec.gov/Archives/edgar/data/1116132/000111613218000027/0001116132-18-000027-index.htm",
    "finalLink": "https://www.sec.gov/Archives/edgar/data/1116132/000111613218000027/tpr0929201810q.htm"
  },
  {
    "date": "2018-06-30",
    "symbol": "TPR",
    "reportedCurrency": "USD",
    "cik": "0001116132",
    "fillingDate": "2018-08-16",
    "acceptedDate": "2018-08-16 16:25:01",
    "calendarYear": "2018",
    "period": "Q4",
    "revenue": 1483700000,
    "costOfRevenue": 480500000,
    "grossProfit": 1003200000,
    "grossProfitRatio": 0.6761474692,
    "researchAndDevelopmentExpenses": 0,
    "generalAndAdministrativeExpenses": 116400000,
    "sellingAndMarketingExpenses": 329900000,
    "sellingGeneralAndAdministrativeExpenses": 816000000,
    "otherExpenses": 0,
    "operatingExpenses": 816000000,
    "costAndExpenses": 1296500000,
    "interestIncome": 0,
    "interestExpense": 14400000,
    "depreciationAndAmortization": 71700000,
    "ebitda": 258900000,
    "ebitdaratio": 0.174496192,
    "operatingIncome": 187200000,
    "operatingIncomeRatio": 0.1261710588,
    "totalOtherIncomeExpensesNet": -14400000,
    "incomeBeforeTax": 172800000,
    "incomeBeforeTaxRatio": 0.1164655928,
    "incomeTaxExpense": -38900000,
    "netIncome": 211700000,
    "netIncomeRatio": 0.142683831,
    "eps": 0.74,
    "epsdiluted": 0.73,
    "weightedAverageShsOut": 287900000,
    "weightedAverageShsOutDil": 291300000,
    "link": "https://www.sec.gov/Archives/edgar/data/1116132/000111613218000021/0001116132-18-000021-index.htm",
    "finalLink": "https://www.sec.gov/Archives/edgar/data/1116132/000111613218000021/tpr6302018-10k.htm"
  },
  {
    "date": "2018-03-31",
    "symbol": "TPR",
    "reportedCurrency": "USD",
    "cik": "0001116132",
    "fillingDate": "2018-05-09",
    "acceptedDate": "2018-05-09 16:32:11",
    "calendarYear": "2018",
    "period": "Q3",
    "revenue": 1322400000,
    "costOfRevenue": 413500000,
    "grossProfit": 908900000,
    "grossProfitRatio": 0.6873109498,
    "researchAndDevelopmentExpenses": 0,
    "generalAndAdministrativeExpenses": 93100000,
    "sellingAndMarketingExpenses": 634300000,
    "sellingGeneralAndAdministrativeExpenses": 728700000,
    "otherExpenses": 25300000,
    "operatingExpenses": 749900000,
    "costAndExpenses": 1163400000,
    "interestIncome": 0,
    "interestExpense": 16900000,
    "depreciationAndAmortization": 62300000,
    "ebitda": 221300000,
    "ebitdaratio": 0.1673472474,
    "operatingIncome": 159000000,
    "operatingIncomeRatio": 0.1202359347,
    "totalOtherIncomeExpensesNet": -16900000,
    "incomeBeforeTax": 142100000,
    "incomeBeforeTaxRatio": 0.1074561404,
    "incomeTaxExpense": 1800000,
    "netIncome": 140300000,
    "netIncomeRatio": 0.1060949788,
    "eps": 0.49,
    "epsdiluted": 0.48,
    "weightedAverageShsOut": 286200000,
    "weightedAverageShsOutDil": 290100000,
    "link": "https://www.sec.gov/Archives/edgar/data/1116132/000111613218000017/0001116132-18-000017-index.htm",
    "finalLink": "https://www.sec.gov/Archives/edgar/data/1116132/000111613218000017/tpr0331201810q.htm"
  },
  {
    "date": "2017-12-30",
    "symbol": "TPR",
    "reportedCurrency": "USD",
    "cik": "0001116132",
    "fillingDate": "2018-02-07",
    "acceptedDate": "2018-02-07 06:25:30",
    "calendarYear": "2018",
    "period": "Q2",
    "revenue": 1785000000,
    "costOfRevenue": 607600000,
    "grossProfit": 1177400000,
    "grossProfitRatio": 0.6596078431,
    "researchAndDevelopmentExpenses": 0,
    "generalAndAdministrativeExpenses": 0,
    "sellingAndMarketingExpenses": 0,
    "sellingGeneralAndAdministrativeExpenses": 783300000,
    "otherExpenses": 64900000,
    "operatingExpenses": 848200000,
    "costAndExpenses": 1438600000,
    "interestIncome": 0,
    "interestExpense": 22200000,
    "depreciationAndAmortization": 60800000,
    "ebitda": 407200000,
    "ebitdaratio": 0.2281232493,
    "operatingIncome": 346400000,
    "operatingIncomeRatio": 0.1940616246,
    "totalOtherIncomeExpensesNet": -22200000,
    "incomeBeforeTax": 324200000,
    "incomeBeforeTaxRatio": 0.1816246499,
    "incomeTaxExpense": 261000000,
    "netIncome": 63200000,
    "netIncomeRatio": 0.0354061625,
    "eps": 0.22,
    "epsdiluted": 0.22,
    "weightedAverageShsOut": 284500000,
    "weightedAverageShsOutDil": 286400000,
    "link": "https://www.sec.gov/Archives/edgar/data/1116132/000111613218000008/0001116132-18-000008-index.htm",
    "finalLink": "https://www.sec.gov/Archives/edgar/data/1116132/000111613218000008/tpr1230201710q.htm"
  },
  {
    "date": "2017-09-30",
    "symbol": "TPR",
    "reportedCurrency": "USD",
    "cik": "0001116132",
    "fillingDate": "2017-11-09",
    "acceptedDate": "2017-11-09 09:09:29",
    "calendarYear": "2018",
    "period": "Q1",
    "revenue": 1288900000,
    "costOfRevenue": 524500000,
    "grossProfit": 764400000,
    "grossProfitRatio": 0.5930638529,
    "researchAndDevelopmentExpenses": 0,
    "generalAndAdministrativeExpenses": 0,
    "sellingAndMarketingExpenses": 0,
    "sellingGeneralAndAdministrativeExpenses": 786200000,
    "otherExpenses": 0,
    "operatingExpenses": 684000000,
    "costAndExpenses": 1310700000,
    "interestIncome": 0,
    "interestExpense": 20500000,
    "depreciationAndAmortization": 65500000,
    "ebitda": 43700000,
    "ebitdaratio": 0.0339048801,
    "operatingIncome": -21800000,
    "operatingIncomeRatio": -0.0169136473,
    "totalOtherIncomeExpensesNet": -20500000,
    "incomeBeforeTax": -42300000,
    "incomeBeforeTaxRatio": -0.0328186826,
    "incomeTaxExpense": -24600000,
    "netIncome": -17700000,
    "netIncomeRatio": -0.0137326402,
    "eps": -0.0625,
    "epsdiluted": -0.0617,
    "weightedAverageShsOut": 283200000,
    "weightedAverageShsOutDil": 286700000,
    "link": "https://www.sec.gov/Archives/edgar/data/1116132/000111613217000016/0001116132-17-000016-index.htm",
    "finalLink": "https://www.sec.gov/Archives/edgar/data/1116132/000111613217000016/tpr930201710q.htm"
  },
  {
    "date": "2017-07-01",
    "symbol": "TPR",
    "reportedCurrency": "USD",
    "cik": "0001116132",
    "fillingDate": "2017-08-18",
    "acceptedDate": "2017-08-18 16:29:30",
    "calendarYear": "2017",
    "period": "Q4",
    "revenue": 1133800000,
    "costOfRevenue": 379300000,
    "grossProfit": 754500000,
    "grossProfitRatio": 0.6654612806,
    "researchAndDevelopmentExpenses": 0,
    "generalAndAdministrativeExpenses": 50200000,
    "sellingAndMarketingExpenses": 224100000,
    "sellingGeneralAndAdministrativeExpenses": 561500000,
    "otherExpenses": 0,
    "operatingExpenses": 561500000,
    "costAndExpenses": 940800000,
    "interestIncome": 0,
    "interestExpense": 13600000,
    "depreciationAndAmortization": 64100000,
    "ebitda": 257100000,
    "ebitdaratio": 0.2267595696,
    "operatingIncome": 193000000,
    "operatingIncomeRatio": 0.1702240254,
    "totalOtherIncomeExpensesNet": -13600000,
    "incomeBeforeTax": 179400000,
    "incomeBeforeTaxRatio": 0.1582289645,
    "incomeTaxExpense": 27700000,
    "netIncome": 151700000,
    "netIncomeRatio": 0.1337978479,
    "eps": 0.54,
    "epsdiluted": 0.53,
    "weightedAverageShsOut": 283200000,
    "weightedAverageShsOutDil": 284700000,
    "link": "https://www.sec.gov/Archives/edgar/data/1116132/000111613217000011/0001116132-17-000011-index.htm",
    "finalLink": "https://www.sec.gov/Archives/edgar/data/1116132/000111613217000011/coh7012017-10k.htm"
  },
  {
    "date": "2017-04-01",
    "symbol": "TPR",
    "reportedCurrency": "USD",
    "cik": "0001116132",
    "fillingDate": "2017-05-10",
    "acceptedDate": "2017-05-10 16:54:13",
    "calendarYear": "2017",
    "period": "Q3",
    "revenue": 995200000,
    "costOfRevenue": 289500000,
    "grossProfit": 705700000,
    "grossProfitRatio": 0.7091036977,
    "researchAndDevelopmentExpenses": 0,
    "generalAndAdministrativeExpenses": 74300000,
    "sellingAndMarketingExpenses": 480300000,
    "sellingGeneralAndAdministrativeExpenses": 554600000,
    "otherExpenses": 0,
    "operatingExpenses": 554600000,
    "costAndExpenses": 844100000,
    "interestIncome": 3100000,
    "interestExpense": 7100000,
    "depreciationAndAmortization": 48500000,
    "ebitda": 202700000,
    "ebitdaratio": 0.2036776527,
    "operatingIncome": 151100000,
    "operatingIncomeRatio": 0.1518287781,
    "totalOtherIncomeExpensesNet": -4000000,
    "incomeBeforeTax": 147100000,
    "incomeBeforeTaxRatio": 0.1478094855,
    "incomeTaxExpense": 24900000,
    "netIncome": 122200000,
    "netIncomeRatio": 0.1227893891,
    "eps": 0.44,
    "epsdiluted": 0.43,
    "weightedAverageShsOut": 280800000,
    "weightedAverageShsOutDil": 282900000,
    "link": "https://www.sec.gov/Archives/edgar/data/1116132/000111613217000006/0001116132-17-000006-index.htm",
    "finalLink": "https://www.sec.gov/Archives/edgar/data/1116132/000111613217000006/coh401201710q.htm"
  },
  {
    "date": "2016-12-31",
    "symbol": "TPR",
    "reportedCurrency": "USD",
    "cik": "0001116132",
    "fillingDate": "2017-02-08",
    "acceptedDate": "2017-02-08 16:28:06",
    "calendarYear": "2017",
    "period": "Q2",
    "revenue": 1321700000,
    "costOfRevenue": 415500000,
    "grossProfit": 906200000,
    "grossProfitRatio": 0.6856321404,
    "researchAndDevelopmentExpenses": 0,
    "generalAndAdministrativeExpenses": 0,
    "sellingAndMarketingExpenses": 0,
    "sellingGeneralAndAdministrativeExpenses": 628800000,
    "otherExpenses": 0,
    "operatingExpenses": 628800000,
    "costAndExpenses": 1044300000,
    "interestIncome": 1900000,
    "interestExpense": 7000000,
    "depreciationAndAmortization": 47900000,
    "ebitda": 325300000,
    "ebitdaratio": 0.2461224181,
    "operatingIncome": 277400000,
    "operatingIncomeRatio": 0.2098812136,
    "totalOtherIncomeExpensesNet": -5100000,
    "incomeBeforeTax": 272300000,
    "incomeBeforeTaxRatio": 0.2060225467,
    "incomeTaxExpense": 72600000,
    "netIncome": 199700000,
    "netIncomeRatio": 0.1510932889,
    "eps": 0.71,
    "epsdiluted": 0.71,
    "weightedAverageShsOut": 280500000,
    "weightedAverageShsOutDil": 281800000,
    "link": "https://www.sec.gov/Archives/edgar/data/1116132/000111613217000003/0001116132-17-000003-index.htm",
    "finalLink": "https://www.sec.gov/Archives/edgar/data/1116132/000111613217000003/coh1231201610q.htm"
  },
  {
    "date": "2016-10-01",
    "symbol": "TPR",
    "reportedCurrency": "USD",
    "cik": "0001116132",
    "fillingDate": "2016-11-09",
    "acceptedDate": "2016-11-09 17:01:26",
    "calendarYear": "2017",
    "period": "Q1",
    "revenue": 1037600000,
    "costOfRevenue": 322900000,
    "grossProfit": 714700000,
    "grossProfitRatio": 0.6888010794,
    "researchAndDevelopmentExpenses": 0,
    "generalAndAdministrativeExpenses": 0,
    "sellingAndMarketingExpenses": 0,
    "sellingGeneralAndAdministrativeExpenses": 548800000,
    "otherExpenses": 0,
    "operatingExpenses": 548800000,
    "costAndExpenses": 871700000,
    "interestIncome": 1700000,
    "interestExpense": 7400000,
    "depreciationAndAmortization": 52300000,
    "ebitda": 218200000,
    "ebitdaratio": 0.2102929838,
    "operatingIncome": 165900000,
    "operatingIncomeRatio": 0.1598882035,
    "totalOtherIncomeExpensesNet": -5700000,
    "incomeBeforeTax": 160200000,
    "incomeBeforeTaxRatio": 0.1543947571,
    "incomeTaxExpense": 42800000,
    "netIncome": 117400000,
    "netIncomeRatio": 0.1131457209,
    "eps": 0.42,
    "epsdiluted": 0.42,
    "weightedAverageShsOut": 279500000,
    "weightedAverageShsOutDil": 281900000,
    "link": "https://www.sec.gov/Archives/edgar/data/1116132/000111613216000033/0001116132-16-000033-index.htm",
    "finalLink": "https://www.sec.gov/Archives/edgar/data/1116132/000111613216000033/coh1001201610q.htm"
  },
  {
    "date": "2016-07-02",
    "symbol": "TPR",
    "reportedCurrency": "USD",
    "cik": "0001116132",
    "fillingDate": "2016-08-19",
    "acceptedDate": "2016-08-19 16:09:17",
    "calendarYear": "2016",
    "period": "Q4",
    "revenue": 1154600000,
    "costOfRevenue": 371900000,
    "grossProfit": 782700000,
    "grossProfitRatio": 0.6778971072,
    "researchAndDevelopmentExpenses": 0,
    "generalAndAdministrativeExpenses": 130100000,
    "sellingAndMarketingExpenses": 515100000,
    "sellingGeneralAndAdministrativeExpenses": 645200000,
    "otherExpenses": 1100000,
    "operatingExpenses": 665900000,
    "costAndExpenses": 1037800000,
    "interestIncome": 0,
    "interestExpense": 8500000,
    "depreciationAndAmortization": 54000000,
    "ebitda": 170800000,
    "ebitdaratio": 0.1479300191,
    "operatingIncome": 116800000,
    "operatingIncomeRatio": 0.1011605751,
    "totalOtherIncomeExpensesNet": -7400000,
    "incomeBeforeTax": 109400000,
    "incomeBeforeTaxRatio": 0.0947514291,
    "incomeTaxExpense": 27900000,
    "netIncome": 81500000,
    "netIncomeRatio": 0.0705872164,
    "eps": 0.29,
    "epsdiluted": 0.29,
    "weightedAverageShsOut": 278200000,
    "weightedAverageShsOutDil": 281100000,
    "link": "https://www.sec.gov/Archives/edgar/data/1116132/000111613216000026/0001116132-16-000026-index.htm",
    "finalLink": "https://www.sec.gov/Archives/edgar/data/1116132/000111613216000026/coh7022016-10k.htm"
  },
  {
    "date": "2016-03-26",
    "symbol": "TPR",
    "reportedCurrency": "USD",
    "cik": "0001116132",
    "fillingDate": "2016-05-04",
    "acceptedDate": "2016-05-04 16:38:52",
    "calendarYear": "2016",
    "period": "Q3",
    "revenue": 1033100000,
    "costOfRevenue": 320100000,
    "grossProfit": 713000000,
    "grossProfitRatio": 0.6901558416,
    "researchAndDevelopmentExpenses": 0,
    "generalAndAdministrativeExpenses": 96000000,
    "sellingAndMarketingExpenses": 461500000,
    "sellingGeneralAndAdministrativeExpenses": 578700000,
    "otherExpenses": 0,
    "operatingExpenses": 578700000,
    "costAndExpenses": 898800000,
    "interestIncome": 0,
    "interestExpense": 0,
    "depreciationAndAmortization": 49500000,
    "ebitda": 183800000,
    "ebitdaratio": 0.1779111412,
    "operatingIncome": 134300000,
    "operatingIncomeRatio": 0.1299970961,
    "totalOtherIncomeExpensesNet": -6500000,
    "incomeBeforeTax": 127800000,
    "incomeBeforeTaxRatio": 0.1237053528,
    "incomeTaxExpense": 15300000,
    "netIncome": 112500000,
    "netIncomeRatio": 0.1088955571,
    "eps": 0.4,
    "epsdiluted": 0.4,
    "weightedAverageShsOut": 277800000,
    "weightedAverageShsOutDil": 279500000,
    "link": "https://www.sec.gov/Archives/edgar/data/1116132/000111613216000022/0001116132-16-000022-index.htm",
    "finalLink": "https://www.sec.gov/Archives/edgar/data/1116132/000111613216000022/coh0326201610q.htm"
  },
  {
    "date": "2015-12-26",
    "symbol": "TPR",
    "reportedCurrency": "USD",
    "cik": "0001116132",
    "fillingDate": "2016-02-03",
    "acceptedDate": "2016-02-03 16:25:07",
    "calendarYear": "2016",
    "period": "Q2",
    "revenue": 1273800000,
    "costOfRevenue": 414700000,
    "grossProfit": 859100000,
    "grossProfitRatio": 0.6744386874,
    "researchAndDevelopmentExpenses": 0,
    "generalAndAdministrativeExpenses": 77600000,
    "sellingAndMarketingExpenses": 498900000,
    "sellingGeneralAndAdministrativeExpenses": 598100000,
    "otherExpenses": 0,
    "operatingExpenses": 598100000,
    "costAndExpenses": 1012800000,
    "interestIncome": 0,
    "interestExpense": 0,
    "depreciationAndAmortization": 52700000,
    "ebitda": 313700000,
    "ebitdaratio": 0.2462710002,
    "operatingIncome": 261000000,
    "operatingIncomeRatio": 0.2048987282,
    "totalOtherIncomeExpensesNet": -6300000,
    "incomeBeforeTax": 254700000,
    "incomeBeforeTaxRatio": 0.1999528968,
    "incomeTaxExpense": 84600000,
    "netIncome": 170100000,
    "netIncomeRatio": 0.133537447,
    "eps": 0.61,
    "epsdiluted": 0.61,
    "weightedAverageShsOut": 277600000,
    "weightedAverageShsOutDil": 278400000,
    "link": "https://www.sec.gov/Archives/edgar/data/1116132/000111613216000019/0001116132-16-000019-index.htm",
    "finalLink": "https://www.sec.gov/Archives/edgar/data/1116132/000111613216000019/coh1226201510q.htm"
  },
  {
    "date": "2015-09-26",
    "symbol": "TPR",
    "reportedCurrency": "USD",
    "cik": "0001116132",
    "fillingDate": "2015-11-04",
    "acceptedDate": "2015-11-04 16:26:35",
    "calendarYear": "2016",
    "period": "Q1",
    "revenue": 1030300000,
    "costOfRevenue": 333800000,
    "grossProfit": 696500000,
    "grossProfitRatio": 0.6760166942,
    "researchAndDevelopmentExpenses": 0,
    "generalAndAdministrativeExpenses": 79400000,
    "sellingAndMarketingExpenses": 452800000,
    "sellingGeneralAndAdministrativeExpenses": 555100000,
    "otherExpenses": 900000,
    "operatingExpenses": 555100000,
    "costAndExpenses": 888900000,
    "interestIncome": 0,
    "interestExpense": 0,
    "depreciationAndAmortization": 54400000,
    "ebitda": 195800000,
    "ebitdaratio": 0.1900417354,
    "operatingIncome": 141400000,
    "operatingIncomeRatio": 0.1372415801,
    "totalOtherIncomeExpensesNet": -6700000,
    "incomeBeforeTax": 134700000,
    "incomeBeforeTaxRatio": 0.1307386198,
    "incomeTaxExpense": 38300000,
    "netIncome": 96400000,
    "netIncomeRatio": 0.0935649811,
    "eps": 0.35,
    "epsdiluted": 0.35,
    "weightedAverageShsOut": 277100000,
    "weightedAverageShsOutDil": 278300000,
    "link": "https://www.sec.gov/Archives/edgar/data/1116132/000111613215000014/0001116132-15-000014-index.htm",
    "finalLink": "https://www.sec.gov/Archives/edgar/data/1116132/000111613215000014/coh0926201510q.htm"
  },
  {
    "date": "2015-06-27",
    "symbol": "TPR",
    "reportedCurrency": "USD",
    "cik": "0001116132",
    "fillingDate": "2015-08-14",
    "acceptedDate": "2015-08-14 16:20:46",
    "calendarYear": "2015",
    "period": "Q4",
    "revenue": 1004100000,
    "costOfRevenue": 316400000,
    "grossProfit": 687700000,
    "grossProfitRatio": 0.684891943,
    "researchAndDevelopmentExpenses": 0,
    "generalAndAdministrativeExpenses": 134200000,
    "sellingAndMarketingExpenses": 493800000,
    "sellingGeneralAndAdministrativeExpenses": 648900000,
    "otherExpenses": 4700000,
    "operatingExpenses": 648900000,
    "costAndExpenses": 965300000,
    "interestIncome": 0,
    "interestExpense": 0,
    "depreciationAndAmortization": 54600000,
    "ebitda": 93400000,
    "ebitdaratio": 0.0930186236,
    "operatingIncome": 38800000,
    "operatingIncomeRatio": 0.0386415696,
    "totalOtherIncomeExpensesNet": -6300000,
    "incomeBeforeTax": 32500000,
    "incomeBeforeTaxRatio": 0.0323672941,
    "incomeTaxExpense": 20800000,
    "netIncome": 11700000,
    "netIncomeRatio": 0.0116522259,
    "eps": 0.04,
    "epsdiluted": 0.04,
    "weightedAverageShsOut": 276400000,
    "weightedAverageShsOutDil": 278500000,
    "link": "https://www.sec.gov/Archives/edgar/data/1116132/000111613215000010/0001116132-15-000010-index.htm",
    "finalLink": "https://www.sec.gov/Archives/edgar/data/1116132/000111613215000010/coh6272015-10k.htm"
  },
  {
    "date": "2015-03-28",
    "symbol": "TPR",
    "reportedCurrency": "USD",
    "cik": "0001116132",
    "fillingDate": "2015-05-06",
    "acceptedDate": "2015-05-06 17:01:20",
    "calendarYear": "2015",
    "period": "Q3",
    "revenue": 929300000,
    "costOfRevenue": 263800000,
    "grossProfit": 665500000,
    "grossProfitRatio": 0.7161304207,
    "researchAndDevelopmentExpenses": 0,
    "generalAndAdministrativeExpenses": 75200000,
    "sellingAndMarketingExpenses": 443600000,
    "sellingGeneralAndAdministrativeExpenses": 541500000,
    "otherExpenses": 0,
    "operatingExpenses": 541500000,
    "costAndExpenses": 805300000,
    "interestIncome": 0,
    "interestExpense": 0,
    "depreciationAndAmortization": 47400000,
    "ebitda": 171400000,
    "ebitdaratio": 0.184439901,
    "operatingIncome": 124000000,
    "operatingIncomeRatio": 0.1334337674,
    "totalOtherIncomeExpensesNet": -1200000,
    "incomeBeforeTax": 122800000,
    "incomeBeforeTaxRatio": 0.1321424728,
    "incomeTaxExpense": 34700000,
    "netIncome": 88100000,
    "netIncomeRatio": 0.0948025395,
    "eps": 0.32,
    "epsdiluted": 0.32,
    "weightedAverageShsOut": 275900000,
    "weightedAverageShsOutDil": 277400000,
    "link": "https://www.sec.gov/Archives/edgar/data/1116132/000111613215000007/0001116132-15-000007-index.htm",
    "finalLink": "https://www.sec.gov/Archives/edgar/data/1116132/000111613215000007/coh0328201510q.htm"
  },
  {
    "date": "2014-12-27",
    "symbol": "TPR",
    "reportedCurrency": "USD",
    "cik": "0001116132",
    "fillingDate": "2015-02-04",
    "acceptedDate": "2015-02-04 16:15:07",
    "calendarYear": "2015",
    "period": "Q2",
    "revenue": 1219400000,
    "costOfRevenue": 379400000,
    "grossProfit": 840000000,
    "grossProfitRatio": 0.6888633754,
    "researchAndDevelopmentExpenses": 0,
    "generalAndAdministrativeExpenses": 62300000,
    "sellingAndMarketingExpenses": 479900000,
    "sellingGeneralAndAdministrativeExpenses": 564600000,
    "otherExpenses": 1000000,
    "operatingExpenses": 564600000,
    "costAndExpenses": 944000000,
    "interestIncome": 0,
    "interestExpense": 400000,
    "depreciationAndAmortization": 46500000,
    "ebitda": 321900000,
    "ebitdaratio": 0.2639822864,
    "operatingIncome": 275400000,
    "operatingIncomeRatio": 0.2258487781,
    "totalOtherIncomeExpensesNet": 400000,
    "incomeBeforeTax": 275800000,
    "incomeBeforeTaxRatio": 0.2261768083,
    "incomeTaxExpense": 92300000,
    "netIncome": 183500000,
    "netIncomeRatio": 0.1504838445,
    "eps": 0.67,
    "epsdiluted": 0.66,
    "weightedAverageShsOut": 275600000,
    "weightedAverageShsOutDil": 276500000,
    "link": "https://www.sec.gov/Archives/edgar/data/1116132/000111613215000003/0001116132-15-000003-index.htm",
    "finalLink": "https://www.sec.gov/Archives/edgar/data/1116132/000111613215000003/coh1227201410q.htm"
  },
  {
    "date": "2014-09-27",
    "symbol": "TPR",
    "reportedCurrency": "USD",
    "cik": "0001116132",
    "fillingDate": "2014-11-06",
    "acceptedDate": "2014-11-06 08:56:11",
    "calendarYear": "2015",
    "period": "Q1",
    "revenue": 1038800000,
    "costOfRevenue": 323400000,
    "grossProfit": 715400000,
    "grossProfitRatio": 0.6886792453,
    "researchAndDevelopmentExpenses": 0,
    "generalAndAdministrativeExpenses": 80900000,
    "sellingAndMarketingExpenses": 432800000,
    "sellingGeneralAndAdministrativeExpenses": 535600000,
    "otherExpenses": 4000000,
    "operatingExpenses": 535600000,
    "costAndExpenses": 859000000,
    "interestIncome": 0,
    "interestExpense": 700000,
    "depreciationAndAmortization": 43300000,
    "ebitda": 223100000,
    "ebitdaratio": 0.2147670389,
    "operatingIncome": 179800000,
    "operatingIncomeRatio": 0.1730843281,
    "totalOtherIncomeExpensesNet": 700000,
    "incomeBeforeTax": 180500000,
    "incomeBeforeTaxRatio": 0.1737581825,
    "incomeTaxExpense": 61400000,
    "netIncome": 119100000,
    "netIncomeRatio": 0.114651521,
    "eps": 0.43,
    "epsdiluted": 0.43,
    "weightedAverageShsOut": 275000000,
    "weightedAverageShsOutDil": 276400000,
    "link": "https://www.sec.gov/Archives/edgar/data/1116132/000111613214000006/0001116132-14-000006-index.htm",
    "finalLink": "https://www.sec.gov/Archives/edgar/data/1116132/000111613214000006/coh927201410q.htm"
  },
  {
    "date": "2014-06-28",
    "symbol": "TPR",
    "reportedCurrency": "USD",
    "cik": "0001116132",
    "fillingDate": "2014-08-15",
    "acceptedDate": "2014-08-15 16:20:19",
    "calendarYear": "2014",
    "period": "Q4",
    "revenue": 1136216000,
    "costOfRevenue": 429844000,
    "grossProfit": 706372000,
    "grossProfitRatio": 0.6216881297,
    "researchAndDevelopmentExpenses": 0,
    "generalAndAdministrativeExpenses": 100900000,
    "sellingAndMarketingExpenses": 479500000,
    "sellingGeneralAndAdministrativeExpenses": 606584000,
    "otherExpenses": 0,
    "operatingExpenses": 606584000,
    "costAndExpenses": 1036428000,
    "interestIncome": 0,
    "interestExpense": 529000,
    "depreciationAndAmortization": 51252000,
    "ebitda": 151040000,
    "ebitdaratio": 0.1329324706,
    "operatingIncome": 99788000,
    "operatingIncomeRatio": 0.0878248502,
    "totalOtherIncomeExpensesNet": 529000,
    "incomeBeforeTax": 100317000,
    "incomeBeforeTaxRatio": 0.0882904307,
    "incomeTaxExpense": 25042000,
    "netIncome": 75275000,
    "netIncomeRatio": 0.0662506073,
    "eps": 0.27,
    "epsdiluted": 0.27,
    "weightedAverageShsOut": 274223000,
    "weightedAverageShsOutDil": 276408000,
    "link": "https://www.sec.gov/Archives/edgar/data/1116132/000111613214000003/0001116132-14-000003-index.htm",
    "finalLink": "https://www.sec.gov/Archives/edgar/data/1116132/000111613214000003/coh6282014-10k.htm"
  },
  {
    "date": "2014-03-29",
    "symbol": "TPR",
    "reportedCurrency": "USD",
    "cik": "0001116132",
    "fillingDate": "2014-05-06",
    "acceptedDate": "2014-05-06 17:05:53",
    "calendarYear": "2014",
    "period": "Q3",
    "revenue": 1099626000,
    "costOfRevenue": 318287000,
    "grossProfit": 781339000,
    "grossProfitRatio": 0.7105497687,
    "researchAndDevelopmentExpenses": 0,
    "generalAndAdministrativeExpenses": 40000000,
    "sellingAndMarketingExpenses": 452800000,
    "sellingGeneralAndAdministrativeExpenses": 518630000,
    "otherExpenses": 0,
    "operatingExpenses": 518630000,
    "costAndExpenses": 836917000,
    "interestIncome": 0,
    "interestExpense": 0,
    "depreciationAndAmortization": 45169000,
    "ebitda": 307900000,
    "ebitdaratio": 0.2800042924,
    "operatingIncome": 262709000,
    "operatingIncomeRatio": 0.2389075922,
    "totalOtherIncomeExpensesNet": -2000000,
    "incomeBeforeTax": 260780000,
    "incomeBeforeTaxRatio": 0.2371533594,
    "incomeTaxExpense": 70040000,
    "netIncome": 190740000,
    "netIncomeRatio": 0.1734589761,
    "eps": 0.69,
    "epsdiluted": 0.68,
    "weightedAverageShsOut": 276107000,
    "weightedAverageShsOutDil": 278750000,
    "link": "https://www.sec.gov/Archives/edgar/data/1116132/000114420414027951/0001144204-14-027951-index.htm",
    "finalLink": "https://www.sec.gov/Archives/edgar/data/1116132/000114420414027951/v377068_10q.htm"
  },
  {
    "date": "2013-12-28",
    "symbol": "TPR",
    "reportedCurrency": "USD",
    "cik": "0001116132",
    "fillingDate": "2014-02-05",
    "acceptedDate": "2014-02-05 17:06:07",
    "calendarYear": "2014",
    "period": "Q2",
    "revenue": 1419624000,
    "costOfRevenue": 436945000,
    "grossProfit": 982679000,
    "grossProfitRatio": 0.6922107544,
    "researchAndDevelopmentExpenses": 0,
    "generalAndAdministrativeExpenses": 21200000,
    "sellingAndMarketingExpenses": 500000000,
    "sellingGeneralAndAdministrativeExpenses": 546736000,
    "otherExpenses": 0,
    "operatingExpenses": 546736000,
    "costAndExpenses": 983681000,
    "interestIncome": 0,
    "interestExpense": 1953000,
    "depreciationAndAmortization": 47975000,
    "ebitda": 483900000,
    "ebitdaratio": 0.3408649051,
    "operatingIncome": 435943000,
    "operatingIncomeRatio": 0.3070834249,
    "totalOtherIncomeExpensesNet": 1900000,
    "incomeBeforeTax": 437896000,
    "incomeBeforeTaxRatio": 0.3084591413,
    "incomeTaxExpense": 140458000,
    "netIncome": 297438000,
    "netIncomeRatio": 0.2095188585,
    "eps": 1.07,
    "epsdiluted": 1.06,
    "weightedAverageShsOut": 279085000,
    "weightedAverageShsOutDil": 281534000,
    "link": "https://www.sec.gov/Archives/edgar/data/1116132/000114420414006197/0001144204-14-006197-index.htm",
    "finalLink": "https://www.sec.gov/Archives/edgar/data/1116132/000114420414006197/v366908_10q.htm"
  },
  {
    "date": "2013-09-28",
    "symbol": "TPR",
    "reportedCurrency": "USD",
    "cik": "0001116132",
    "fillingDate": "2013-11-06",
    "acceptedDate": "2013-11-06 17:14:11",
    "calendarYear": "2014",
    "period": "Q1",
    "revenue": 1150760000,
    "costOfRevenue": 324187000,
    "grossProfit": 826573000,
    "grossProfitRatio": 0.7182844381,
    "researchAndDevelopmentExpenses": 0,
    "generalAndAdministrativeExpenses": 43300000,
    "sellingAndMarketingExpenses": 444200000,
    "sellingGeneralAndAdministrativeExpenses": 504939000,
    "otherExpenses": 6000,
    "operatingExpenses": 504939000,
    "costAndExpenses": 829126000,
    "interestIncome": 0,
    "interestExpense": 1622000,
    "depreciationAndAmortization": 44964000,
    "ebitda": 366600000,
    "ebitdaratio": 0.3185720741,
    "operatingIncome": 321634000,
    "operatingIncomeRatio": 0.2794970281,
    "totalOtherIncomeExpensesNet": 1628000,
    "incomeBeforeTax": 323262000,
    "incomeBeforeTaxRatio": 0.2809117453,
    "incomeTaxExpense": 105379000,
    "netIncome": 217883000,
    "netIncomeRatio": 0.1893383503,
    "eps": 0.77,
    "epsdiluted": 0.77,
    "weightedAverageShsOut": 281433000,
    "weightedAverageShsOutDil": 284513000,
    "link": "https://www.sec.gov/Archives/edgar/data/1116132/000114420413059305/0001144204-13-059305-index.htm",
    "finalLink": "https://www.sec.gov/Archives/edgar/data/1116132/000114420413059305/v358914_10q.htm"
  },
  {
    "date": "2013-06-29",
    "symbol": "TPR",
    "reportedCurrency": "USD",
    "cik": "0001116132",
    "fillingDate": "2013-08-22",
    "acceptedDate": "2013-08-22 16:15:49",
    "calendarYear": "2013",
    "period": "Q4",
    "revenue": 1222688000,
    "costOfRevenue": 335278000,
    "grossProfit": 887410000,
    "grossProfitRatio": 0.7257861368,
    "researchAndDevelopmentExpenses": 0,
    "generalAndAdministrativeExpenses": 22047000,
    "sellingAndMarketingExpenses": 465900000,
    "sellingGeneralAndAdministrativeExpenses": 569656000,
    "otherExpenses": -1043000,
    "operatingExpenses": 569656000,
    "costAndExpenses": 904934000,
    "interestIncome": 0,
    "interestExpense": 1046000,
    "depreciationAndAmortization": 47321000,
    "ebitda": 365075000,
    "ebitdaratio": 0.2985839396,
    "operatingIncome": 317754000,
    "operatingIncomeRatio": 0.259881507,
    "totalOtherIncomeExpensesNet": 3000,
    "incomeBeforeTax": 317757000,
    "incomeBeforeTaxRatio": 0.2598839606,
    "incomeTaxExpense": 96414000,
    "netIncome": 221343000,
    "netIncomeRatio": 0.1810298294,
    "eps": 0.79,
    "epsdiluted": 0.78,
    "weightedAverageShsOut": 281327000,
    "weightedAverageShsOutDil": 285317000,
    "link": "https://www.sec.gov/Archives/edgar/data/1116132/000114420413047469/0001144204-13-047469-index.htm",
    "finalLink": "https://www.sec.gov/Archives/edgar/data/1116132/000114420413047469/v350111_10k.htm"
  },
  {
    "date": "2013-03-30",
    "symbol": "TPR",
    "reportedCurrency": "USD",
    "cik": "0001116132",
    "fillingDate": "2013-05-07",
    "acceptedDate": "2013-05-07 17:10:42",
    "calendarYear": "2013",
    "period": "Q3",
    "revenue": 1187578000,
    "costOfRevenue": 307390000,
    "grossProfit": 880188000,
    "grossProfitRatio": 0.7411622647,
    "researchAndDevelopmentExpenses": 0,
    "generalAndAdministrativeExpenses": 52417000,
    "sellingAndMarketingExpenses": 449100000,
    "sellingGeneralAndAdministrativeExpenses": 531695000,
    "otherExpenses": -1764000,
    "operatingExpenses": 531695000,
    "costAndExpenses": 839085000,
    "interestIncome": 0,
    "interestExpense": 1021000,
    "depreciationAndAmortization": 38785000,
    "ebitda": 387278000,
    "ebitdaratio": 0.326107422,
    "operatingIncome": 348493000,
    "operatingIncomeRatio": 0.2934485145,
    "totalOtherIncomeExpensesNet": -743000,
    "incomeBeforeTax": 347750000,
    "incomeBeforeTaxRatio": 0.2928228714,
    "incomeTaxExpense": 108818000,
    "netIncome": 238932000,
    "netIncomeRatio": 0.2011926796,
    "eps": 0.85,
    "epsdiluted": 0.84,
    "weightedAverageShsOut": 280818000,
    "weightedAverageShsOutDil": 284624000,
    "link": "https://www.sec.gov/Archives/edgar/data/1116132/000114420413026859/0001144204-13-026859-index.htm",
    "finalLink": "https://www.sec.gov/Archives/edgar/data/1116132/000114420413026859/v340578_10q.htm"
  },
  {
    "date": "2012-12-29",
    "symbol": "TPR",
    "reportedCurrency": "USD",
    "cik": "0001116132",
    "fillingDate": "2013-02-05",
    "acceptedDate": "2013-02-05 17:14:31",
    "calendarYear": "2013",
    "period": "Q2",
    "revenue": 1503774000,
    "costOfRevenue": 418392000,
    "grossProfit": 1085382000,
    "grossProfitRatio": 0.7217720216,
    "researchAndDevelopmentExpenses": 0,
    "generalAndAdministrativeExpenses": 52100000,
    "sellingAndMarketingExpenses": 506700000,
    "sellingGeneralAndAdministrativeExpenses": 558805000,
    "otherExpenses": -1505000,
    "operatingExpenses": 558805000,
    "costAndExpenses": 977197000,
    "interestIncome": 266000,
    "interestExpense": 266000,
    "depreciationAndAmortization": 40777000,
    "ebitda": 567354000,
    "ebitdaratio": 0.3772867465,
    "operatingIncome": 526577000,
    "operatingIncomeRatio": 0.3501703048,
    "totalOtherIncomeExpensesNet": -1239000,
    "incomeBeforeTax": 525338000,
    "incomeBeforeTaxRatio": 0.3493463778,
    "incomeTaxExpense": 172574000,
    "netIncome": 352764000,
    "netIncomeRatio": 0.2345857822,
    "eps": 1.25,
    "epsdiluted": 1.23,
    "weightedAverageShsOut": 282693000,
    "weightedAverageShsOutDil": 286223000,
    "link": "https://www.sec.gov/Archives/edgar/data/1116132/000114420413006187/0001144204-13-006187-index.htm",
    "finalLink": "https://www.sec.gov/Archives/edgar/data/1116132/000114420413006187/v331623_10q.htm"
  },
  {
    "date": "2012-09-30",
    "symbol": "TPR",
    "reportedCurrency": "USD",
    "cik": "0001116132",
    "fillingDate": "2012-11-07",
    "acceptedDate": "2012-11-07 17:13:57",
    "calendarYear": "2013",
    "period": "Q1",
    "revenue": 1161350000,
    "costOfRevenue": 316182000,
    "grossProfit": 845168000,
    "grossProfitRatio": 0.7277461575,
    "researchAndDevelopmentExpenses": 0,
    "generalAndAdministrativeExpenses": 42167000,
    "sellingAndMarketingExpenses": 442600000,
    "sellingGeneralAndAdministrativeExpenses": 513451000,
    "otherExpenses": 0,
    "operatingExpenses": 513451000,
    "costAndExpenses": 829633000,
    "interestIncome": 36000,
    "interestExpense": 0,
    "depreciationAndAmortization": 36104000,
    "ebitda": 367821000,
    "ebitdaratio": 0.3167184742,
    "operatingIncome": 331717000,
    "operatingIncomeRatio": 0.2856305162,
    "totalOtherIncomeExpensesNet": -2036000,
    "incomeBeforeTax": 329681000,
    "incomeBeforeTaxRatio": 0.2838773841,
    "incomeTaxExpense": 108300000,
    "netIncome": 221381000,
    "netIncomeRatio": 0.1906238429,
    "eps": 0.78,
    "epsdiluted": 0.77,
    "weightedAverageShsOut": 284569000,
    "weightedAverageShsOutDil": 288497000,
    "link": "https://www.sec.gov/Archives/edgar/data/1116132/000114420412060133/0001144204-12-060133-index.htm",
    "finalLink": "https://www.sec.gov/Archives/edgar/data/1116132/000114420412060133/v325843_10q.htm"
  },
  {
    "date": "2012-06-30",
    "symbol": "TPR",
    "reportedCurrency": "USD",
    "cik": "0001116132",
    "fillingDate": "2012-08-22",
    "acceptedDate": "2012-08-22 17:22:52",
    "calendarYear": "2012",
    "period": "Q4",
    "revenue": 1155191000,
    "costOfRevenue": 317044000,
    "grossProfit": 838147000,
    "grossProfitRatio": 0.7255484158,
    "researchAndDevelopmentExpenses": 0,
    "generalAndAdministrativeExpenses": 967092000,
    "sellingAndMarketingExpenses": -480575000,
    "sellingGeneralAndAdministrativeExpenses": 486517000,
    "otherExpenses": 0,
    "operatingExpenses": 486517000,
    "costAndExpenses": 803561000,
    "interestIncome": 365000,
    "interestExpense": 0,
    "depreciationAndAmortization": 34176000,
    "ebitda": 385806000,
    "ebitdaratio": 0.3339759399,
    "operatingIncome": 351630000,
    "operatingIncomeRatio": 0.3043912219,
    "totalOtherIncomeExpensesNet": -1521000,
    "incomeBeforeTax": 350109000,
    "incomeBeforeTaxRatio": 0.3030745565,
    "incomeTaxExpense": 98679000,
    "netIncome": 251430000,
    "netIncomeRatio": 0.217652319,
    "eps": 0.88,
    "epsdiluted": 0.87,
    "weightedAverageShsOut": 284569000,
    "weightedAverageShsOutDil": 288497000,
    "link": "https://www.sec.gov/Archives/edgar/data/1116132/000114420412047660/0001144204-12-047660-index.htm",
    "finalLink": "https://www.sec.gov/Archives/edgar/data/1116132/000114420412047660/v319486_10k.htm"
  },
  {
    "date": "2012-03-31",
    "symbol": "TPR",
    "reportedCurrency": "USD",
    "cik": "0001116132",
    "fillingDate": "2012-05-09",
    "acceptedDate": "2012-05-09 17:05:45",
    "calendarYear": "2012",
    "period": "Q3",
    "revenue": 1108981000,
    "costOfRevenue": 290914000,
    "grossProfit": 818067000,
    "grossProfitRatio": 0.7376744958,
    "researchAndDevelopmentExpenses": 0,
    "generalAndAdministrativeExpenses": 0,
    "sellingAndMarketingExpenses": 480575000,
    "sellingGeneralAndAdministrativeExpenses": 480575000,
    "otherExpenses": 0,
    "operatingExpenses": 480575000,
    "costAndExpenses": 771489000,
    "interestIncome": 257000,
    "interestExpense": 0,
    "depreciationAndAmortization": 33651000,
    "ebitda": 371143000,
    "ebitdaratio": 0.3346702964,
    "operatingIncome": 337492000,
    "operatingIncomeRatio": 0.3043262238,
    "totalOtherIncomeExpensesNet": -1672000,
    "incomeBeforeTax": 335820000,
    "incomeBeforeTaxRatio": 0.3028185334,
    "incomeTaxExpense": 110818000,
    "netIncome": 225002000,
    "netIncomeRatio": 0.2028907619,
    "eps": 0.78,
    "epsdiluted": 0.77,
    "weightedAverageShsOut": 287569000,
    "weightedAverageShsOutDil": 293496000,
    "link": "https://www.sec.gov/Archives/edgar/data/1116132/000114420412027248/0001144204-12-027248-index.htm",
    "finalLink": "https://www.sec.gov/Archives/edgar/data/1116132/000114420412027248/v310300_10q.htm"
  },
  {
    "date": "2011-12-31",
    "symbol": "TPR",
    "reportedCurrency": "USD",
    "cik": "0001116132",
    "fillingDate": "2012-02-08",
    "acceptedDate": "2012-02-08 17:06:34",
    "calendarYear": "2012",
    "period": "Q2",
    "revenue": 1448649000,
    "costOfRevenue": 403438000,
    "grossProfit": 1045211000,
    "grossProfitRatio": 0.7215074183,
    "researchAndDevelopmentExpenses": 0,
    "generalAndAdministrativeExpenses": 0,
    "sellingAndMarketingExpenses": 0,
    "sellingGeneralAndAdministrativeExpenses": 544310000,
    "otherExpenses": 0,
    "operatingExpenses": 544310000,
    "costAndExpenses": 947748000,
    "interestIncome": 0,
    "interestExpense": 0,
    "depreciationAndAmortization": 33028000,
    "ebitda": 533929000,
    "ebitdaratio": 0.3685703024,
    "operatingIncome": 500901000,
    "operatingIncomeRatio": 0.3457711288,
    "totalOtherIncomeExpensesNet": -1771000,
    "incomeBeforeTax": 499130000,
    "incomeBeforeTaxRatio": 0.3445486105,
    "incomeTaxExpense": 151635000,
    "netIncome": 347495000,
    "netIncomeRatio": 0.2398752217,
    "eps": 1.2,
    "epsdiluted": 1.18,
    "weightedAverageShsOut": 289812000,
    "weightedAverageShsOutDil": 295509000,
    "link": "https://www.sec.gov/Archives/edgar/data/1116132/000114420412006663/0001144204-12-006663-index.htm",
    "finalLink": "https://www.sec.gov/Archives/edgar/data/1116132/000114420412006663/v300145_10q.htm"
  },
  {
    "date": "2011-10-01",
    "symbol": "TPR",
    "reportedCurrency": "USD",
    "cik": "0001116132",
    "fillingDate": "2011-11-09",
    "acceptedDate": "2011-11-09 16:34:18",
    "calendarYear": "2012",
    "period": "Q1",
    "revenue": 1050359000,
    "costOfRevenue": 285706000,
    "grossProfit": 764653000,
    "grossProfitRatio": 0.7279920484,
    "researchAndDevelopmentExpenses": 0,
    "generalAndAdministrativeExpenses": 0,
    "sellingAndMarketingExpenses": 0,
    "sellingGeneralAndAdministrativeExpenses": 442687000,
    "otherExpenses": 0,
    "operatingExpenses": 442687000,
    "costAndExpenses": 728393000,
    "interestIncome": 114000,
    "interestExpense": 114000,
    "depreciationAndAmortization": 32054000,
    "ebitda": 354020000,
    "ebitdaratio": 0.3370466669,
    "operatingIncome": 321966000,
    "operatingIncomeRatio": 0.3065294818,
    "totalOtherIncomeExpensesNet": -1362000,
    "incomeBeforeTax": 320604000,
    "incomeBeforeTaxRatio": 0.3052327823,
    "incomeTaxExpense": 105621000,
    "netIncome": 214983000,
    "netIncomeRatio": 0.2046757347,
    "eps": 0.74,
    "epsdiluted": 0.73,
    "weightedAverageShsOut": 289778000,
    "weightedAverageShsOutDil": 296068000,
    "link": "https://www.sec.gov/Archives/edgar/data/1116132/000114420411062566/0001144204-11-062566-index.htm",
    "finalLink": "https://www.sec.gov/Archives/edgar/data/1116132/000114420411062566/v238247_10q.htm"
  },
  {
    "date": "2011-07-02",
    "symbol": "TPR",
    "reportedCurrency": "USD",
    "cik": "0001116132",
    "fillingDate": "2011-08-19",
    "acceptedDate": "2011-08-19 16:19:30",
    "calendarYear": "2011",
    "period": "Q4",
    "revenue": 1031675000,
    "costOfRevenue": 291136000,
    "grossProfit": 740539000,
    "grossProfitRatio": 0.7178026026,
    "researchAndDevelopmentExpenses": 0,
    "generalAndAdministrativeExpenses": 0,
    "sellingAndMarketingExpenses": 0,
    "sellingGeneralAndAdministrativeExpenses": 428447000,
    "otherExpenses": 0,
    "operatingExpenses": 428447000,
    "costAndExpenses": 719583000,
    "interestIncome": 261000,
    "interestExpense": 261000,
    "depreciationAndAmortization": 31257000,
    "ebitda": 343349000,
    "ebitdaratio": 0.3328073279,
    "operatingIncome": 312092000,
    "operatingIncomeRatio": 0.3025099959,
    "totalOtherIncomeExpensesNet": -1407000,
    "incomeBeforeTax": 310685000,
    "incomeBeforeTaxRatio": 0.3011461943,
    "incomeTaxExpense": 108204000,
    "netIncome": 202481000,
    "netIncomeRatio": 0.1962643274,
    "eps": 0.7,
    "epsdiluted": 0.68,
    "weightedAverageShsOut": 289778000,
    "weightedAverageShsOutDil": 296068000,
    "link": "https://www.sec.gov/Archives/edgar/data/1116132/000114420411048771/0001144204-11-048771-index.htm",
    "finalLink": "https://www.sec.gov/Archives/edgar/data/1116132/000114420411048771/v228306_10k.htm"
  },
  {
    "date": "2011-04-02",
    "symbol": "TPR",
    "reportedCurrency": "USD",
    "cik": "0001116132",
    "fillingDate": "2011-05-11",
    "acceptedDate": "2011-05-11 16:31:11",
    "calendarYear": "2011",
    "period": "Q3",
    "revenue": 950706000,
    "costOfRevenue": 259051000,
    "grossProfit": 691655000,
    "grossProfitRatio": 0.7275172346,
    "researchAndDevelopmentExpenses": 0,
    "generalAndAdministrativeExpenses": 0,
    "sellingAndMarketingExpenses": 0,
    "sellingGeneralAndAdministrativeExpenses": 437818000,
    "otherExpenses": 0,
    "operatingExpenses": 437818000,
    "costAndExpenses": 696869000,
    "interestIncome": 292000,
    "interestExpense": 292000,
    "depreciationAndAmortization": 30370000,
    "ebitda": 284207000,
    "ebitdaratio": 0.2989431012,
    "operatingIncome": 253837000,
    "operatingIncomeRatio": 0.2669984201,
    "totalOtherIncomeExpensesNet": -842000,
    "incomeBeforeTax": 252995000,
    "incomeBeforeTaxRatio": 0.2661127625,
    "incomeTaxExpense": 66980000,
    "netIncome": 186015000,
    "netIncomeRatio": 0.195659857,
    "eps": 0.63,
    "epsdiluted": 0.62,
    "weightedAverageShsOut": 294841000,
    "weightedAverageShsOutDil": 301620000,
    "link": "https://www.sec.gov/Archives/edgar/data/1116132/000114420411028134/0001144204-11-028134-index.htm",
    "finalLink": "https://www.sec.gov/Archives/edgar/data/1116132/000114420411028134/v219444_10q.htm"
  },
  {
    "date": "2011-01-01",
    "symbol": "TPR",
    "reportedCurrency": "USD",
    "cik": "0001116132",
    "fillingDate": "2011-02-09",
    "acceptedDate": "2011-02-09 17:10:57",
    "calendarYear": "2011",
    "period": "Q2",
    "revenue": 1264457000,
    "costOfRevenue": 349281000,
    "grossProfit": 915176000,
    "grossProfitRatio": 0.7237699661,
    "researchAndDevelopmentExpenses": 0,
    "generalAndAdministrativeExpenses": 0,
    "sellingAndMarketingExpenses": 0,
    "sellingGeneralAndAdministrativeExpenses": 461841000,
    "otherExpenses": 0,
    "operatingExpenses": 461841000,
    "costAndExpenses": 811122000,
    "interestIncome": 230000,
    "interestExpense": 230000,
    "depreciationAndAmortization": 31228000,
    "ebitda": 484563000,
    "ebitdaratio": 0.383218251,
    "operatingIncome": 453335000,
    "operatingIncomeRatio": 0.3585214839,
    "totalOtherIncomeExpensesNet": -894000,
    "incomeBeforeTax": 452441000,
    "incomeBeforeTaxRatio": 0.3578144611,
    "incomeTaxExpense": 149013000,
    "netIncome": 303428000,
    "netIncomeRatio": 0.2399670372,
    "eps": 1.02,
    "epsdiluted": 1,
    "weightedAverageShsOut": 297214000,
    "weightedAverageShsOutDil": 304655000,
    "link": "https://www.sec.gov/Archives/edgar/data/1116132/000114420411007005/0001144204-11-007005-index.htm",
    "finalLink": "https://www.sec.gov/Archives/edgar/data/1116132/000114420411007005/v209763_10q.htm"
  },
  {
    "date": "2010-10-02",
    "symbol": "TPR",
    "reportedCurrency": "USD",
    "cik": "0001116132",
    "fillingDate": "2010-11-08",
    "acceptedDate": "2010-11-08 16:17:54",
    "calendarYear": "2011",
    "period": "Q1",
    "revenue": 911669000,
    "costOfRevenue": 235498000,
    "grossProfit": 676171000,
    "grossProfitRatio": 0.7416847562,
    "researchAndDevelopmentExpenses": 0,
    "generalAndAdministrativeExpenses": 0,
    "sellingAndMarketingExpenses": 0,
    "sellingGeneralAndAdministrativeExpenses": 390511000,
    "otherExpenses": 0,
    "operatingExpenses": 390511000,
    "costAndExpenses": 626009000,
    "interestIncome": 248000,
    "interestExpense": 248000,
    "depreciationAndAmortization": 32251000,
    "ebitda": 317911000,
    "ebitdaratio": 0.3487131843,
    "operatingIncome": 285660000,
    "operatingIncomeRatio": 0.3133374064,
    "totalOtherIncomeExpensesNet": -562000,
    "incomeBeforeTax": 285098000,
    "incomeBeforeTaxRatio": 0.3127209546,
    "incomeTaxExpense": 96222000,
    "netIncome": 188876000,
    "netIncomeRatio": 0.2071760694,
    "eps": 0.64,
    "epsdiluted": 0.63,
    "weightedAverageShsOut": 296304000,
    "weightedAverageShsOutDil": 301249000,
    "link": "https://www.sec.gov/Archives/edgar/data/1116132/000114420410058246/0001144204-10-058246-index.htm",
    "finalLink": "https://www.sec.gov/Archives/edgar/data/1116132/000114420410058246/v200807_10q.htm"
  },
  {
    "date": "2010-07-03",
    "symbol": "TPR",
    "reportedCurrency": "USD",
    "cik": "0001116132",
    "fillingDate": "2010-08-25",
    "acceptedDate": "2010-08-25 16:13:05",
    "calendarYear": "2010",
    "period": "Q4",
    "revenue": 950525000,
    "costOfRevenue": 253526000,
    "grossProfit": 696999000,
    "grossProfitRatio": 0.7332779254,
    "researchAndDevelopmentExpenses": 0,
    "generalAndAdministrativeExpenses": 0,
    "sellingAndMarketingExpenses": 0,
    "sellingGeneralAndAdministrativeExpenses": 400034000,
    "otherExpenses": 0,
    "operatingExpenses": 400034000,
    "costAndExpenses": 653560000,
    "interestIncome": 0,
    "interestExpense": 380000,
    "depreciationAndAmortization": 32733000,
    "ebitda": 329698000,
    "ebitdaratio": 0.3468588412,
    "operatingIncome": 296965000,
    "operatingIncomeRatio": 0.3124220825,
    "totalOtherIncomeExpensesNet": 2137000,
    "incomeBeforeTax": 299102000,
    "incomeBeforeTaxRatio": 0.3146703138,
    "incomeTaxExpense": 103575000,
    "netIncome": 195527000,
    "netIncomeRatio": 0.2057042161,
    "eps": 0.66,
    "epsdiluted": 0.65,
    "weightedAverageShsOut": 296304000,
    "weightedAverageShsOutDil": 301249000,
    "link": "https://www.sec.gov/Archives/edgar/data/1116132/000114420410046620/0001144204-10-046620-index.htm",
    "finalLink": "https://www.sec.gov/Archives/edgar/data/1116132/000114420410046620/v190412_10k.htm"
  },
  {
    "date": "2010-03-27",
    "symbol": "TPR",
    "reportedCurrency": "USD",
    "cik": "0001116132",
    "fillingDate": "2010-05-05",
    "acceptedDate": "2010-05-05 17:21:35",
    "calendarYear": "2010",
    "period": "Q3",
    "revenue": 830669000,
    "costOfRevenue": 215094000,
    "grossProfit": 615575000,
    "grossProfitRatio": 0.7410593148,
    "researchAndDevelopmentExpenses": 0,
    "generalAndAdministrativeExpenses": 0,
    "sellingAndMarketingExpenses": 0,
    "sellingGeneralAndAdministrativeExpenses": 366453000,
    "otherExpenses": 0,
    "operatingExpenses": 366453000,
    "costAndExpenses": 581547000,
    "interestIncome": 2026000,
    "interestExpense": 104000,
    "depreciationAndAmortization": 32578000,
    "ebitda": 281700000,
    "ebitdaratio": 0.339124248,
    "operatingIncome": 249122000,
    "operatingIncomeRatio": 0.2999052571,
    "totalOtherIncomeExpensesNet": 104000,
    "incomeBeforeTax": 249226000,
    "incomeBeforeTaxRatio": 0.3000304574,
    "incomeTaxExpense": 91590000,
    "netIncome": 157636000,
    "netIncomeRatio": 0.1897699324,
    "eps": 0.51,
    "epsdiluted": 0.5,
    "weightedAverageShsOut": 309249000,
    "weightedAverageShsOutDil": 313960000,
    "link": "https://www.sec.gov/Archives/edgar/data/1116132/000114420410024723/0001144204-10-024723-index.htm",
    "finalLink": "https://www.sec.gov/Archives/edgar/data/1116132/000114420410024723/v183263_10q.htm"
  },
  {
    "date": "2009-12-26",
    "symbol": "TPR",
    "reportedCurrency": "USD",
    "cik": "0001116132",
    "fillingDate": "2010-02-03",
    "acceptedDate": "2010-02-03 16:37:20",
    "calendarYear": "2010",
    "period": "Q2",
    "revenue": 1065005000,
    "costOfRevenue": 294066000,
    "grossProfit": 770939000,
    "grossProfitRatio": 0.7238829865,
    "researchAndDevelopmentExpenses": 0,
    "generalAndAdministrativeExpenses": 0,
    "sellingAndMarketingExpenses": 0,
    "sellingGeneralAndAdministrativeExpenses": 390102000,
    "otherExpenses": 0,
    "operatingExpenses": 390102000,
    "costAndExpenses": 684168000,
    "interestIncome": 1904000,
    "interestExpense": 112000,
    "depreciationAndAmortization": 28053000,
    "ebitda": 408890000,
    "ebitdaratio": 0.3839324698,
    "operatingIncome": 380837000,
    "operatingIncomeRatio": 0.3575917484,
    "totalOtherIncomeExpensesNet": 112000,
    "incomeBeforeTax": 380949000,
    "incomeBeforeTaxRatio": 0.3576969122,
    "incomeTaxExpense": 139999000,
    "netIncome": 240950000,
    "netIncomeRatio": 0.2262430693,
    "eps": 0.76,
    "epsdiluted": 0.75,
    "weightedAverageShsOut": 317458000,
    "weightedAverageShsOutDil": 321381000,
    "link": "https://www.sec.gov/Archives/edgar/data/1116132/000114420410005154/0001144204-10-005154-index.htm",
    "finalLink": "https://www.sec.gov/Archives/edgar/data/1116132/000114420410005154/v172802_10-q.htm"
  },
  {
    "date": "2009-09-26",
    "symbol": "TPR",
    "reportedCurrency": "USD",
    "cik": "0001116132",
    "fillingDate": "2009-11-04",
    "acceptedDate": "2009-11-04 16:16:15",
    "calendarYear": "2010",
    "period": "Q1",
    "revenue": 761437000,
    "costOfRevenue": 211259000,
    "grossProfit": 550178000,
    "grossProfitRatio": 0.7225522269,
    "researchAndDevelopmentExpenses": 0,
    "generalAndAdministrativeExpenses": 0,
    "sellingAndMarketingExpenses": 0,
    "sellingGeneralAndAdministrativeExpenses": 326931000,
    "otherExpenses": 0,
    "operatingExpenses": 326931000,
    "costAndExpenses": 538190000,
    "interestIncome": 1835000,
    "interestExpense": 0,
    "depreciationAndAmortization": 33380000,
    "ebitda": 256627000,
    "ebitdaratio": 0.3370298528,
    "operatingIncome": 223247000,
    "operatingIncomeRatio": 0.2931916889,
    "totalOtherIncomeExpensesNet": -596000,
    "incomeBeforeTax": 222651000,
    "incomeBeforeTaxRatio": 0.2924089583,
    "incomeTaxExpense": 81824000,
    "netIncome": 140827000,
    "netIncomeRatio": 0.1849489846,
    "eps": 0.44,
    "epsdiluted": 0.44,
    "weightedAverageShsOut": 318286000,
    "weightedAverageShsOutDil": 321115000,
    "link": "https://www.sec.gov/Archives/edgar/data/1116132/000114420409056543/0001144204-09-056543-index.htm",
    "finalLink": "https://www.sec.gov/Archives/edgar/data/1116132/000114420409056543/v164516_10q.htm"
  },
  {
    "date": "2009-06-27",
    "symbol": "TPR",
    "reportedCurrency": "USD",
    "cik": "0001116132",
    "fillingDate": "2009-08-19",
    "acceptedDate": "2009-08-19 16:07:58",
    "calendarYear": "2009",
    "period": "Q4",
    "revenue": 777744000,
    "costOfRevenue": 230426000,
    "grossProfit": 547318000,
    "grossProfitRatio": 0.7037251332,
    "researchAndDevelopmentExpenses": 0,
    "generalAndAdministrativeExpenses": 0,
    "sellingAndMarketingExpenses": 0,
    "sellingGeneralAndAdministrativeExpenses": 342631000,
    "otherExpenses": 0,
    "operatingExpenses": 342631000,
    "costAndExpenses": 573057000,
    "interestIncome": 0,
    "interestExpense": 121000,
    "depreciationAndAmortization": 31191000,
    "ebitda": 235878000,
    "ebitdaratio": 0.3032848855,
    "operatingIncome": 204687000,
    "operatingIncomeRatio": 0.2631804296,
    "totalOtherIncomeExpensesNet": 2111000,
    "incomeBeforeTax": 206798000,
    "incomeBeforeTaxRatio": 0.2658946903,
    "incomeTaxExpense": 61005000,
    "netIncome": 145793000,
    "netIncomeRatio": 0.1874562838,
    "eps": 0.46,
    "epsdiluted": 0.45,
    "weightedAverageShsOut": 318286000,
    "weightedAverageShsOutDil": 321115000,
    "link": "https://www.sec.gov/Archives/edgar/data/1116132/000114420409044645/0001144204-09-044645-index.htm",
    "finalLink": "https://www.sec.gov/Archives/edgar/data/1116132/000114420409044645/v157845_10k.htm"
  },
  {
    "date": "2009-03-28",
    "symbol": "TPR",
    "reportedCurrency": "USD",
    "cik": "0001116132",
    "fillingDate": "2009-05-06",
    "acceptedDate": "2009-05-05 17:44:33",
    "calendarYear": "2009",
    "period": "Q3",
    "revenue": 739939000,
    "costOfRevenue": 214876000,
    "grossProfit": 525063000,
    "grossProfitRatio": 0.7096030889,
    "researchAndDevelopmentExpenses": 0,
    "generalAndAdministrativeExpenses": 0,
    "sellingAndMarketingExpenses": 0,
    "sellingGeneralAndAdministrativeExpenses": 339686000,
    "otherExpenses": 0,
    "operatingExpenses": 339686000,
    "costAndExpenses": 554562000,
    "interestIncome": 0,
    "interestExpense": 0,
    "depreciationAndAmortization": 30731000,
    "ebitda": 216108000,
    "ebitdaratio": 0.2920619132,
    "operatingIncome": 185377000,
    "operatingIncomeRatio": 0.2505301113,
    "totalOtherIncomeExpensesNet": -121000,
    "incomeBeforeTax": 185256000,
    "incomeBeforeTaxRatio": 0.2503665843,
    "incomeTaxExpense": 70397000,
    "netIncome": 114859000,
    "netIncomeRatio": 0.1552276607,
    "eps": 0.36,
    "epsdiluted": 0.36,
    "weightedAverageShsOut": 320163000,
    "weightedAverageShsOutDil": 321355000,
    "link": "https://www.sec.gov/Archives/edgar/data/1116132/000114420409024219/0001144204-09-024219-index.htm",
    "finalLink": "https://www.sec.gov/Archives/edgar/data/1116132/000114420409024219/v148033_10q.htm"
  },
  {
    "date": "2008-12-27",
    "symbol": "TPR",
    "reportedCurrency": "USD",
    "cik": "0001116132",
    "fillingDate": "2009-02-04",
    "acceptedDate": "2009-02-04 16:22:24",
    "calendarYear": "2009",
    "period": "Q2",
    "revenue": 960256000,
    "costOfRevenue": 268220000,
    "grossProfit": 692036000,
    "grossProfitRatio": 0.7206786524,
    "researchAndDevelopmentExpenses": 0,
    "generalAndAdministrativeExpenses": 0,
    "sellingAndMarketingExpenses": 0,
    "sellingGeneralAndAdministrativeExpenses": 343673000,
    "otherExpenses": 0,
    "operatingExpenses": 343673000,
    "costAndExpenses": 611893000,
    "interestIncome": 0,
    "interestExpense": 0,
    "depreciationAndAmortization": 30401000,
    "ebitda": 378764000,
    "ebitdaratio": 0.3944406492,
    "operatingIncome": 348363000,
    "operatingIncomeRatio": 0.3627813833,
    "totalOtherIncomeExpensesNet": 532000,
    "incomeBeforeTax": 348895000,
    "incomeBeforeTaxRatio": 0.3633354022,
    "incomeTaxExpense": 131989000,
    "netIncome": 216906000,
    "netIncomeRatio": 0.2258835144,
    "eps": 0.67,
    "epsdiluted": 0.67,
    "weightedAverageShsOut": 323655000,
    "weightedAverageShsOutDil": 325168000,
    "link": "https://www.sec.gov/Archives/edgar/data/1116132/000114420409005232/0001144204-09-005232-index.htm",
    "finalLink": "https://www.sec.gov/Archives/edgar/data/1116132/000114420409005232/v138701_10q.htm"
  },
  {
    "date": "2008-09-27",
    "symbol": "TPR",
    "reportedCurrency": "USD",
    "cik": "0001116132",
    "fillingDate": "2008-10-31",
    "acceptedDate": "2008-10-31 16:07:39",
    "calendarYear": "2009",
    "period": "Q1",
    "revenue": 752529000,
    "costOfRevenue": 194336000,
    "grossProfit": 558193000,
    "grossProfitRatio": 0.7417561317,
    "researchAndDevelopmentExpenses": 0,
    "generalAndAdministrativeExpenses": 0,
    "sellingAndMarketingExpenses": 0,
    "sellingGeneralAndAdministrativeExpenses": 324707000,
    "otherExpenses": 0,
    "operatingExpenses": 324707000,
    "costAndExpenses": 519043000,
    "interestIncome": 0,
    "interestExpense": 0,
    "depreciationAndAmortization": 30691000,
    "ebitda": 264177000,
    "ebitdaratio": 0.3510522518,
    "operatingIncome": 233486000,
    "operatingIncomeRatio": 0.3102684415,
    "totalOtherIncomeExpensesNet": 2646000,
    "incomeBeforeTax": 236132000,
    "incomeBeforeTaxRatio": 0.313784585,
    "incomeTaxExpense": 90321000,
    "netIncome": 145811000,
    "netIncomeRatio": 0.1937613036,
    "eps": 0.44,
    "epsdiluted": 0.44,
    "weightedAverageShsOut": 331865000,
    "weightedAverageShsOutDil": 334023000,
    "link": "https://www.sec.gov/Archives/edgar/data/1116132/000114420408060489/0001144204-08-060489-index.htm",
    "finalLink": "https://www.sec.gov/Archives/edgar/data/1116132/000114420408060489/v130250_10q.htm"
  },
  {
    "date": "2008-06-28",
    "symbol": "TPR",
    "reportedCurrency": "USD",
    "cik": "0001116132",
    "fillingDate": "2008-08-21",
    "acceptedDate": "2008-08-21 16:30:40",
    "calendarYear": "2008",
    "period": "Q4",
    "revenue": 781500000,
    "costOfRevenue": 188208000,
    "grossProfit": 593292000,
    "grossProfitRatio": 0.7591708253,
    "researchAndDevelopmentExpenses": 0,
    "generalAndAdministrativeExpenses": 0,
    "sellingAndMarketingExpenses": 0,
    "sellingGeneralAndAdministrativeExpenses": 344676000,
    "otherExpenses": 0,
    "operatingExpenses": 344676000,
    "costAndExpenses": 532884000,
    "interestIncome": 0,
    "interestExpense": 0,
    "depreciationAndAmortization": 25756000,
    "ebitda": 274372000,
    "ebitdaratio": 0.3510838132,
    "operatingIncome": 248616000,
    "operatingIncomeRatio": 0.3181266795,
    "totalOtherIncomeExpensesNet": 12709000,
    "incomeBeforeTax": 261325000,
    "incomeBeforeTaxRatio": 0.3343889955,
    "incomeTaxExpense": 47801000,
    "netIncome": 213524000,
    "netIncomeRatio": 0.2732232885,
    "eps": 0.64,
    "epsdiluted": 0.64,
    "weightedAverageShsOut": 331865000,
    "weightedAverageShsOutDil": 334023000,
    "link": "https://www.sec.gov/Archives/edgar/data/1116132/000114420408049205/0001144204-08-049205-index.htm",
    "finalLink": "https://www.sec.gov/Archives/edgar/data/1116132/000114420408049205/v124224_10k.htm"
  },
  {
    "date": "2008-03-29",
    "symbol": "TPR",
    "reportedCurrency": "USD",
    "cik": "0001116132",
    "fillingDate": "2008-05-07",
    "acceptedDate": "2008-05-07 16:06:46",
    "calendarYear": "2008",
    "period": "Q3",
    "revenue": 744522000,
    "costOfRevenue": 186204000,
    "grossProfit": 558318000,
    "grossProfitRatio": 0.7499012789,
    "researchAndDevelopmentExpenses": 0,
    "generalAndAdministrativeExpenses": 0,
    "sellingAndMarketingExpenses": 0,
    "sellingGeneralAndAdministrativeExpenses": 301626000,
    "otherExpenses": 0,
    "operatingExpenses": 301626000,
    "costAndExpenses": 487830000,
    "interestIncome": 0,
    "interestExpense": 0,
    "depreciationAndAmortization": 25809000,
    "ebitda": 282501000,
    "ebitdaratio": 0.3794394256,
    "operatingIncome": 256692000,
    "operatingIncomeRatio": 0.344774231,
    "totalOtherIncomeExpensesNet": 9547000,
    "incomeBeforeTax": 266239000,
    "incomeBeforeTaxRatio": 0.3575972235,
    "incomeTaxExpense": 103827000,
    "netIncome": 162408000,
    "netIncomeRatio": 0.2181372747,
    "eps": 0.47,
    "epsdiluted": 0.46,
    "weightedAverageShsOut": 348125000,
    "weightedAverageShsOutDil": 351593000,
    "link": "https://www.sec.gov/Archives/edgar/data/1116132/000114420408026609/0001144204-08-026609-index.htm",
    "finalLink": "https://www.sec.gov/Archives/edgar/data/1116132/000114420408026609/v112931_10q.htm"
  },
  {
    "date": "2007-12-29",
    "symbol": "TPR",
    "reportedCurrency": "USD",
    "cik": "0001116132",
    "fillingDate": "2008-02-06",
    "acceptedDate": "2008-02-06 17:13:21",
    "calendarYear": "2008",
    "period": "Q2",
    "revenue": 978017000,
    "costOfRevenue": 240745000,
    "grossProfit": 737272000,
    "grossProfitRatio": 0.7538437471,
    "researchAndDevelopmentExpenses": 0,
    "generalAndAdministrativeExpenses": 0,
    "sellingAndMarketingExpenses": 0,
    "sellingGeneralAndAdministrativeExpenses": 334209000,
    "otherExpenses": 0,
    "operatingExpenses": 334209000,
    "costAndExpenses": 574954000,
    "interestIncome": 0,
    "interestExpense": 0,
    "depreciationAndAmortization": 24411000,
    "ebitda": 427474000,
    "ebitdaratio": 0.437082382,
    "operatingIncome": 403063000,
    "operatingIncomeRatio": 0.4121226932,
    "totalOtherIncomeExpensesNet": 10568000,
    "incomeBeforeTax": 413631000,
    "incomeBeforeTaxRatio": 0.4229282313,
    "incomeTaxExpense": 161314000,
    "netIncome": 252317000,
    "netIncomeRatio": 0.2579883581,
    "eps": 0.7,
    "epsdiluted": 0.69,
    "weightedAverageShsOut": 362167000,
    "weightedAverageShsOutDil": 366569000,
    "link": "https://www.sec.gov/Archives/edgar/data/1116132/000114420408006515/0001144204-08-006515-index.htm",
    "finalLink": "https://www.sec.gov/Archives/edgar/data/1116132/000114420408006515/v102118_10-q.htm"
  },
  {
    "date": "2007-09-29",
    "symbol": "TPR",
    "reportedCurrency": "USD",
    "cik": "0001116132",
    "fillingDate": "2007-11-08",
    "acceptedDate": "2007-11-08 16:17:28",
    "calendarYear": "2008",
    "period": "Q1",
    "revenue": 676718000,
    "costOfRevenue": 158497000,
    "grossProfit": 518221000,
    "grossProfitRatio": 0.7657857483,
    "researchAndDevelopmentExpenses": 0,
    "generalAndAdministrativeExpenses": 0,
    "sellingAndMarketingExpenses": 0,
    "sellingGeneralAndAdministrativeExpenses": 279463000,
    "otherExpenses": 0,
    "operatingExpenses": 279463000,
    "costAndExpenses": 437960000,
    "interestIncome": 0,
    "interestExpense": 0,
    "depreciationAndAmortization": 24728000,
    "ebitda": 263486000,
    "ebitdaratio": 0.3893586398,
    "operatingIncome": 238758000,
    "operatingIncomeRatio": 0.3528175695,
    "totalOtherIncomeExpensesNet": 14996000,
    "incomeBeforeTax": 253754000,
    "incomeBeforeTaxRatio": 0.3749774648,
    "incomeTaxExpense": 98968000,
    "netIncome": 154806000,
    "netIncomeRatio": 0.2287599857,
    "eps": 0.42,
    "epsdiluted": 0.41,
    "weightedAverageShsOut": 372186000,
    "weightedAverageShsOutDil": 379285000,
    "link": "https://www.sec.gov/Archives/edgar/data/1116132/000114420407059298/0001144204-07-059298-index.htm",
    "finalLink": "https://www.sec.gov/Archives/edgar/data/1116132/000114420407059298/v092918_10q.htm"
  },
  {
    "date": "2007-06-30",
    "symbol": "TPR",
    "reportedCurrency": "USD",
    "cik": "0001116132",
    "fillingDate": "2007-08-23",
    "acceptedDate": "2007-08-23 17:00:59",
    "calendarYear": "2007",
    "period": "Q4",
    "revenue": 652129000,
    "costOfRevenue": 142853000,
    "grossProfit": 509276000,
    "grossProfitRatio": 0.7809436477,
    "researchAndDevelopmentExpenses": 0,
    "generalAndAdministrativeExpenses": 0,
    "sellingAndMarketingExpenses": 0,
    "sellingGeneralAndAdministrativeExpenses": 263875000,
    "otherExpenses": 0,
    "operatingExpenses": 263875000,
    "costAndExpenses": 406728000,
    "interestIncome": 0,
    "interestExpense": 0,
    "depreciationAndAmortization": 21329000,
    "ebitda": 266730000,
    "ebitdaratio": 0.4090141674,
    "operatingIncome": 245401000,
    "operatingIncomeRatio": 0.3763074484,
    "totalOtherIncomeExpensesNet": 13808000,
    "incomeBeforeTax": 259209000,
    "incomeBeforeTaxRatio": 0.3974811732,
    "incomeTaxExpense": 99806000,
    "netIncome": 160612000,
    "netIncomeRatio": 0.2462886944,
    "eps": 0.43,
    "epsdiluted": 0.42,
    "weightedAverageShsOut": 372186000,
    "weightedAverageShsOutDil": 379285000,
    "link": "https://www.sec.gov/Archives/edgar/data/1116132/000114420407046122/0001144204-07-046122-index.htm",
    "finalLink": "https://www.sec.gov/Archives/edgar/data/1116132/000114420407046122/v085741_10k.htm"
  },
  {
    "date": "2007-03-31",
    "symbol": "TPR",
    "reportedCurrency": "USD",
    "cik": "0001116132",
    "fillingDate": "2007-05-04",
    "acceptedDate": "2007-05-04 16:05:46",
    "calendarYear": "2007",
    "period": "Q3",
    "revenue": 625303000,
    "costOfRevenue": 138893000,
    "grossProfit": 486410000,
    "grossProfitRatio": 0.7778788843,
    "researchAndDevelopmentExpenses": 0,
    "generalAndAdministrativeExpenses": 0,
    "sellingAndMarketingExpenses": 0,
    "sellingGeneralAndAdministrativeExpenses": 259783000,
    "otherExpenses": 0,
    "operatingExpenses": 259783000,
    "costAndExpenses": 398676000,
    "interestIncome": 0,
    "interestExpense": 0,
    "depreciationAndAmortization": 20642000,
    "ebitda": 247252000,
    "ebitdaratio": 0.3954115045,
    "operatingIncome": 226627000,
    "operatingIncomeRatio": 0.3624274952,
    "totalOtherIncomeExpensesNet": 12988000,
    "incomeBeforeTax": 239615000,
    "incomeBeforeTaxRatio": 0.3831982255,
    "incomeTaxExpense": 92225000,
    "netIncome": 149964000,
    "netIncomeRatio": 0.2398261323,
    "eps": 0.41,
    "epsdiluted": 0.4,
    "weightedAverageShsOut": 370264000,
    "weightedAverageShsOutDil": 379289000,
    "link": "https://www.sec.gov/Archives/edgar/data/1116132/000093041307004123/0000930413-07-004123-index.htm",
    "finalLink": "https://www.sec.gov/Archives/edgar/data/1116132/000093041307004123/c48334_10-q.htm"
  },
  {
    "date": "2006-12-30",
    "symbol": "TPR",
    "reportedCurrency": "USD",
    "cik": "0001116132",
    "fillingDate": "2007-02-08",
    "acceptedDate": "2007-02-08 16:52:56",
    "calendarYear": "2007",
    "period": "Q2",
    "revenue": 805603000,
    "costOfRevenue": 191911000,
    "grossProfit": 621295000,
    "grossProfitRatio": 0.7712173366,
    "researchAndDevelopmentExpenses": 0,
    "generalAndAdministrativeExpenses": 0,
    "sellingAndMarketingExpenses": 0,
    "sellingGeneralAndAdministrativeExpenses": 282489000,
    "otherExpenses": 0,
    "operatingExpenses": 282489000,
    "costAndExpenses": 474400000,
    "interestIncome": 0,
    "interestExpense": 0,
    "depreciationAndAmortization": 20084000,
    "ebitda": 361987000,
    "ebitdaratio": 0.449336708,
    "operatingIncome": 361987000,
    "operatingIncomeRatio": 0.449336708,
    "totalOtherIncomeExpensesNet": 7888000,
    "incomeBeforeTax": 348603000,
    "incomeBeforeTaxRatio": 0.4327230658,
    "incomeTaxExpense": 142402000,
    "netIncome": 227473000,
    "netIncomeRatio": 0.2823636456,
    "eps": 0.62,
    "epsdiluted": 0.61,
    "weightedAverageShsOut": 368138000,
    "weightedAverageShsOutDil": 375496000,
    "link": "https://www.sec.gov/Archives/edgar/data/1116132/000095013607000740/0000950136-07-000740-index.htm",
    "finalLink": "https://www.sec.gov/Archives/edgar/data/1116132/000095013607000740/file1.htm"
  },
  {
    "date": "2006-09-30",
    "symbol": "TPR",
    "reportedCurrency": "USD",
    "cik": "0001116132",
    "fillingDate": "2006-11-07",
    "acceptedDate": "2006-11-07 16:08:34",
    "calendarYear": "2007",
    "period": "Q1",
    "revenue": 529421000,
    "costOfRevenue": 129171000,
    "grossProfit": 406005000,
    "grossProfitRatio": 0.7668849555,
    "researchAndDevelopmentExpenses": 0,
    "generalAndAdministrativeExpenses": 0,
    "sellingAndMarketingExpenses": 0,
    "sellingGeneralAndAdministrativeExpenses": 227014000,
    "otherExpenses": 0,
    "operatingExpenses": 227014000,
    "costAndExpenses": 356185000,
    "interestIncome": 0,
    "interestExpense": 0,
    "depreciationAndAmortization": 18832000,
    "ebitda": 197666000,
    "ebitdaratio": 0.373362598,
    "operatingIncome": 180654000,
    "operatingIncomeRatio": 0.3412293808,
    "totalOtherIncomeExpensesNet": 6589000,
    "incomeBeforeTax": 187243000,
    "incomeBeforeTaxRatio": 0.3536750526,
    "incomeTaxExpense": 72004000,
    "netIncome": 125616000,
    "netIncomeRatio": 0.2372705276,
    "eps": 0.34,
    "epsdiluted": 0.34,
    "weightedAverageShsOut": 368171000,
    "weightedAverageShsOutDil": 373672000,
    "link": "https://www.sec.gov/Archives/edgar/data/1116132/000095013606009238/0000950136-06-009238-index.htm",
    "finalLink": "https://www.sec.gov/Archives/edgar/data/1116132/000095013606009238/file1.htm"
  },
  {
    "date": "2006-07-01",
    "symbol": "TPR",
    "reportedCurrency": "USD",
    "cik": "0001116132",
    "fillingDate": "2006-08-25",
    "acceptedDate": "2006-08-24 21:46:13",
    "calendarYear": "2006",
    "period": "Q4",
    "revenue": 514355000,
    "costOfRevenue": 111282000,
    "grossProfit": 403073000,
    "grossProfitRatio": 0.7836474808,
    "researchAndDevelopmentExpenses": 0,
    "generalAndAdministrativeExpenses": 0,
    "sellingAndMarketingExpenses": 0,
    "sellingGeneralAndAdministrativeExpenses": 222956000,
    "otherExpenses": 0,
    "operatingExpenses": 222956000,
    "costAndExpenses": 334238000,
    "interestIncome": 0,
    "interestExpense": 32623000,
    "depreciationAndAmortization": 17081000,
    "ebitda": 197198000,
    "ebitdaratio": 0.3833889046,
    "operatingIncome": 180117000,
    "operatingIncomeRatio": 0.3501803229,
    "totalOtherIncomeExpensesNet": 9628000,
    "incomeBeforeTax": 189745000,
    "incomeBeforeTaxRatio": 0.3688989122,
    "incomeTaxExpense": 72103000,
    "netIncome": 117642000,
    "netIncomeRatio": 0.22871752,
    "eps": 0.32,
    "epsdiluted": 0.31,
    "weightedAverageShsOut": 368171000,
    "weightedAverageShsOutDil": 373672000,
    "link": "https://www.sec.gov/Archives/edgar/data/1116132/000095013606007118/0000950136-06-007118-index.htm",
    "finalLink": "https://www.sec.gov/Archives/edgar/data/1116132/000095013606007118/file1.htm"
  },
  {
    "date": "2006-04-01",
    "symbol": "TPR",
    "reportedCurrency": "USD",
    "cik": "0001116132",
    "fillingDate": "2006-05-05",
    "acceptedDate": "2006-05-05 16:03:27",
    "calendarYear": "2006",
    "period": "Q3",
    "revenue": 497859000,
    "costOfRevenue": 108090000,
    "grossProfit": 376199000,
    "grossProfitRatio": 0.7556336232,
    "researchAndDevelopmentExpenses": 0,
    "generalAndAdministrativeExpenses": 0,
    "sellingAndMarketingExpenses": 0,
    "sellingGeneralAndAdministrativeExpenses": 224333000,
    "otherExpenses": 0,
    "operatingExpenses": 224333000,
    "costAndExpenses": 332423000,
    "interestIncome": 0,
    "interestExpense": 0,
    "depreciationAndAmortization": 16409000,
    "ebitda": 181845000,
    "ebitdaratio": 0.3652540177,
    "operatingIncome": 165436000,
    "operatingIncomeRatio": 0.3322948867,
    "totalOtherIncomeExpensesNet": 10118000,
    "incomeBeforeTax": 175554000,
    "incomeBeforeTaxRatio": 0.3526179099,
    "incomeTaxExpense": 66708000,
    "netIncome": 108846000,
    "netIncomeRatio": 0.2186281658,
    "eps": 0.28,
    "epsdiluted": 0.28,
    "weightedAverageShsOut": 383739000,
    "weightedAverageShsOutDil": 391453000,
    "link": "https://www.sec.gov/Archives/edgar/data/1116132/000095013606003495/0000950136-06-003495-index.htm",
    "finalLink": "https://www.sec.gov/Archives/edgar/data/1116132/000095013606003495/file001.htm"
  },
  {
    "date": "2005-12-31",
    "symbol": "TPR",
    "reportedCurrency": "USD",
    "cik": "0001116132",
    "fillingDate": "2006-02-09",
    "acceptedDate": "2006-02-09 16:08:03",
    "calendarYear": "2006",
    "period": "Q2",
    "revenue": 650336000,
    "costOfRevenue": 145660000,
    "grossProfit": 504676000,
    "grossProfitRatio": 0.7760234709,
    "researchAndDevelopmentExpenses": 0,
    "generalAndAdministrativeExpenses": 0,
    "sellingAndMarketingExpenses": 0,
    "sellingGeneralAndAdministrativeExpenses": 230734000,
    "otherExpenses": 0,
    "operatingExpenses": 230734000,
    "costAndExpenses": 376394000,
    "interestIncome": 0,
    "interestExpense": 0,
    "depreciationAndAmortization": 17636000,
    "ebitda": 291578000,
    "ebitdaratio": 0.4483497761,
    "operatingIncome": 273942000,
    "operatingIncomeRatio": 0.4212314865,
    "totalOtherIncomeExpensesNet": 6990000,
    "incomeBeforeTax": 280932000,
    "incomeBeforeTaxRatio": 0.4319797766,
    "incomeTaxExpense": 106758000,
    "netIncome": 174174000,
    "netIncomeRatio": 0.2678215569,
    "eps": 0.46,
    "epsdiluted": 0.45,
    "weightedAverageShsOut": 380837000,
    "weightedAverageShsOutDil": 390620000,
    "link": "https://www.sec.gov/Archives/edgar/data/1116132/000095013606000844/0000950136-06-000844-index.htm",
    "finalLink": "https://www.sec.gov/Archives/edgar/data/1116132/000095013606000844/file001.htm"
  },
  {
    "date": "2005-10-01",
    "symbol": "TPR",
    "reportedCurrency": "USD",
    "cik": "0001116132",
    "fillingDate": "2005-11-09",
    "acceptedDate": "2005-11-09 16:28:15",
    "calendarYear": "2006",
    "period": "Q1",
    "revenue": 448951000,
    "costOfRevenue": 107590000,
    "grossProfit": 341361000,
    "grossProfitRatio": 0.7603524661,
    "researchAndDevelopmentExpenses": 0,
    "generalAndAdministrativeExpenses": 0,
    "sellingAndMarketingExpenses": 0,
    "sellingGeneralAndAdministrativeExpenses": 196252000,
    "otherExpenses": 0,
    "operatingExpenses": 196252000,
    "costAndExpenses": 303842000,
    "interestIncome": 0,
    "interestExpense": 0,
    "depreciationAndAmortization": 13989000,
    "ebitda": 159098000,
    "ebitdaratio": 0.3543772037,
    "operatingIncome": 145109000,
    "operatingIncomeRatio": 0.3232179013,
    "totalOtherIncomeExpensesNet": 5887000,
    "incomeBeforeTax": 150996000,
    "incomeBeforeTaxRatio": 0.3363306909,
    "incomeTaxExpense": 57381000,
    "netIncome": 93615000,
    "netIncomeRatio": 0.2085194153,
    "eps": 0.25,
    "epsdiluted": 0.24,
    "weightedAverageShsOut": 379551000,
    "weightedAverageShsOutDil": 389972000,
    "link": "https://www.sec.gov/Archives/edgar/data/1116132/000095013605007093/0000950136-05-007093-index.htm",
    "finalLink": "https://www.sec.gov/Archives/edgar/data/1116132/000095013605007093/file001.htm"
  },
  {
    "date": "2005-07-02",
    "symbol": "TPR",
    "reportedCurrency": "USD",
    "cik": "0001116132",
    "fillingDate": "2005-09-09",
    "acceptedDate": "2005-09-09 17:20:48",
    "calendarYear": "2005",
    "period": "Q4",
    "revenue": 418660000,
    "costOfRevenue": 93704000,
    "grossProfit": 324956000,
    "grossProfitRatio": 0.7761811494,
    "researchAndDevelopmentExpenses": 0,
    "generalAndAdministrativeExpenses": 0,
    "sellingAndMarketingExpenses": 0,
    "sellingGeneralAndAdministrativeExpenses": 183547000,
    "otherExpenses": 0,
    "operatingExpenses": 183547000,
    "costAndExpenses": 277251000,
    "interestIncome": 0,
    "interestExpense": 0,
    "depreciationAndAmortization": 13863000,
    "ebitda": 155272000,
    "ebitdaratio": 0.3708785172,
    "operatingIncome": 141409000,
    "operatingIncomeRatio": 0.3377657288,
    "totalOtherIncomeExpensesNet": 4836000,
    "incomeBeforeTax": 146245000,
    "incomeBeforeTaxRatio": 0.3493168681,
    "incomeTaxExpense": 48573000,
    "netIncome": 97565000,
    "netIncomeRatio": 0.2330411312,
    "eps": 0.24,
    "epsdiluted": 0.23,
    "weightedAverageShsOut": 379551000,
    "weightedAverageShsOutDil": 389972000,
    "link": "https://www.sec.gov/Archives/edgar/data/1116132/000095012305010967/0000950123-05-010967-index.htm",
    "finalLink": "https://www.sec.gov/Archives/edgar/data/1116132/000095012305010967/y12642e10vk.htm"
  },
  {
    "date": "2005-04-02",
    "symbol": "TPR",
    "reportedCurrency": "USD",
    "cik": "0001116132",
    "fillingDate": "2005-05-12",
    "acceptedDate": "2005-05-12 16:15:35",
    "calendarYear": "2005",
    "period": "Q3",
    "revenue": 415939000,
    "costOfRevenue": 91266000,
    "grossProfit": 324673000,
    "grossProfitRatio": 0.7805784021,
    "researchAndDevelopmentExpenses": 0,
    "generalAndAdministrativeExpenses": 0,
    "sellingAndMarketingExpenses": 0,
    "sellingGeneralAndAdministrativeExpenses": 178842000,
    "otherExpenses": 0,
    "operatingExpenses": 178842000,
    "costAndExpenses": 270108000,
    "interestIncome": 0,
    "interestExpense": 0,
    "depreciationAndAmortization": 15454000,
    "ebitda": 145027000,
    "ebitdaratio": 0.3486737238,
    "operatingIncome": 132336000,
    "operatingIncomeRatio": 0.3181620382,
    "totalOtherIncomeExpensesNet": 4945000,
    "incomeBeforeTax": 137281000,
    "incomeBeforeTaxRatio": 0.3300508007,
    "incomeTaxExpense": 52168000,
    "netIncome": 80872000,
    "netIncomeRatio": 0.1944323567,
    "eps": 0.21,
    "epsdiluted": 0.21,
    "weightedAverageShsOut": 379695000,
    "weightedAverageShsOutDil": 391609000,
    "link": "https://www.sec.gov/Archives/edgar/data/1116132/000095012305006229/0000950123-05-006229-index.htm",
    "finalLink": "https://www.sec.gov/Archives/edgar/data/1116132/000095012305006229/y09049e10vq.htm"
  },
  {
    "date": "2005-01-01",
    "symbol": "TPR",
    "reportedCurrency": "USD",
    "cik": "0001116132",
    "fillingDate": "2005-02-10",
    "acceptedDate": "2005-02-10 16:30:26",
    "calendarYear": "2005",
    "period": "Q2",
    "revenue": 531759000,
    "costOfRevenue": 128791000,
    "grossProfit": 402968000,
    "grossProfitRatio": 0.7578019366,
    "researchAndDevelopmentExpenses": 0,
    "generalAndAdministrativeExpenses": 0,
    "sellingAndMarketingExpenses": 0,
    "sellingGeneralAndAdministrativeExpenses": 179833000,
    "otherExpenses": 0,
    "operatingExpenses": 179833000,
    "costAndExpenses": 308624000,
    "interestIncome": 0,
    "interestExpense": 0,
    "depreciationAndAmortization": 14296000,
    "ebitda": 224695000,
    "ebitdaratio": 0.4225504411,
    "operatingIncome": 211490000,
    "operatingIncomeRatio": 0.3977177631,
    "totalOtherIncomeExpensesNet": 500,
    "incomeBeforeTax": 214959000,
    "incomeBeforeTaxRatio": 0.4042413951,
    "incomeTaxExpense": 81684000,
    "netIncome": 126903000,
    "netIncomeRatio": 0.2386475828,
    "eps": 0.33,
    "epsdiluted": 0.32,
    "weightedAverageShsOut": 379354000,
    "weightedAverageShsOutDil": 390513000,
    "link": "https://www.sec.gov/Archives/edgar/data/1116132/000095012305001485/0000950123-05-001485-index.htm",
    "finalLink": "https://www.sec.gov/Archives/edgar/data/1116132/000095012305001485/y05598e10vq.htm"
  },
  {
    "date": "2004-10-02",
    "symbol": "TPR",
    "reportedCurrency": "USD",
    "cik": "0001116132",
    "fillingDate": "2004-11-08",
    "acceptedDate": "2004-11-08 16:46:27",
    "calendarYear": "2005",
    "period": "Q1",
    "revenue": 344065000,
    "costOfRevenue": 85891000,
    "grossProfit": 258174000,
    "grossProfitRatio": 0.7503640301,
    "researchAndDevelopmentExpenses": 0,
    "generalAndAdministrativeExpenses": 0,
    "sellingAndMarketingExpenses": 0,
    "sellingGeneralAndAdministrativeExpenses": 146739000,
    "otherExpenses": 100000000,
    "operatingExpenses": 157617000,
    "costAndExpenses": 243508000,
    "interestIncome": 0,
    "interestExpense": 0,
    "depreciationAndAmortization": 12601000,
    "ebitda": 13158000,
    "ebitdaratio": 0.0382427739,
    "operatingIncome": 100557000,
    "operatingIncomeRatio": 0.2922616366,
    "totalOtherIncomeExpensesNet": 2510000,
    "incomeBeforeTax": 103067000,
    "incomeBeforeTaxRatio": 0.2995567698,
    "incomeTaxExpense": 39165000,
    "netIncome": 60981000,
    "netIncomeRatio": 0.1772368593,
    "eps": 0.16,
    "epsdiluted": 0.16,
    "weightedAverageShsOut": 377981000,
    "weightedAverageShsOutDil": 389492000,
    "link": "https://www.sec.gov/Archives/edgar/data/1116132/000095012304013185/0000950123-04-013185-index.htm",
    "finalLink": "https://www.sec.gov/Archives/edgar/data/1116132/000095012304013185/y68480e10vq.htm"
  },
  {
    "date": "2004-07-03",
    "symbol": "TPR",
    "reportedCurrency": "USD",
    "cik": "0001116132",
    "fillingDate": "2004-09-16",
    "acceptedDate": "2004-09-16 16:05:12",
    "calendarYear": "2004",
    "period": "Q4",
    "revenue": 338145000,
    "costOfRevenue": 78632000,
    "grossProfit": 259513000,
    "grossProfitRatio": 0.7674607047,
    "researchAndDevelopmentExpenses": 0,
    "generalAndAdministrativeExpenses": 0,
    "sellingAndMarketingExpenses": 0,
    "sellingGeneralAndAdministrativeExpenses": 148246000,
    "otherExpenses": 0,
    "operatingExpenses": 148246000,
    "costAndExpenses": 226878000,
    "interestIncome": 0,
    "interestExpense": 0,
    "depreciationAndAmortization": 12315000,
    "ebitda": 123582000,
    "ebitdaratio": 0.3654704343,
    "operatingIncome": 111267000,
    "operatingIncomeRatio": 0.3290511467,
    "totalOtherIncomeExpensesNet": 1553000,
    "incomeBeforeTax": 112820000,
    "incomeBeforeTaxRatio": 0.333643851,
    "incomeTaxExpense": 42299000,
    "netIncome": 65670000,
    "netIncomeRatio": 0.1942066273,
    "eps": 0.17,
    "epsdiluted": 0.17,
    "weightedAverageShsOut": 377982000,
    "weightedAverageShsOutDil": 389492000,
    "link": "https://www.sec.gov/Archives/edgar/data/1116132/000095012304011048/0000950123-04-011048-index.htm",
    "finalLink": "https://www.sec.gov/Archives/edgar/data/1116132/000095012304011048/y02130e10vk.htm"
  },
  {
    "date": "2004-03-27",
    "symbol": "TPR",
    "reportedCurrency": "USD",
    "cik": "0001116132",
    "fillingDate": "2004-05-07",
    "acceptedDate": "2004-05-07 16:04:59",
    "calendarYear": "2004",
    "period": "Q3",
    "revenue": 313073000,
    "costOfRevenue": 75556000,
    "grossProfit": 237517000,
    "grossProfitRatio": 0.7586633149,
    "researchAndDevelopmentExpenses": 0,
    "generalAndAdministrativeExpenses": 0,
    "sellingAndMarketingExpenses": 0,
    "sellingGeneralAndAdministrativeExpenses": 136648000,
    "otherExpenses": 0,
    "operatingExpenses": 136648000,
    "costAndExpenses": 212204000,
    "interestIncome": 0,
    "interestExpense": 0,
    "depreciationAndAmortization": 12016000,
    "ebitda": 112885000,
    "ebitdaratio": 0.3605708573,
    "operatingIncome": 100869000,
    "operatingIncomeRatio": 0.3221900324,
    "totalOtherIncomeExpensesNet": 768000,
    "incomeBeforeTax": 101637000,
    "incomeBeforeTaxRatio": 0.3246431343,
    "incomeTaxExpense": 38114000,
    "netIncome": 58311000,
    "netIncomeRatio": 0.1862536852,
    "eps": 0.16,
    "epsdiluted": 0.15,
    "weightedAverageShsOut": 374012000,
    "weightedAverageShsOutDil": 387138000,
    "link": "https://www.sec.gov/Archives/edgar/data/1116132/000095012304005956/0000950123-04-005956-index.htm",
    "finalLink": "https://www.sec.gov/Archives/edgar/data/1116132/000095012304005956/y97097e10vq.htm"
  },
  {
    "date": "2003-12-27",
    "symbol": "TPR",
    "reportedCurrency": "USD",
    "cik": "0001116132",
    "fillingDate": "2004-02-06",
    "acceptedDate": "2004-02-05 18:00:50",
    "calendarYear": "2004",
    "period": "Q2",
    "revenue": 411513000,
    "costOfRevenue": 106370000,
    "grossProfit": 305143000,
    "grossProfitRatio": 0.7415148489,
    "researchAndDevelopmentExpenses": 0,
    "generalAndAdministrativeExpenses": 0,
    "sellingAndMarketingExpenses": 0,
    "sellingGeneralAndAdministrativeExpenses": 144439000,
    "otherExpenses": 0,
    "operatingExpenses": 144439000,
    "costAndExpenses": 250809000,
    "interestIncome": 0,
    "interestExpense": 0,
    "depreciationAndAmortization": 9678000,
    "ebitda": 160700,
    "ebitdaratio": 0.0003905101,
    "operatingIncome": 160700,
    "operatingIncomeRatio": 0.0003905101,
    "totalOtherIncomeExpensesNet": 466000,
    "incomeBeforeTax": 161170000,
    "incomeBeforeTaxRatio": 0.3916522686,
    "incomeTaxExpense": 60500,
    "netIncome": 95400,
    "netIncomeRatio": 0.0002318274,
    "eps": 0.26,
    "epsdiluted": 0.25,
    "weightedAverageShsOut": 370462000,
    "weightedAverageShsOutDil": 383970000,
    "link": "https://www.sec.gov/Archives/edgar/data/1116132/000095012304001281/0000950123-04-001281-index.htm",
    "finalLink": "https://www.sec.gov/Archives/edgar/data/1116132/000095012304001281/y93791qe10vq.htm"
  },
  {
    "date": "2003-09-27",
    "symbol": "TPR",
    "reportedCurrency": "USD",
    "cik": "0001116132",
    "fillingDate": "2003-11-07",
    "acceptedDate": "2003-11-07 16:55:17",
    "calendarYear": "2004",
    "period": "Q1",
    "revenue": 258375000,
    "costOfRevenue": 70466000,
    "grossProfit": 187909000,
    "grossProfitRatio": 0.7272723754,
    "researchAndDevelopmentExpenses": 0,
    "generalAndAdministrativeExpenses": 0,
    "sellingAndMarketingExpenses": 0,
    "sellingGeneralAndAdministrativeExpenses": 116284000,
    "otherExpenses": 0,
    "operatingExpenses": 116284000,
    "costAndExpenses": 186750000,
    "interestIncome": 0,
    "interestExpense": 0,
    "depreciationAndAmortization": 8845000,
    "ebitda": 80470000,
    "ebitdaratio": 0.3114465409,
    "operatingIncome": 71625000,
    "operatingIncomeRatio": 0.2772133527,
    "totalOtherIncomeExpensesNet": 400,
    "incomeBeforeTax": 72030000,
    "incomeBeforeTaxRatio": 0.2787808418,
    "incomeTaxExpense": 27008000,
    "netIncome": 42329000,
    "netIncomeRatio": 0.1638277697,
    "eps": 0.12,
    "epsdiluted": 0.11,
    "weightedAverageShsOut": 367176000,
    "weightedAverageShsOutDil": 381918000,
    "link": "https://www.sec.gov/Archives/edgar/data/1116132/000095012303012330/0000950123-03-012330-index.htm",
    "finalLink": "https://www.sec.gov/Archives/edgar/data/1116132/000095012303012330/y91473e10vq.htm"
  },
  {
    "date": "2003-06-28",
    "symbol": "TPR",
    "reportedCurrency": "USD",
    "cik": "0001116132",
    "fillingDate": "2003-09-18",
    "acceptedDate": "2003-09-17 18:05:23",
    "calendarYear": "2003",
    "period": "Q4",
    "revenue": 231516000,
    "costOfRevenue": 61960000,
    "grossProfit": 169556000,
    "grossProfitRatio": 0.7323727086,
    "researchAndDevelopmentExpenses": 0,
    "generalAndAdministrativeExpenses": 0,
    "sellingAndMarketingExpenses": 0,
    "sellingGeneralAndAdministrativeExpenses": 118749000,
    "otherExpenses": 0,
    "operatingExpenses": 118749000,
    "costAndExpenses": 180709000,
    "interestIncome": 0,
    "interestExpense": 0,
    "depreciationAndAmortization": 9308000,
    "ebitda": 60115000,
    "ebitdaratio": 0.2596580798,
    "operatingIncome": 50807000,
    "operatingIncomeRatio": 0.2194535151,
    "totalOtherIncomeExpensesNet": 440000,
    "incomeBeforeTax": 51247000,
    "incomeBeforeTaxRatio": 0.2213540317,
    "incomeTaxExpense": 18961000,
    "netIncome": 29864000,
    "netIncomeRatio": 0.1289932445,
    "eps": 0.081,
    "epsdiluted": 0.078,
    "weightedAverageShsOut": 367176000,
    "weightedAverageShsOutDil": 381918000,
    "link": "https://www.sec.gov/Archives/edgar/data/1116132/000095012303010503/0000950123-03-010503-index.htm",
    "finalLink": "https://www.sec.gov/Archives/edgar/data/1116132/000095012303010503/y89793e10vk.htm"
  },
  {
    "date": "2003-03-29",
    "symbol": "TPR",
    "reportedCurrency": "USD",
    "cik": "0001116132",
    "fillingDate": "2003-05-09",
    "acceptedDate": "2003-05-09 15:17:48",
    "calendarYear": "2003",
    "period": "Q3",
    "revenue": 220396000,
    "costOfRevenue": 60589000,
    "grossProfit": 159807000,
    "grossProfitRatio": 0.725090292,
    "researchAndDevelopmentExpenses": 0,
    "generalAndAdministrativeExpenses": 0,
    "sellingAndMarketingExpenses": 0,
    "sellingGeneralAndAdministrativeExpenses": 107060000,
    "otherExpenses": 0,
    "operatingExpenses": 107060000,
    "costAndExpenses": 167649000,
    "interestIncome": 0,
    "interestExpense": 0,
    "depreciationAndAmortization": 7416000,
    "ebitda": 60163000,
    "ebitdaratio": 0.2729768235,
    "operatingIncome": 52747000,
    "operatingIncomeRatio": 0.2393283,
    "totalOtherIncomeExpensesNet": 344000,
    "incomeBeforeTax": 53091000,
    "incomeBeforeTaxRatio": 0.2408891268,
    "incomeTaxExpense": 19644000,
    "netIncome": 31853000,
    "netIncomeRatio": 0.1445262164,
    "eps": 0.0875,
    "epsdiluted": 0.085,
    "weightedAverageShsOut": 360924000,
    "weightedAverageShsOutDil": 372984000,
    "link": "https://www.sec.gov/Archives/edgar/data/1116132/000095012303005628/0000950123-03-005628-index.htm",
    "finalLink": "https://www.sec.gov/Archives/edgar/data/1116132/000095012303005628/y86281e10vq.htm"
  },
  {
    "date": "2002-12-28",
    "symbol": "TPR",
    "reportedCurrency": "USD",
    "cik": "0001116132",
    "fillingDate": "2003-02-07",
    "acceptedDate": "2003-02-07 15:59:52",
    "calendarYear": "2003",
    "period": "Q2",
    "revenue": 308523000,
    "costOfRevenue": 91681000,
    "grossProfit": 216842000,
    "grossProfitRatio": 0.7028390104,
    "researchAndDevelopmentExpenses": 0,
    "generalAndAdministrativeExpenses": 0,
    "sellingAndMarketingExpenses": 0,
    "sellingGeneralAndAdministrativeExpenses": 114242000,
    "otherExpenses": 0,
    "operatingExpenses": 114242000,
    "costAndExpenses": 205923000,
    "interestIncome": 0,
    "interestExpense": 0,
    "depreciationAndAmortization": 7027000,
    "ebitda": 109627000,
    "ebitdaratio": 0.355328452,
    "operatingIncome": 102600000,
    "operatingIncomeRatio": 0.3325521922,
    "totalOtherIncomeExpensesNet": 110000,
    "incomeBeforeTax": 102710000,
    "incomeBeforeTaxRatio": 0.3329087297,
    "incomeTaxExpense": 38003000,
    "netIncome": 62431000,
    "netIncomeRatio": 0.2023544436,
    "eps": 0.18,
    "epsdiluted": 0.17,
    "weightedAverageShsOut": 355912000,
    "weightedAverageShsOutDil": 367722000,
    "link": "https://www.sec.gov/Archives/edgar/data/1116132/000095012303001042/0000950123-03-001042-index.htm",
    "finalLink": "https://www.sec.gov/Archives/edgar/data/1116132/000095012303001042/y83320e10vq.htm"
  },
  {
    "date": "2002-09-28",
    "symbol": "TPR",
    "reportedCurrency": "USD",
    "cik": "0001116132",
    "fillingDate": "2002-11-12",
    "acceptedDate": "2002-11-12 08:46:39",
    "calendarYear": "2003",
    "period": "Q1",
    "revenue": 192791000,
    "costOfRevenue": 61567000,
    "grossProfit": 131224000,
    "grossProfitRatio": 0.6806541799,
    "researchAndDevelopmentExpenses": 0,
    "generalAndAdministrativeExpenses": 0,
    "sellingAndMarketingExpenses": 0,
    "sellingGeneralAndAdministrativeExpenses": 93616000,
    "otherExpenses": 0,
    "operatingExpenses": 93616000,
    "costAndExpenses": 155183000,
    "interestIncome": 0,
    "interestExpense": 0,
    "depreciationAndAmortization": 6480000,
    "ebitda": 44088000,
    "ebitdaratio": 0.2286828742,
    "operatingIncome": 37608000,
    "operatingIncomeRatio": 0.1950713467,
    "totalOtherIncomeExpensesNet": 165000,
    "incomeBeforeTax": 37773000,
    "incomeBeforeTaxRatio": 0.1959271958,
    "incomeTaxExpense": 13977000,
    "netIncome": 22480000,
    "netIncomeRatio": 0.1166029535,
    "eps": 0.0625,
    "epsdiluted": 0.06,
    "weightedAverageShsOut": 354916000,
    "weightedAverageShsOutDil": 367968000,
    "link": "https://www.sec.gov/Archives/edgar/data/1116132/000095012302010505/0000950123-02-010505-index.htm",
    "finalLink": "https://www.sec.gov/Archives/edgar/data/1116132/000095012302010505/y65362e10vq.htm"
  },
  {
    "date": "2002-06-29",
    "symbol": "TPR",
    "reportedCurrency": "USD",
    "cik": "0001116132",
    "fillingDate": "2002-09-20",
    "acceptedDate": "2002-09-20 16:59:09",
    "calendarYear": "2002",
    "period": "Q4",
    "revenue": 171380000,
    "costOfRevenue": 57313000,
    "grossProfit": 114067000,
    "grossProfitRatio": 0.6655794142,
    "researchAndDevelopmentExpenses": 0,
    "generalAndAdministrativeExpenses": 0,
    "sellingAndMarketingExpenses": 0,
    "sellingGeneralAndAdministrativeExpenses": 90197000,
    "otherExpenses": 0,
    "operatingExpenses": 90197000,
    "costAndExpenses": 147510000,
    "interestIncome": 0,
    "interestExpense": 299000,
    "depreciationAndAmortization": 6822000,
    "ebitda": 30692000,
    "ebitdaratio": 0.1790874081,
    "operatingIncome": 24964000,
    "operatingIncomeRatio": 0.145664605,
    "totalOtherIncomeExpensesNet": 240000,
    "incomeBeforeTax": 25204000,
    "incomeBeforeTaxRatio": 0.1470650018,
    "incomeTaxExpense": 8937000,
    "netIncome": 17306000,
    "netIncomeRatio": 0.1009802777,
    "eps": 0.049,
    "epsdiluted": 0.047,
    "weightedAverageShsOut": 354916000,
    "weightedAverageShsOutDil": 367968000,
    "link": "https://www.sec.gov/Archives/edgar/data/1116132/000095012302009068/0000950123-02-009068-index.htm",
    "finalLink": "https://www.sec.gov/Archives/edgar/data/1116132/000095012302009068/y64070e10vk.htm"
  },
  {
    "date": "2002-03-30",
    "symbol": "TPR",
    "reportedCurrency": "USD",
    "cik": "0001116132",
    "fillingDate": "2002-04-30",
    "acceptedDate": "2002-04-30 16:51:50",
    "calendarYear": "2002",
    "period": "Q3",
    "revenue": 161571000,
    "costOfRevenue": 50465000,
    "grossProfit": 111106000,
    "grossProfitRatio": 0.6876605331,
    "researchAndDevelopmentExpenses": 0,
    "generalAndAdministrativeExpenses": 0,
    "sellingAndMarketingExpenses": 0,
    "sellingGeneralAndAdministrativeExpenses": 87379000,
    "otherExpenses": 4467000,
    "operatingExpenses": 91846000,
    "costAndExpenses": 142311000,
    "interestIncome": 0,
    "interestExpense": 0,
    "depreciationAndAmortization": 6375000,
    "ebitda": 30102000,
    "ebitdaratio": 0.1863081865,
    "operatingIncome": 19260000,
    "operatingIncomeRatio": 0.1192045602,
    "totalOtherIncomeExpensesNet": 129000,
    "incomeBeforeTax": 19389000,
    "incomeBeforeTaxRatio": 0.1200029708,
    "incomeTaxExpense": 6883000,
    "netIncome": 11817000,
    "netIncomeRatio": 0.073138125,
    "eps": 0.0338,
    "epsdiluted": 0.0325,
    "weightedAverageShsOut": 353696000,
    "weightedAverageShsOutDil": 366584000,
    "link": "https://www.sec.gov/Archives/edgar/data/1116132/000095011702001015/0000950117-02-001015-index.htm",
    "finalLink": "https://www.sec.gov/Archives/edgar/data/1116132/000095011702001015/a32578.htm"
  },
  {
    "date": "2001-12-29",
    "symbol": "TPR",
    "reportedCurrency": "USD",
    "cik": "0001116132",
    "fillingDate": "2002-02-06",
    "acceptedDate": "2002-02-06 00:00:00",
    "calendarYear": "2002",
    "period": "Q2",
    "revenue": 235750000,
    "costOfRevenue": 74132000,
    "grossProfit": 161618000,
    "grossProfitRatio": 0.6855482503,
    "researchAndDevelopmentExpenses": 0,
    "generalAndAdministrativeExpenses": 0,
    "sellingAndMarketingExpenses": 0,
    "sellingGeneralAndAdministrativeExpenses": 91677000,
    "otherExpenses": 0,
    "operatingExpenses": 91677000,
    "costAndExpenses": 165809000,
    "interestIncome": 0,
    "interestExpense": 221000,
    "depreciationAndAmortization": 6362000,
    "ebitda": 76303000,
    "ebitdaratio": 0.3236606575,
    "operatingIncome": 69941000,
    "operatingIncomeRatio": 0.2966744433,
    "totalOtherIncomeExpensesNet": -221000,
    "incomeBeforeTax": 68918000,
    "incomeBeforeTaxRatio": 0.2923351007,
    "incomeTaxExpense": 24752000,
    "netIncome": 44166000,
    "netIncomeRatio": 0.1873425239,
    "eps": 0.13,
    "epsdiluted": 0.12,
    "weightedAverageShsOut": 349520000,
    "weightedAverageShsOutDil": 357656000,
    "link": "https://www.sec.gov/Archives/edgar/data/1116132/000100515002000101/0001005150-02-000101-index.htm",
    "finalLink": "https://www.sec.gov/Archives/edgar/data/1116132/000100515002000101/d27808_10q.htm"
  },
  {
    "date": "2001-09-29",
    "symbol": "TPR",
    "reportedCurrency": "USD",
    "cik": "0001116132",
    "fillingDate": "2001-11-13",
    "acceptedDate": "2001-11-13 00:00:00",
    "calendarYear": "2002",
    "period": "Q1",
    "revenue": 150702000,
    "costOfRevenue": 54131000,
    "grossProfit": 96571000,
    "grossProfitRatio": 0.6408076867,
    "researchAndDevelopmentExpenses": 0,
    "generalAndAdministrativeExpenses": 0,
    "sellingAndMarketingExpenses": 0,
    "sellingGeneralAndAdministrativeExpenses": 77101000,
    "otherExpenses": 0,
    "operatingExpenses": 77101000,
    "costAndExpenses": 131232000,
    "interestIncome": 0,
    "interestExpense": 447000,
    "depreciationAndAmortization": 5935000,
    "ebitda": 25405000,
    "ebitdaratio": 0.1685777229,
    "operatingIncome": 19470000,
    "operatingIncomeRatio": 0.1291953657,
    "totalOtherIncomeExpensesNet": -179000,
    "incomeBeforeTax": 19291000,
    "incomeBeforeTaxRatio": 0.1280075911,
    "incomeTaxExpense": 6753000,
    "netIncome": 12538000,
    "netIncomeRatio": 0.0831973033,
    "eps": 0.0363,
    "epsdiluted": 0.035,
    "weightedAverageShsOut": 349256000,
    "weightedAverageShsOutDil": 360800000,
    "link": "https://www.sec.gov/Archives/edgar/data/1116132/000089109201500907/0000891092-01-500907-index.htm",
    "finalLink": "https://www.sec.gov/Archives/edgar/data/1116132/000089109201500907/file001.htm"
  },
  {
    "date": "2001-06-30",
    "symbol": "TPR",
    "reportedCurrency": "USD",
    "cik": "0001116132",
    "fillingDate": "2001-09-21",
    "acceptedDate": "2001-09-21 00:00:00",
    "calendarYear": "2001",
    "period": "Q4",
    "revenue": 136771000,
    "costOfRevenue": 65846000,
    "grossProfit": 70925000,
    "grossProfitRatio": 0.5185675326,
    "researchAndDevelopmentExpenses": 0,
    "generalAndAdministrativeExpenses": 0,
    "sellingAndMarketingExpenses": 0,
    "sellingGeneralAndAdministrativeExpenses": 71806000,
    "otherExpenses": -16339000,
    "operatingExpenses": 71806000,
    "costAndExpenses": 121313000,
    "interestIncome": 0,
    "interestExpense": 2258000,
    "depreciationAndAmortization": 7139000,
    "ebitda": 22597000,
    "ebitdaratio": 0.1652177728,
    "operatingIncome": 15458000,
    "operatingIncomeRatio": 0.1130210352,
    "totalOtherIncomeExpensesNet": -316000,
    "incomeBeforeTax": 15142000,
    "incomeBeforeTaxRatio": 0.1107106039,
    "incomeTaxExpense": 5900000,
    "netIncome": 9242000,
    "netIncomeRatio": 0.0675728042,
    "eps": 0.026,
    "epsdiluted": 0.026,
    "weightedAverageShsOut": 349256000,
    "weightedAverageShsOutDil": 360800000,
    "link": "https://www.sec.gov/Archives/edgar/data/1116132/000095012301506543/0000950123-01-506543-index.htm",
    "finalLink": "https://www.sec.gov/Archives/edgar/data/1116132/000095012301506543/y53323e10-k405.htm"
  },
  {
    "date": "2001-03-31",
    "symbol": "TPR",
    "reportedCurrency": "USD",
    "cik": "0001116132",
    "fillingDate": "2001-05-09",
    "acceptedDate": "2001-05-09 00:00:00",
    "calendarYear": "2001",
    "period": "Q3",
    "revenue": 130598000,
    "costOfRevenue": 39953000,
    "grossProfit": 90645000,
    "grossProfitRatio": 0.694076479,
    "researchAndDevelopmentExpenses": 0,
    "generalAndAdministrativeExpenses": 0,
    "sellingAndMarketingExpenses": 0,
    "sellingGeneralAndAdministrativeExpenses": 72963000,
    "otherExpenses": 4956000,
    "operatingExpenses": 77919000,
    "costAndExpenses": 117872000,
    "interestIncome": 0,
    "interestExpense": 0,
    "depreciationAndAmortization": 5545000,
    "ebitda": 18271000,
    "ebitdaratio": 0.1399026019,
    "operatingIncome": 12726000,
    "operatingIncomeRatio": 0.097444065,
    "totalOtherIncomeExpensesNet": -430000,
    "incomeBeforeTax": 12296000,
    "incomeBeforeTaxRatio": 0.0941515184,
    "incomeTaxExpense": 4303000,
    "netIncome": 7993000,
    "netIncomeRatio": 0.0612030812,
    "eps": 0.0225,
    "epsdiluted": 0.0225,
    "weightedAverageShsOut": 348104000,
    "weightedAverageShsOutDil": 363080000,
    "link": "https://www.sec.gov/Archives/edgar/data/1116132/000095012301502045/0000950123-01-502045-index.htm",
    "finalLink": "https://www.sec.gov/Archives/edgar/data/1116132/000095012301502045/y48796qe10-q.txt"
  },
  {
    "date": "2000-12-30",
    "symbol": "TPR",
    "reportedCurrency": "USD",
    "cik": "0001116132",
    "fillingDate": "2001-02-06",
    "acceptedDate": "2001-02-06 00:00:00",
    "calendarYear": "2001",
    "period": "Q2",
    "revenue": 214158000,
    "costOfRevenue": 68541000,
    "grossProfit": 145617000,
    "grossProfitRatio": 0.6799512509,
    "researchAndDevelopmentExpenses": 0,
    "generalAndAdministrativeExpenses": 0,
    "sellingAndMarketingExpenses": 0,
    "sellingGeneralAndAdministrativeExpenses": 78300000,
    "otherExpenses": 5605000,
    "operatingExpenses": 83905000,
    "costAndExpenses": 152446000,
    "interestIncome": 0,
    "interestExpense": 0,
    "depreciationAndAmortization": 5829000,
    "ebitda": 67541000,
    "ebitdaratio": 0.3153792994,
    "operatingIncome": 61712000,
    "operatingIncomeRatio": 0.2881610773,
    "totalOtherIncomeExpensesNet": -1399000,
    "incomeBeforeTax": 60313000,
    "incomeBeforeTaxRatio": 0.2816285173,
    "incomeTaxExpense": 21109000,
    "netIncome": 39204000,
    "netIncomeRatio": 0.1830611044,
    "eps": 0.11,
    "epsdiluted": 0.11,
    "weightedAverageShsOut": 348104000,
    "weightedAverageShsOutDil": 356104000,
    "link": "https://www.sec.gov/Archives/edgar/data/1116132/000095012301000897/0000950123-01-000897-index.htm",
    "finalLink": "https://www.sec.gov/Archives/edgar/data/1116132/000095012301000897/y44941e10-q.txt"
  },
  {
    "date": "2000-09-30",
    "symbol": "TPR",
    "reportedCurrency": "USD",
    "cik": "0001116132",
    "fillingDate": "2000-11-14",
    "acceptedDate": "2000-11-14 00:00:00",
    "calendarYear": "2001",
    "period": "Q1",
    "revenue": 134552000,
    "costOfRevenue": 44167000,
    "grossProfit": 90385000,
    "grossProfitRatio": 0.6717477258,
    "researchAndDevelopmentExpenses": 0,
    "generalAndAdministrativeExpenses": 0,
    "sellingAndMarketingExpenses": 0,
    "sellingGeneralAndAdministrativeExpenses": 68246000,
    "otherExpenses": 5397000,
    "operatingExpenses": 73643000,
    "costAndExpenses": 117810000,
    "interestIncome": 0,
    "interestExpense": 0,
    "depreciationAndAmortization": 5618000,
    "ebitda": 22360000,
    "ebitdaratio": 0.1661811047,
    "operatingIncome": 16742000,
    "operatingIncomeRatio": 0.1244277305,
    "totalOtherIncomeExpensesNet": -5063000,
    "incomeBeforeTax": 11679000,
    "incomeBeforeTaxRatio": 0.0867991557,
    "incomeTaxExpense": 4088000,
    "netIncome": 7591000,
    "netIncomeRatio": 0.05641685,
    "eps": 0.0213,
    "epsdiluted": 0.0213,
    "weightedAverageShsOut": 348104000,
    "weightedAverageShsOutDil": 349360000,
    "link": "https://www.sec.gov/Archives/edgar/data/1116132/000095012300010548/0000950123-00-010548-index.htm",
    "finalLink": "https://www.sec.gov/Archives/edgar/data/1116132/000095012300010548/y42472e10-q.txt"
  }
]