[
  {
    "date": "2024-12-31",
    "symbol": "TRGP",
    "reportedCurrency": "USD",
    "cik": "0001389170",
    "fillingDate": "2025-02-20",
    "acceptedDate": "2025-02-20 14:15:42",
    "calendarYear": "2024",
    "period": "FY",
    "revenue": 16626900000,
    "costOfRevenue": 13301600000,
    "grossProfit": 3325300000,
    "grossProfitRatio": 0.1999951885,
    "researchAndDevelopmentExpenses": 0,
    "generalAndAdministrativeExpenses": 384900000,
    "sellingAndMarketingExpenses": 0,
    "sellingGeneralAndAdministrativeExpenses": 384900000,
    "otherExpenses": -3500000,
    "operatingExpenses": 381400000,
    "costAndExpenses": 13683000000,
    "interestIncome": 0,
    "interestExpense": 767200000,
    "depreciationAndAmortization": 1433600000,
    "ebitda": 4138800000,
    "ebitdaratio": 0.2489219277,
    "operatingIncome": 2943900000,
    "operatingIncomeRatio": 0.1770564567,
    "totalOtherIncomeExpensesNet": -1005900000,
    "incomeBeforeTax": 1938000000,
    "incomeBeforeTaxRatio": 0.1165581076,
    "incomeTaxExpense": 384500000,
    "netIncome": 1269500000,
    "netIncomeRatio": 0.0763521763,
    "eps": 5.7652,
    "epsdiluted": 5.7366,
    "weightedAverageShsOut": 220200000,
    "weightedAverageShsOutDil": 221300000,
    "link": "https://www.sec.gov/Archives/edgar/data/1389170/000095017025023983/0000950170-25-023983-index.htm",
    "finalLink": "https://www.sec.gov/Archives/edgar/data/1389170/000095017025023983/trgp-20241231.htm"
  },
  {
    "date": "2023-12-31",
    "symbol": "TRGP",
    "reportedCurrency": "USD",
    "cik": "0001389170",
    "fillingDate": "2024-02-15",
    "acceptedDate": "2024-02-15 16:01:08",
    "calendarYear": "2023",
    "period": "FY",
    "revenue": 15619200000,
    "costOfRevenue": 13083900000,
    "grossProfit": 2535300000,
    "grossProfitRatio": 0.162319453,
    "researchAndDevelopmentExpenses": 0,
    "generalAndAdministrativeExpenses": 348700000,
    "sellingAndMarketingExpenses": 0,
    "sellingGeneralAndAdministrativeExpenses": 348700000,
    "otherExpenses": -100000,
    "operatingExpenses": 348600000,
    "costAndExpenses": 13432500000,
    "interestIncome": 0,
    "interestExpense": 687800000,
    "depreciationAndAmortization": 1335500000,
    "ebitda": 3965800000,
    "ebitdaratio": 0.2539054497,
    "operatingIncome": 2186700000,
    "operatingIncomeRatio": 0.1400007683,
    "totalOtherIncomeExpensesNet": -244200000,
    "incomeBeforeTax": 1942500000,
    "incomeBeforeTaxRatio": 0.1243661647,
    "incomeTaxExpense": 363200000,
    "netIncome": 828200000,
    "netIncomeRatio": 0.0530244827,
    "eps": 3.6874,
    "epsdiluted": 3.6646,
    "weightedAverageShsOut": 224600000,
    "weightedAverageShsOutDil": 226000000,
    "link": "https://www.sec.gov/Archives/edgar/data/1389170/000095017024015841/0000950170-24-015841-index.htm",
    "finalLink": "https://www.sec.gov/Archives/edgar/data/1389170/000095017024015841/trgp-20231231.htm"
  },
  {
    "date": "2022-12-31",
    "symbol": "TRGP",
    "reportedCurrency": "USD",
    "cik": "0001389170",
    "fillingDate": "2023-02-22",
    "acceptedDate": "2023-02-22 16:49:32",
    "calendarYear": "2022",
    "period": "FY",
    "revenue": 21684500000,
    "costOfRevenue": 18890900000,
    "grossProfit": 2793600000,
    "grossProfitRatio": 0.1288293482,
    "researchAndDevelopmentExpenses": 0,
    "generalAndAdministrativeExpenses": 309700000,
    "sellingAndMarketingExpenses": 0,
    "sellingGeneralAndAdministrativeExpenses": 309700000,
    "otherExpenses": 0,
    "operatingExpenses": 309700000,
    "costAndExpenses": 19200600000,
    "interestIncome": 0,
    "interestExpense": 446100000,
    "depreciationAndAmortization": 1100800000,
    "ebitda": 3210100000,
    "ebitdaratio": 0.148036616,
    "operatingIncome": 2483900000,
    "operatingIncomeRatio": 0.1145472573,
    "totalOtherIncomeExpensesNet": -820700000,
    "incomeBeforeTax": 1663200000,
    "incomeBeforeTaxRatio": 0.076699947,
    "incomeTaxExpense": 131800000,
    "netIncome": 1142300000,
    "netIncomeRatio": 0.0526781803,
    "eps": 3.9454,
    "epsdiluted": 3.8806,
    "weightedAverageShsOut": 227300000,
    "weightedAverageShsOutDil": 231100000,
    "link": "https://www.sec.gov/Archives/edgar/data/1389170/000095017023003797/0000950170-23-003797-index.htm",
    "finalLink": "https://www.sec.gov/Archives/edgar/data/1389170/000095017023003797/trgp-20221231.htm"
  },
  {
    "date": "2021-12-31",
    "symbol": "TRGP",
    "reportedCurrency": "USD",
    "cik": "0001389170",
    "fillingDate": "2022-02-24",
    "acceptedDate": "2022-02-24 11:57:41",
    "calendarYear": "2021",
    "period": "FY",
    "revenue": 17440400000,
    "costOfRevenue": 15347100000,
    "grossProfit": 2093300000,
    "grossProfitRatio": 0.1200259168,
    "researchAndDevelopmentExpenses": 0,
    "generalAndAdministrativeExpenses": 273200000,
    "sellingAndMarketingExpenses": 0,
    "sellingGeneralAndAdministrativeExpenses": 273200000,
    "otherExpenses": 100000,
    "operatingExpenses": 273300000,
    "costAndExpenses": 15620400000,
    "interestIncome": 0,
    "interestExpense": 387900000,
    "depreciationAndAmortization": 874600000,
    "ebitda": 1699400000,
    "ebitdaratio": 0.0974404257,
    "operatingIncome": 1820000000,
    "operatingIncomeRatio": 0.1043554047,
    "totalOtherIncomeExpensesNet": -1383100000,
    "incomeBeforeTax": 436900000,
    "incomeBeforeTaxRatio": 0.0250510309,
    "incomeTaxExpense": 14800000,
    "netIncome": 71200000,
    "netIncomeRatio": 0.0040824752,
    "eps": -0.0704,
    "epsdiluted": -0.0704,
    "weightedAverageShsOut": 228600000,
    "weightedAverageShsOutDil": 228600000,
    "link": "https://www.sec.gov/Archives/edgar/data/1389170/000156459022006563/0001564590-22-006563-index.htm",
    "finalLink": "https://www.sec.gov/Archives/edgar/data/1389170/000156459022006563/trgp-10k_20211231.htm"
  },
  {
    "date": "2020-12-31",
    "symbol": "TRGP",
    "reportedCurrency": "USD",
    "cik": "0001389170",
    "fillingDate": "2021-02-18",
    "acceptedDate": "2021-02-18 15:38:23",
    "calendarYear": "2020",
    "period": "FY",
    "revenue": 8272500000,
    "costOfRevenue": 6750000000,
    "grossProfit": 1522500000,
    "grossProfitRatio": 0.1840435177,
    "researchAndDevelopmentExpenses": 0,
    "generalAndAdministrativeExpenses": 254600000,
    "sellingAndMarketingExpenses": 0,
    "sellingGeneralAndAdministrativeExpenses": 254600000,
    "otherExpenses": 2600000,
    "operatingExpenses": 257200000,
    "costAndExpenses": 7007200000,
    "interestIncome": 0,
    "interestExpense": 391300000,
    "depreciationAndAmortization": 868700000,
    "ebitda": -313100000,
    "ebitdaratio": -0.0378482925,
    "operatingIncome": 1265300000,
    "operatingIncomeRatio": 0.1529525536,
    "totalOtherIncomeExpensesNet": -2838400000,
    "incomeBeforeTax": -1573100000,
    "incomeBeforeTaxRatio": -0.1901601692,
    "incomeTaxExpense": -248100000,
    "netIncome": -1553900000,
    "netIncomeRatio": -0.1878392264,
    "eps": -7.2558,
    "epsdiluted": -7.2558,
    "weightedAverageShsOut": 232200000,
    "weightedAverageShsOutDil": 232200000,
    "link": "https://www.sec.gov/Archives/edgar/data/1389170/000156459021006640/0001564590-21-006640-index.htm",
    "finalLink": "https://www.sec.gov/Archives/edgar/data/1389170/000156459021006640/trgp-10k_20201231.htm"
  },
  {
    "date": "2019-12-31",
    "symbol": "TRGP",
    "reportedCurrency": "USD",
    "cik": "0001389170",
    "fillingDate": "2020-02-20",
    "acceptedDate": "2020-02-20 17:10:37",
    "calendarYear": "2019",
    "period": "FY",
    "revenue": 8677600000,
    "costOfRevenue": 7883000000,
    "grossProfit": 794600000,
    "grossProfitRatio": 0.0915690974,
    "researchAndDevelopmentExpenses": 0,
    "generalAndAdministrativeExpenses": 280700000,
    "sellingAndMarketingExpenses": 0,
    "sellingGeneralAndAdministrativeExpenses": 280700000,
    "otherExpenses": 200000,
    "operatingExpenses": 280900000,
    "costAndExpenses": 8163900000,
    "interestIncome": 0,
    "interestExpense": 337800000,
    "depreciationAndAmortization": 976300000,
    "ebitda": 1267400000,
    "ebitdaratio": 0.1460542085,
    "operatingIncome": 513700000,
    "operatingIncomeRatio": 0.0591983959,
    "totalOtherIncomeExpensesNet": -560400000,
    "incomeBeforeTax": -46700000,
    "incomeBeforeTaxRatio": -0.0053816724,
    "incomeTaxExpense": -87900000,
    "netIncome": -209200000,
    "netIncomeRatio": -0.0241080483,
    "eps": -1.4366,
    "epsdiluted": -1.4366,
    "weightedAverageShsOut": 232500000,
    "weightedAverageShsOutDil": 232500000,
    "link": "https://www.sec.gov/Archives/edgar/data/1389170/000156459020005592/0001564590-20-005592-index.htm",
    "finalLink": "https://www.sec.gov/Archives/edgar/data/1389170/000156459020005592/trgp-10k_20191231.htm"
  },
  {
    "date": "2018-12-31",
    "symbol": "TRGP",
    "reportedCurrency": "USD",
    "cik": "0001389170",
    "fillingDate": "2019-03-01",
    "acceptedDate": "2019-03-01 13:01:11",
    "calendarYear": "2018",
    "period": "FY",
    "revenue": 10554900000,
    "costOfRevenue": 9776100000,
    "grossProfit": 778800000,
    "grossProfitRatio": 0.0737856351,
    "researchAndDevelopmentExpenses": 0,
    "generalAndAdministrativeExpenses": 256900000,
    "sellingAndMarketingExpenses": 0,
    "sellingGeneralAndAdministrativeExpenses": 256899999,
    "otherExpenses": 3600000,
    "operatingExpenses": 260500000,
    "costAndExpenses": 10036600000,
    "interestIncome": 0,
    "interestExpense": 257899999,
    "depreciationAndAmortization": 819600000,
    "ebitda": 1143400000,
    "ebitdaratio": 0.1083288331,
    "operatingIncome": 518299999,
    "operatingIncomeRatio": 0.0491051549,
    "totalOtherIncomeExpensesNet": -452399999,
    "incomeBeforeTax": 65900000,
    "incomeBeforeTaxRatio": 0.0062435457,
    "incomeTaxExpense": 5500000,
    "netIncome": 1600000,
    "netIncomeRatio": 0.0001515884,
    "eps": -0.5321,
    "epsdiluted": -0.5321,
    "weightedAverageShsOut": 224200000,
    "weightedAverageShsOutDil": 224200000,
    "link": "https://www.sec.gov/Archives/edgar/data/1389170/000156459019005727/0001564590-19-005727-index.htm",
    "finalLink": "https://www.sec.gov/Archives/edgar/data/1389170/000156459019005727/trgp-10k_20181231.htm"
  },
  {
    "date": "2017-12-31",
    "symbol": "TRGP",
    "reportedCurrency": "USD",
    "cik": "0001389170",
    "fillingDate": "2018-02-16",
    "acceptedDate": "2018-02-16 16:20:34",
    "calendarYear": "2017",
    "period": "FY",
    "revenue": 8864600000,
    "costOfRevenue": 8338500000,
    "grossProfit": 526100000,
    "grossProfitRatio": 0.0593484196,
    "researchAndDevelopmentExpenses": 0,
    "generalAndAdministrativeExpenses": 203400000,
    "sellingAndMarketingExpenses": 0,
    "sellingGeneralAndAdministrativeExpenses": 203400000,
    "otherExpenses": 1500000,
    "operatingExpenses": 204900000,
    "costAndExpenses": 8543400000,
    "interestIncome": 0,
    "interestExpense": 233700000,
    "depreciationAndAmortization": 813400000,
    "ebitda": 754200000,
    "ebitdaratio": 0.085079981,
    "operatingIncome": 321200000,
    "operatingIncomeRatio": 0.0362340094,
    "totalOtherIncomeExpensesNet": -614100000,
    "incomeBeforeTax": -292900000,
    "incomeBeforeTaxRatio": -0.033041536,
    "incomeTaxExpense": -397100000,
    "netIncome": 54000000,
    "netIncomeRatio": 0.0060916454,
    "eps": -0.31,
    "epsdiluted": -0.31,
    "weightedAverageShsOut": 204516129,
    "weightedAverageShsOutDil": 206900000,
    "link": "https://www.sec.gov/Archives/edgar/data/1389170/000156459018002330/0001564590-18-002330-index.htm",
    "finalLink": "https://www.sec.gov/Archives/edgar/data/1389170/000156459018002330/trgp-10k_20171231.htm"
  },
  {
    "date": "2016-12-31",
    "symbol": "TRGP",
    "reportedCurrency": "USD",
    "cik": "0001389170",
    "fillingDate": "2017-02-21",
    "acceptedDate": "2017-02-17 19:01:59",
    "calendarYear": "2016",
    "period": "FY",
    "revenue": 6645000000,
    "costOfRevenue": 6234300000,
    "grossProfit": 410700000,
    "grossProfitRatio": 0.0618058691,
    "researchAndDevelopmentExpenses": 0,
    "generalAndAdministrativeExpenses": 187200000,
    "sellingAndMarketingExpenses": 0,
    "sellingGeneralAndAdministrativeExpenses": 187200000,
    "otherExpenses": 500000,
    "operatingExpenses": 187700000,
    "costAndExpenses": 6422000000,
    "interestIncome": 0,
    "interestExpense": 254200000,
    "depreciationAndAmortization": 762300000,
    "ebitda": 756800000,
    "ebitdaratio": 0.113890143,
    "operatingIncome": 223000000,
    "operatingIncomeRatio": 0.033559067,
    "totalOtherIncomeExpensesNet": -482700000,
    "incomeBeforeTax": -259700000,
    "incomeBeforeTaxRatio": -0.0390820166,
    "incomeTaxExpense": -100600000,
    "netIncome": -187300000,
    "netIncomeRatio": -0.0281866065,
    "eps": -1.8,
    "epsdiluted": -1.8,
    "weightedAverageShsOut": 184720525,
    "weightedAverageShsOutDil": 184720525,
    "link": "https://www.sec.gov/Archives/edgar/data/1389170/000156459017001810/0001564590-17-001810-index.htm",
    "finalLink": "https://www.sec.gov/Archives/edgar/data/1389170/000156459017001810/trgp-10k_20161231.htm"
  },
  {
    "date": "2015-12-31",
    "symbol": "TRGP",
    "reportedCurrency": "USD",
    "cik": "0001389170",
    "fillingDate": "2016-02-29",
    "acceptedDate": "2016-02-29 17:38:18",
    "calendarYear": "2015",
    "period": "FY",
    "revenue": 6578000000,
    "costOfRevenue": 6054700000,
    "grossProfit": 523299999,
    "grossProfitRatio": 0.0795530555,
    "researchAndDevelopmentExpenses": 0,
    "generalAndAdministrativeExpenses": 161700000,
    "sellingAndMarketingExpenses": 0,
    "sellingGeneralAndAdministrativeExpenses": 161700000,
    "otherExpenses": 1100000,
    "operatingExpenses": 162800000,
    "costAndExpenses": 6217500000,
    "interestIncome": 0,
    "interestExpense": 231900000,
    "depreciationAndAmortization": 682400000,
    "ebitda": 802500000,
    "ebitdaratio": 0.1219975676,
    "operatingIncome": 360500000,
    "operatingIncomeRatio": 0.0548038918,
    "totalOtherIncomeExpensesNet": -472300000,
    "incomeBeforeTax": -111800000,
    "incomeBeforeTaxRatio": -0.0169960474,
    "incomeTaxExpense": 39600000,
    "netIncome": 58300000,
    "netIncomeRatio": 0.0088628763,
    "eps": 1.09,
    "epsdiluted": 1.09,
    "weightedAverageShsOut": 53500000,
    "weightedAverageShsOutDil": 53600000,
    "link": "https://www.sec.gov/Archives/edgar/data/1389170/000114036116055579/0001140361-16-055579-index.htm",
    "finalLink": "https://www.sec.gov/Archives/edgar/data/1389170/000114036116055579/form10k.htm"
  },
  {
    "date": "2014-12-31",
    "symbol": "TRGP",
    "reportedCurrency": "USD",
    "cik": "0001389170",
    "fillingDate": "2015-02-17",
    "acceptedDate": "2015-02-13 17:43:32",
    "calendarYear": "2014",
    "period": "FY",
    "revenue": 8626200000,
    "costOfRevenue": 7831000000,
    "grossProfit": 795200000,
    "grossProfitRatio": 0.0921842758,
    "researchAndDevelopmentExpenses": 0,
    "generalAndAdministrativeExpenses": 148000000,
    "sellingAndMarketingExpenses": 0,
    "sellingGeneralAndAdministrativeExpenses": 148000000,
    "otherExpenses": 1700000,
    "operatingExpenses": 149700000,
    "costAndExpenses": 7980700000,
    "interestIncome": 0,
    "interestExpense": 144700000,
    "depreciationAndAmortization": 355500000,
    "ebitda": 991200000,
    "ebitdaratio": 0.1149057522,
    "operatingIncome": 645500000,
    "operatingIncomeRatio": 0.0748301686,
    "totalOtherIncomeExpensesNet": -154500000,
    "incomeBeforeTax": 491000000,
    "incomeBeforeTaxRatio": 0.056919617,
    "incomeTaxExpense": 68000000,
    "netIncome": 102300000,
    "netIncomeRatio": 0.0118592196,
    "eps": 2.44,
    "epsdiluted": 2.43,
    "weightedAverageShsOut": 42000000,
    "weightedAverageShsOutDil": 42100000,
    "link": "https://www.sec.gov/Archives/edgar/data/1389170/000114036115006704/0001140361-15-006704-index.htm",
    "finalLink": "https://www.sec.gov/Archives/edgar/data/1389170/000114036115006704/form10k.htm"
  },
  {
    "date": "2013-12-31",
    "symbol": "TRGP",
    "reportedCurrency": "USD",
    "cik": "0001389170",
    "fillingDate": "2014-02-14",
    "acceptedDate": "2014-02-14 16:24:18",
    "calendarYear": "2013",
    "period": "FY",
    "revenue": 6535000000,
    "costOfRevenue": 6026700000,
    "grossProfit": 508300000,
    "grossProfitRatio": 0.0777811783,
    "researchAndDevelopmentExpenses": 0,
    "generalAndAdministrativeExpenses": 151500000,
    "sellingAndMarketingExpenses": 0,
    "sellingGeneralAndAdministrativeExpenses": 151500000,
    "otherExpenses": 700000,
    "operatingExpenses": 152200000,
    "costAndExpenses": 6178900000,
    "interestIncome": 0,
    "interestExpense": 128000000,
    "depreciationAndAmortization": 275900000,
    "ebitda": 653400000,
    "ebitdaratio": 0.0999846978,
    "operatingIncome": 356100000,
    "operatingIncomeRatio": 0.0544912012,
    "totalOtherIncomeExpensesNet": -106600000,
    "incomeBeforeTax": 249500000,
    "incomeBeforeTaxRatio": 0.038179036,
    "incomeTaxExpense": 48200000,
    "netIncome": 65099999,
    "netIncomeRatio": 0.0099617443,
    "eps": 1.56,
    "epsdiluted": 1.55,
    "weightedAverageShsOut": 41600000,
    "weightedAverageShsOutDil": 42100000,
    "link": "https://www.sec.gov/Archives/edgar/data/1389170/000114036114007923/0001140361-14-007923-index.htm",
    "finalLink": "https://www.sec.gov/Archives/edgar/data/1389170/000114036114007923/form10k.htm"
  },
  {
    "date": "2012-12-31",
    "symbol": "TRGP",
    "reportedCurrency": "USD",
    "cik": "0001389170",
    "fillingDate": "2013-02-19",
    "acceptedDate": "2013-02-19 16:47:42",
    "calendarYear": "2012",
    "period": "FY",
    "revenue": 5839100000,
    "costOfRevenue": 5389700000,
    "grossProfit": 449400000,
    "grossProfitRatio": 0.0769639157,
    "researchAndDevelopmentExpenses": 0,
    "generalAndAdministrativeExpenses": 139800000,
    "sellingAndMarketingExpenses": 0,
    "sellingGeneralAndAdministrativeExpenses": 139800000,
    "otherExpenses": 700000,
    "operatingExpenses": 140500000,
    "costAndExpenses": 5530200000,
    "interestIncome": 0,
    "interestExpense": 112900000,
    "depreciationAndAmortization": 201600000,
    "ebitda": 510700000,
    "ebitdaratio": 0.0874621089,
    "operatingIncome": 308900000,
    "operatingIncomeRatio": 0.0529019883,
    "totalOtherIncomeExpensesNet": -112700000,
    "incomeBeforeTax": 196200000,
    "incomeBeforeTaxRatio": 0.0336010687,
    "incomeTaxExpense": 36900000,
    "netIncome": 38100000,
    "netIncomeRatio": 0.0065249782,
    "eps": 0.93,
    "epsdiluted": 0.91,
    "weightedAverageShsOut": 41000000,
    "weightedAverageShsOutDil": 41800000,
    "link": "https://www.sec.gov/Archives/edgar/data/1389170/000114036113008128/0001140361-13-008128-index.htm",
    "finalLink": "https://www.sec.gov/Archives/edgar/data/1389170/000114036113008128/form10k.htm"
  },
  {
    "date": "2011-12-31",
    "symbol": "TRGP",
    "reportedCurrency": "USD",
    "cik": "0001389170",
    "fillingDate": "2012-02-27",
    "acceptedDate": "2012-02-27 17:08:27",
    "calendarYear": "2011",
    "period": "FY",
    "revenue": 6994500000,
    "costOfRevenue": 6507100000,
    "grossProfit": 487400000,
    "grossProfitRatio": 0.0696833226,
    "researchAndDevelopmentExpenses": 0,
    "generalAndAdministrativeExpenses": 136100000,
    "sellingAndMarketingExpenses": 0,
    "sellingGeneralAndAdministrativeExpenses": 136100000,
    "otherExpenses": 0,
    "operatingExpenses": 136100000,
    "costAndExpenses": 6643200000,
    "interestIncome": 0,
    "interestExpense": 103600000,
    "depreciationAndAmortization": 181000000,
    "ebitda": 526600000,
    "ebitdaratio": 0.0752877261,
    "operatingIncome": 351300000,
    "operatingIncomeRatio": 0.0502251769,
    "totalOtherIncomeExpensesNet": -100500000,
    "incomeBeforeTax": 242000000,
    "incomeBeforeTaxRatio": 0.0345986132,
    "incomeTaxExpense": 26600000,
    "netIncome": 30700000,
    "netIncomeRatio": 0.0043891629,
    "eps": 0.75,
    "epsdiluted": 0.74,
    "weightedAverageShsOut": 41000000,
    "weightedAverageShsOutDil": 41400000,
    "link": "https://www.sec.gov/Archives/edgar/data/1389170/000138917012000007/0001389170-12-000007-index.htm",
    "finalLink": "https://www.sec.gov/Archives/edgar/data/1389170/000138917012000007/form10-k.htm"
  },
  {
    "date": "2010-12-31",
    "symbol": "TRGP",
    "reportedCurrency": "USD",
    "cik": "0001389170",
    "fillingDate": "2011-03-30",
    "acceptedDate": "2011-03-29 19:36:15",
    "calendarYear": "2010",
    "period": "FY",
    "revenue": 5460800000,
    "costOfRevenue": 4873200000,
    "grossProfit": 587600000,
    "grossProfitRatio": 0.1076032816,
    "researchAndDevelopmentExpenses": 0,
    "generalAndAdministrativeExpenses": 144400000,
    "sellingAndMarketingExpenses": 0,
    "sellingGeneralAndAdministrativeExpenses": 144400000,
    "otherExpenses": 255500000,
    "operatingExpenses": 399900000,
    "costAndExpenses": 5273100000,
    "interestIncome": 0,
    "interestExpense": 101600000,
    "depreciationAndAmortization": 185500000,
    "ebitda": 372900000,
    "ebitdaratio": 0.0682866979,
    "operatingIncome": 187700000,
    "operatingIncomeRatio": 0.0343722531,
    "totalOtherIncomeExpensesNet": -101900000,
    "incomeBeforeTax": 85800000,
    "incomeBeforeTaxRatio": 0.0157119836,
    "incomeTaxExpense": 22500000,
    "netIncome": -15000000,
    "netIncomeRatio": -0.0027468503,
    "eps": -31.1231,
    "epsdiluted": -31.1231,
    "weightedAverageShsOut": 41596174,
    "weightedAverageShsOutDil": 41796174,
    "link": "https://www.sec.gov/Archives/edgar/data/1389170/000138917011000005/0001389170-11-000005-index.htm",
    "finalLink": "https://www.sec.gov/Archives/edgar/data/1389170/000138917011000005/form10-ka.htm"
  },
  {
    "date": "2009-12-31",
    "symbol": "TRGP",
    "reportedCurrency": "USD",
    "cik": "0001389170",
    "fillingDate": "2009-12-31",
    "acceptedDate": "2009-12-30 19:00:00",
    "calendarYear": "2009",
    "period": "FY",
    "revenue": 4536000000,
    "costOfRevenue": 4196399999,
    "grossProfit": 339600000,
    "grossProfitRatio": 0.0748677249,
    "researchAndDevelopmentExpenses": 0,
    "generalAndAdministrativeExpenses": 0,
    "sellingAndMarketingExpenses": 0,
    "sellingGeneralAndAdministrativeExpenses": 120400000,
    "otherExpenses": 0,
    "operatingExpenses": 120400000,
    "costAndExpenses": 4316800000,
    "interestIncome": 0,
    "interestExpense": 132100000,
    "depreciationAndAmortization": 171700000,
    "ebitda": 403600000,
    "ebitdaratio": 0.0889770723,
    "operatingIncome": 219200000,
    "operatingIncomeRatio": 0.048324515,
    "totalOtherIncomeExpensesNet": -114400000,
    "incomeBeforeTax": 99800000,
    "incomeBeforeTaxRatio": 0.0220017637,
    "incomeTaxExpense": 20700000,
    "netIncome": 29300000,
    "netIncomeRatio": 0.0064594356,
    "eps": 1.79,
    "epsdiluted": 1.79,
    "weightedAverageShsOut": 42300000,
    "weightedAverageShsOutDil": 42300000,
    "link": "",
    "finalLink": ""
  },
  {
    "date": "2008-12-31",
    "symbol": "TRGP",
    "reportedCurrency": "USD",
    "cik": "0001389170",
    "fillingDate": "2008-12-31",
    "acceptedDate": "2008-12-30 19:00:00",
    "calendarYear": "2008",
    "period": "FY",
    "revenue": 7998900000,
    "costOfRevenue": 7654600000,
    "grossProfit": 344299999,
    "grossProfitRatio": 0.0430434183,
    "researchAndDevelopmentExpenses": 0,
    "generalAndAdministrativeExpenses": 96400000,
    "sellingAndMarketingExpenses": 0,
    "sellingGeneralAndAdministrativeExpenses": 96400000,
    "otherExpenses": 0,
    "operatingExpenses": 96400000,
    "costAndExpenses": 7751000000,
    "interestIncome": 0,
    "interestExpense": 141200000,
    "depreciationAndAmortization": 162800000,
    "ebitda": 457700000,
    "ebitdaratio": 0.0572203678,
    "operatingIncome": 247900000,
    "operatingIncomeRatio": 0.0309917614,
    "totalOtherIncomeExpensesNet": -80200000,
    "incomeBeforeTax": 153700000,
    "incomeBeforeTaxRatio": 0.0192151421,
    "incomeTaxExpense": 19300000,
    "netIncome": 37300000,
    "netIncomeRatio": 0.0046631412,
    "eps": 2.28,
    "epsdiluted": 2.28,
    "weightedAverageShsOut": 42300000,
    "weightedAverageShsOutDil": 42300000,
    "link": "",
    "finalLink": ""
  }
]