[
  {
    "date": "2025-06-30",
    "symbol": "TRGP",
    "reportedCurrency": "USD",
    "cik": "0001389170",
    "fillingDate": "2025-08-07",
    "acceptedDate": "2025-08-07 13:02:17",
    "calendarYear": "2025",
    "period": "Q2",
    "revenue": 4026200000,
    "costOfRevenue": 3133300000,
    "grossProfit": 892900000,
    "grossProfitRatio": 0.2217723908,
    "researchAndDevelopmentExpenses": 0,
    "generalAndAdministrativeExpenses": 95000000,
    "sellingAndMarketingExpenses": 0,
    "sellingGeneralAndAdministrativeExpenses": 95000000,
    "otherExpenses": -10700000,
    "operatingExpenses": 84300000,
    "costAndExpenses": 3217600000,
    "interestIncome": 0,
    "interestExpense": 218400000,
    "depreciationAndAmortization": 373700000,
    "ebitda": 1413400000,
    "ebitdaratio": 0.3510506184,
    "operatingIncome": 808600000,
    "operatingIncomeRatio": 0.2008345338,
    "totalOtherIncomeExpensesNet": 12700000,
    "incomeBeforeTax": 821300000,
    "incomeBeforeTaxRatio": 0.2039888729,
    "incomeTaxExpense": 184100000,
    "netIncome": 625100000,
    "netIncomeRatio": 0.1552580597,
    "eps": 2.886,
    "epsdiluted": 2.8767,
    "weightedAverageShsOut": 216600000,
    "weightedAverageShsOutDil": 217300000,
    "link": "https://www.sec.gov/Archives/edgar/data/1389170/000119312525175239/0001193125-25-175239-index.htm",
    "finalLink": "https://www.sec.gov/Archives/edgar/data/1389170/000119312525175239/trgp-20250630.htm"
  },
  {
    "date": "2025-03-31",
    "symbol": "TRGP",
    "reportedCurrency": "USD",
    "cik": "0001389170",
    "fillingDate": "2025-05-01",
    "acceptedDate": "2025-05-01 12:42:54",
    "calendarYear": "2025",
    "period": "Q1",
    "revenue": 4852800000,
    "costOfRevenue": 3929000000,
    "grossProfit": 923800000,
    "grossProfitRatio": 0.1903643258,
    "researchAndDevelopmentExpenses": 0,
    "generalAndAdministrativeExpenses": 94500000,
    "sellingAndMarketingExpenses": 0,
    "sellingGeneralAndAdministrativeExpenses": 94500000,
    "otherExpenses": -6800000,
    "operatingExpenses": 87700000,
    "costAndExpenses": 4016700000,
    "interestIncome": 0,
    "interestExpense": 197100000,
    "depreciationAndAmortization": 367600000,
    "ebitda": 916700000,
    "ebitdaratio": 0.1889012529,
    "operatingIncome": 836100000,
    "operatingIncomeRatio": 0.1722922849,
    "totalOtherIncomeExpensesNet": -484100000,
    "incomeBeforeTax": 352000000,
    "incomeBeforeTaxRatio": 0.0725354435,
    "incomeTaxExpense": 72200000,
    "netIncome": 198800000,
    "netIncomeRatio": 0.0409660402,
    "eps": 0.9124,
    "epsdiluted": 0.909,
    "weightedAverageShsOut": 217900000,
    "weightedAverageShsOutDil": 218700000,
    "link": "https://www.sec.gov/Archives/edgar/data/1389170/000095017025061595/0000950170-25-061595-index.htm",
    "finalLink": "https://www.sec.gov/Archives/edgar/data/1389170/000095017025061595/trgp-20250331.htm"
  },
  {
    "date": "2024-12-31",
    "symbol": "TRGP",
    "reportedCurrency": "USD",
    "cik": "0001389170",
    "fillingDate": "2025-02-20",
    "acceptedDate": "2025-02-20 14:15:42",
    "calendarYear": "2024",
    "period": "Q4",
    "revenue": 4524900000,
    "costOfRevenue": 3606900000,
    "grossProfit": 918000000,
    "grossProfitRatio": 0.2028774117,
    "researchAndDevelopmentExpenses": 0,
    "generalAndAdministrativeExpenses": 97500000,
    "sellingAndMarketingExpenses": 0,
    "sellingGeneralAndAdministrativeExpenses": 97500000,
    "otherExpenses": 200000,
    "operatingExpenses": 97700000,
    "costAndExpenses": 3704600000,
    "interestIncome": 0,
    "interestExpense": 177700000,
    "depreciationAndAmortization": 384900000,
    "ebitda": 1087100000,
    "ebitdaratio": 0.2402484033,
    "operatingIncome": 820300000,
    "operatingIncomeRatio": 0.1812857743,
    "totalOtherIncomeExpensesNet": -295800000,
    "incomeBeforeTax": 524400000,
    "incomeBeforeTaxRatio": 0.1158920639,
    "incomeTaxExpense": 110400000,
    "netIncome": 315900000,
    "netIncomeRatio": 0.0698136975,
    "eps": 1.4506,
    "epsdiluted": 1.4506,
    "weightedAverageShsOut": 220200000,
    "weightedAverageShsOutDil": 221300000,
    "link": "https://www.sec.gov/Archives/edgar/data/1389170/000095017025023983/0000950170-25-023983-index.htm",
    "finalLink": "https://www.sec.gov/Archives/edgar/data/1389170/000095017025023983/trgp-20241231.htm"
  },
  {
    "date": "2024-09-30",
    "symbol": "TRGP",
    "reportedCurrency": "USD",
    "cik": "0001389170",
    "fillingDate": "2024-11-05",
    "acceptedDate": "2024-11-05 15:08:23",
    "calendarYear": "2024",
    "period": "Q3",
    "revenue": 3885900000,
    "costOfRevenue": 3021400000,
    "grossProfit": 864500000,
    "grossProfitRatio": 0.2224709848,
    "researchAndDevelopmentExpenses": 0,
    "generalAndAdministrativeExpenses": 102600000,
    "sellingAndMarketingExpenses": 0,
    "sellingGeneralAndAdministrativeExpenses": 102600000,
    "otherExpenses": -2100000,
    "operatingExpenses": 100500000,
    "costAndExpenses": 3121900000,
    "interestIncome": 0,
    "interestExpense": 184900000,
    "depreciationAndAmortization": 356400000,
    "ebitda": 1086400000,
    "ebitdaratio": 0.2795748733,
    "operatingIncome": 764000000,
    "operatingIncomeRatio": 0.1966082503,
    "totalOtherIncomeExpensesNet": -218900000,
    "incomeBeforeTax": 545100000,
    "incomeBeforeTaxRatio": 0.1402763838,
    "incomeTaxExpense": 97000000,
    "netIncome": 384500000,
    "netIncomeRatio": 0.0989474768,
    "eps": 1.7557,
    "epsdiluted": 1.7477,
    "weightedAverageShsOut": 219000000,
    "weightedAverageShsOutDil": 220000000,
    "link": "https://www.sec.gov/Archives/edgar/data/1389170/000095017024121370/0000950170-24-121370-index.htm",
    "finalLink": "https://www.sec.gov/Archives/edgar/data/1389170/000095017024121370/trgp-20240930.htm"
  },
  {
    "date": "2024-06-30",
    "symbol": "TRGP",
    "reportedCurrency": "USD",
    "cik": "0001389170",
    "fillingDate": "2024-08-01",
    "acceptedDate": "2024-08-01 14:17:55",
    "calendarYear": "2024",
    "period": "Q2",
    "revenue": 3618600000,
    "costOfRevenue": 2836700000,
    "grossProfit": 781900000,
    "grossProfitRatio": 0.2160780412,
    "researchAndDevelopmentExpenses": 0,
    "generalAndAdministrativeExpenses": 98300000,
    "sellingAndMarketingExpenses": 0,
    "sellingGeneralAndAdministrativeExpenses": 98300000,
    "otherExpenses": 100000,
    "operatingExpenses": 98400000,
    "costAndExpenses": 2935100000,
    "interestIncome": 0,
    "interestExpense": 176000000,
    "depreciationAndAmortization": 350200000,
    "ebitda": 979400000,
    "ebitdaratio": 0.2706571602,
    "operatingIncome": 683500000,
    "operatingIncomeRatio": 0.1888852042,
    "totalOtherIncomeExpensesNet": -230300000,
    "incomeBeforeTax": 453200000,
    "incomeBeforeTaxRatio": 0.1252418062,
    "incomeTaxExpense": 94300000,
    "netIncome": 296200000,
    "netIncomeRatio": 0.081854861,
    "eps": 1.3403,
    "epsdiluted": 1.3348,
    "weightedAverageShsOut": 221000000,
    "weightedAverageShsOutDil": 221900000,
    "link": "https://www.sec.gov/Archives/edgar/data/1389170/000095017024089135/0000950170-24-089135-index.htm",
    "finalLink": "https://www.sec.gov/Archives/edgar/data/1389170/000095017024089135/trgp-20240630.htm"
  },
  {
    "date": "2024-03-31",
    "symbol": "TRGP",
    "reportedCurrency": "USD",
    "cik": "0001389170",
    "fillingDate": "2024-05-02",
    "acceptedDate": "2024-05-02 13:30:59",
    "calendarYear": "2024",
    "period": "Q1",
    "revenue": 4597500000,
    "costOfRevenue": 3836500000,
    "grossProfit": 761000000,
    "grossProfitRatio": 0.1655247417,
    "researchAndDevelopmentExpenses": 0,
    "generalAndAdministrativeExpenses": 86500000,
    "sellingAndMarketingExpenses": 0,
    "sellingGeneralAndAdministrativeExpenses": 86500000,
    "otherExpenses": 100000,
    "operatingExpenses": 86600000,
    "costAndExpenses": 3923100000,
    "interestIncome": 0,
    "interestExpense": 228600000,
    "depreciationAndAmortization": 342100000,
    "ebitda": 986000000,
    "ebitdaratio": 0.2144643828,
    "operatingIncome": 674400000,
    "operatingIncomeRatio": 0.1466884176,
    "totalOtherIncomeExpensesNet": -259100000,
    "incomeBeforeTax": 415300000,
    "incomeBeforeTaxRatio": 0.090331702,
    "incomeTaxExpense": 82700000,
    "netIncome": 273000000,
    "netIncomeRatio": 0.0593800979,
    "eps": 1.2253,
    "epsdiluted": 1.2204,
    "weightedAverageShsOut": 222800000,
    "weightedAverageShsOutDil": 223700000,
    "link": "https://www.sec.gov/Archives/edgar/data/1389170/000095017024051853/0000950170-24-051853-index.htm",
    "finalLink": "https://www.sec.gov/Archives/edgar/data/1389170/000095017024051853/trgp-20240331.htm"
  },
  {
    "date": "2023-12-31",
    "symbol": "TRGP",
    "reportedCurrency": "USD",
    "cik": "0001389170",
    "fillingDate": "2024-02-15",
    "acceptedDate": "2024-02-15 16:01:08",
    "calendarYear": "2023",
    "period": "Q4",
    "revenue": 4231800000,
    "costOfRevenue": 3509400000,
    "grossProfit": 722400000,
    "grossProfitRatio": 0.1707075004,
    "researchAndDevelopmentExpenses": 0,
    "generalAndAdministrativeExpenses": 95300000,
    "sellingAndMarketingExpenses": 0,
    "sellingGeneralAndAdministrativeExpenses": 95300000,
    "otherExpenses": 0,
    "operatingExpenses": 95300000,
    "costAndExpenses": 3604700000,
    "interestIncome": 0,
    "interestExpense": 178000000,
    "depreciationAndAmortization": 342800000,
    "ebitda": 980900000,
    "ebitdaratio": 0.2317926178,
    "operatingIncome": 627100000,
    "operatingIncomeRatio": 0.1481875325,
    "totalOtherIncomeExpensesNet": -167000000,
    "incomeBeforeTax": 460100000,
    "incomeBeforeTaxRatio": 0.1087244199,
    "incomeTaxExpense": 102500000,
    "netIncome": 277700000,
    "netIncomeRatio": 0.0656221939,
    "eps": 1.2475,
    "epsdiluted": 1.2475,
    "weightedAverageShsOut": 222611259,
    "weightedAverageShsOutDil": 222611259,
    "link": "https://www.sec.gov/Archives/edgar/data/1389170/000095017024015841/0000950170-24-015841-index.htm",
    "finalLink": "https://www.sec.gov/Archives/edgar/data/1389170/000095017024015841/trgp-20231231.htm"
  },
  {
    "date": "2023-09-30",
    "symbol": "TRGP",
    "reportedCurrency": "USD",
    "cik": "0001389170",
    "fillingDate": "2023-11-02",
    "acceptedDate": "2023-11-02 15:52:33",
    "calendarYear": "2023",
    "period": "Q3",
    "revenue": 3881400000,
    "costOfRevenue": 3299000000,
    "grossProfit": 582400000,
    "grossProfitRatio": 0.1500489514,
    "researchAndDevelopmentExpenses": 0,
    "generalAndAdministrativeExpenses": 90000000,
    "sellingAndMarketingExpenses": 0,
    "sellingGeneralAndAdministrativeExpenses": 90000000,
    "otherExpenses": 0,
    "operatingExpenses": 90000000,
    "costAndExpenses": 3389000000,
    "interestIncome": 0,
    "interestExpense": 175100000,
    "depreciationAndAmortization": 332700000,
    "ebitda": 840700000,
    "ebitdaratio": 0.2165971041,
    "operatingIncome": 492400000,
    "operatingIncomeRatio": 0.1268614417,
    "totalOtherIncomeExpensesNet": -159500000,
    "incomeBeforeTax": 332900000,
    "incomeBeforeTaxRatio": 0.0857680218,
    "incomeTaxExpense": 53900000,
    "netIncome": 217800000,
    "netIncomeRatio": 0.0561137734,
    "eps": 0.9732,
    "epsdiluted": 0.9676,
    "weightedAverageShsOut": 223800000,
    "weightedAverageShsOutDil": 225100000,
    "link": "https://www.sec.gov/Archives/edgar/data/1389170/000095017023058137/0000950170-23-058137-index.htm",
    "finalLink": "https://www.sec.gov/Archives/edgar/data/1389170/000095017023058137/trgp-20230930.htm"
  },
  {
    "date": "2023-06-30",
    "symbol": "TRGP",
    "reportedCurrency": "USD",
    "cik": "0001389170",
    "fillingDate": "2023-08-03",
    "acceptedDate": "2023-08-03 12:52:56",
    "calendarYear": "2023",
    "period": "Q2",
    "revenue": 3208700000,
    "costOfRevenue": 2673600000,
    "grossProfit": 535100000,
    "grossProfitRatio": 0.1667653567,
    "researchAndDevelopmentExpenses": 0,
    "generalAndAdministrativeExpenses": 81000000,
    "sellingAndMarketingExpenses": 0,
    "sellingGeneralAndAdministrativeExpenses": 81000000,
    "otherExpenses": 0,
    "operatingExpenses": 81000000,
    "costAndExpenses": 2754600000,
    "interestIncome": 0,
    "interestExpense": 166600000,
    "depreciationAndAmortization": 333600000,
    "ebitda": 984100000,
    "ebitdaratio": 0.3066974164,
    "operatingIncome": 454100000,
    "operatingIncomeRatio": 0.1415214885,
    "totalOtherIncomeExpensesNet": 29800000,
    "incomeBeforeTax": 483900000,
    "incomeBeforeTaxRatio": 0.1508087387,
    "incomeTaxExpense": 96400000,
    "netIncome": 325700000,
    "netIncomeRatio": 0.1015052825,
    "eps": 1.4437,
    "epsdiluted": 1.4361,
    "weightedAverageShsOut": 225600000,
    "weightedAverageShsOutDil": 226800000,
    "link": "https://www.sec.gov/Archives/edgar/data/1389170/000095017023037748/0000950170-23-037748-index.htm",
    "finalLink": "https://www.sec.gov/Archives/edgar/data/1389170/000095017023037748/trgp-20230630.htm"
  },
  {
    "date": "2023-03-31",
    "symbol": "TRGP",
    "reportedCurrency": "USD",
    "cik": "0001389170",
    "fillingDate": "2023-05-04",
    "acceptedDate": "2023-05-04 13:12:43",
    "calendarYear": "2023",
    "period": "Q1",
    "revenue": 4297300000,
    "costOfRevenue": 3602000000,
    "grossProfit": 695300000,
    "grossProfitRatio": 0.1617992693,
    "researchAndDevelopmentExpenses": 0,
    "generalAndAdministrativeExpenses": 82400000,
    "sellingAndMarketingExpenses": 0,
    "sellingGeneralAndAdministrativeExpenses": 82400000,
    "otherExpenses": 0,
    "operatingExpenses": 82400000,
    "costAndExpenses": 3684400000,
    "interestIncome": 0,
    "interestExpense": 168000000,
    "depreciationAndAmortization": 326400000,
    "ebitda": 1159900000,
    "ebitdaratio": 0.2699136667,
    "operatingIncome": 612900000,
    "operatingIncomeRatio": 0.1426244386,
    "totalOtherIncomeExpensesNet": 52600000,
    "incomeBeforeTax": 665500000,
    "incomeBeforeTaxRatio": 0.1548646825,
    "incomeTaxExpense": 110300000,
    "netIncome": 6300000,
    "netIncomeRatio": 0.0014660368,
    "eps": 0.0278,
    "epsdiluted": 0.0275,
    "weightedAverageShsOut": 226400000,
    "weightedAverageShsOutDil": 229300000,
    "link": "https://www.sec.gov/Archives/edgar/data/1389170/000095017023017657/0000950170-23-017657-index.htm",
    "finalLink": "https://www.sec.gov/Archives/edgar/data/1389170/000095017023017657/trgp-20230331.htm"
  },
  {
    "date": "2022-12-31",
    "symbol": "TRGP",
    "reportedCurrency": "USD",
    "cik": "0001389170",
    "fillingDate": "2023-02-22",
    "acceptedDate": "2023-02-22 16:49:32",
    "calendarYear": "2022",
    "period": "Q4",
    "revenue": 4566700000,
    "costOfRevenue": 3906200000,
    "grossProfit": 660500000,
    "grossProfitRatio": 0.1446339808,
    "researchAndDevelopmentExpenses": 0,
    "generalAndAdministrativeExpenses": 92500000,
    "sellingAndMarketingExpenses": 0,
    "sellingGeneralAndAdministrativeExpenses": 92500000,
    "otherExpenses": 0,
    "operatingExpenses": 92500000,
    "costAndExpenses": 3998700000,
    "interestIncome": 0,
    "interestExpense": 145600000,
    "depreciationAndAmortization": 331100000,
    "ebitda": 882300000,
    "ebitdaratio": 0.1932029693,
    "operatingIncome": 568000000,
    "operatingIncomeRatio": 0.1243786542,
    "totalOtherIncomeExpensesNet": -162300000,
    "incomeBeforeTax": 405700000,
    "incomeBeforeTaxRatio": 0.0888387676,
    "incomeTaxExpense": 9800000,
    "netIncome": 317900000,
    "netIncomeRatio": 0.0696126306,
    "eps": 1.4064,
    "epsdiluted": 1.4064,
    "weightedAverageShsOut": 226850000,
    "weightedAverageShsOutDil": 230200000,
    "link": "https://www.sec.gov/Archives/edgar/data/1389170/000095017023003797/0000950170-23-003797-index.htm",
    "finalLink": "https://www.sec.gov/Archives/edgar/data/1389170/000095017023003797/trgp-20221231.htm"
  },
  {
    "date": "2022-09-30",
    "symbol": "TRGP",
    "reportedCurrency": "USD",
    "cik": "0001389170",
    "fillingDate": "2022-11-03",
    "acceptedDate": "2022-11-03 15:50:42",
    "calendarYear": "2022",
    "period": "Q3",
    "revenue": 5603300000,
    "costOfRevenue": 4854800000,
    "grossProfit": 748500000,
    "grossProfitRatio": 0.1335819963,
    "researchAndDevelopmentExpenses": 0,
    "generalAndAdministrativeExpenses": 79100000,
    "sellingAndMarketingExpenses": 0,
    "sellingGeneralAndAdministrativeExpenses": 79100000,
    "otherExpenses": 0,
    "operatingExpenses": 79100000,
    "costAndExpenses": 4933900000,
    "interestIncome": 0,
    "interestExpense": 125800000,
    "depreciationAndAmortization": 288500000,
    "ebitda": 705600000,
    "ebitdaratio": 0.1259257937,
    "operatingIncome": 669400000,
    "operatingIncomeRatio": 0.1194653151,
    "totalOtherIncomeExpensesNet": -378100000,
    "incomeBeforeTax": 291300000,
    "incomeBeforeTaxRatio": 0.0519872218,
    "incomeTaxExpense": 12000000,
    "netIncome": 193100000,
    "netIncomeRatio": 0.034461835,
    "eps": 0.8522,
    "epsdiluted": 0.8385,
    "weightedAverageShsOut": 226600000,
    "weightedAverageShsOutDil": 230300000,
    "link": "https://www.sec.gov/Archives/edgar/data/1389170/000095017022021813/0000950170-22-021813-index.htm",
    "finalLink": "https://www.sec.gov/Archives/edgar/data/1389170/000095017022021813/trgp-20220930.htm"
  },
  {
    "date": "2022-06-30",
    "symbol": "TRGP",
    "reportedCurrency": "USD",
    "cik": "0001389170",
    "fillingDate": "2022-08-04",
    "acceptedDate": "2022-08-04 12:41:27",
    "calendarYear": "2022",
    "period": "Q2",
    "revenue": 6232500000,
    "costOfRevenue": 5533000000,
    "grossProfit": 699500000,
    "grossProfitRatio": 0.1122342559,
    "researchAndDevelopmentExpenses": 0,
    "generalAndAdministrativeExpenses": 71000000,
    "sellingAndMarketingExpenses": 0,
    "sellingGeneralAndAdministrativeExpenses": 71000000,
    "otherExpenses": -600000,
    "operatingExpenses": 70400000,
    "costAndExpenses": 5603400000,
    "interestIncome": 0,
    "interestExpense": 81200000,
    "depreciationAndAmortization": 271000000,
    "ebitda": 1126900000,
    "ebitdaratio": 0.1808102688,
    "operatingIncome": 629100000,
    "operatingIncomeRatio": 0.1009386282,
    "totalOtherIncomeExpensesNet": 145600000,
    "incomeBeforeTax": 774700000,
    "incomeBeforeTaxRatio": 0.1243000401,
    "incomeTaxExpense": 87100000,
    "netIncome": 596400000,
    "netIncomeRatio": 0.0956919374,
    "eps": 1.6361,
    "epsdiluted": 1.6086,
    "weightedAverageShsOut": 227800000,
    "weightedAverageShsOutDil": 231700000,
    "link": "https://www.sec.gov/Archives/edgar/data/1389170/000156459022027962/0001564590-22-027962-index.htm",
    "finalLink": "https://www.sec.gov/Archives/edgar/data/1389170/000156459022027962/trgp-10q_20220630.htm"
  },
  {
    "date": "2022-03-31",
    "symbol": "TRGP",
    "reportedCurrency": "USD",
    "cik": "0001389170",
    "fillingDate": "2022-05-05",
    "acceptedDate": "2022-05-05 14:15:04",
    "calendarYear": "2022",
    "period": "Q1",
    "revenue": 5281800000,
    "costOfRevenue": 4596700000,
    "grossProfit": 685100000,
    "grossProfitRatio": 0.1297095687,
    "researchAndDevelopmentExpenses": 0,
    "generalAndAdministrativeExpenses": 67100000,
    "sellingAndMarketingExpenses": 0,
    "sellingGeneralAndAdministrativeExpenses": 67099999,
    "otherExpenses": -1000000,
    "operatingExpenses": 66099999,
    "costAndExpenses": 4662800000,
    "interestIncome": 0,
    "interestExpense": 93600000,
    "depreciationAndAmortization": 210200000,
    "ebitda": 495300000,
    "ebitdaratio": 0.0937748495,
    "operatingIncome": 619000000,
    "operatingIncomeRatio": 0.1171948957,
    "totalOtherIncomeExpensesNet": -427500000,
    "incomeBeforeTax": 191500000,
    "incomeBeforeTaxRatio": 0.0362565792,
    "incomeTaxExpense": 22900000,
    "netIncome": 34900000,
    "netIncomeRatio": 0.0066075959,
    "eps": 0.0573,
    "epsdiluted": 0.0564,
    "weightedAverageShsOut": 228500000,
    "weightedAverageShsOutDil": 232400000,
    "link": "https://www.sec.gov/Archives/edgar/data/1389170/000156459022018168/0001564590-22-018168-index.htm",
    "finalLink": "https://www.sec.gov/Archives/edgar/data/1389170/000156459022018168/trgp-10q_20220331.htm"
  },
  {
    "date": "2021-12-31",
    "symbol": "TRGP",
    "reportedCurrency": "USD",
    "cik": "0001389170",
    "fillingDate": "2022-02-24",
    "acceptedDate": "2022-02-24 11:57:41",
    "calendarYear": "2021",
    "period": "Q4",
    "revenue": 5603600000,
    "costOfRevenue": 4991100000,
    "grossProfit": 612500000,
    "grossProfitRatio": 0.1093047327,
    "researchAndDevelopmentExpenses": 0,
    "generalAndAdministrativeExpenses": 80800000,
    "sellingAndMarketingExpenses": 0,
    "sellingGeneralAndAdministrativeExpenses": 80700000,
    "otherExpenses": 0,
    "operatingExpenses": 80700000,
    "costAndExpenses": 5071800000,
    "interestIncome": 0,
    "interestExpense": 103700000,
    "depreciationAndAmortization": 220700000,
    "ebitda": 66499999,
    "ebitdaratio": 0.0118673708,
    "operatingIncome": 531799999,
    "operatingIncomeRatio": 0.0949032763,
    "totalOtherIncomeExpensesNet": -789699999,
    "incomeBeforeTax": -257900000,
    "incomeBeforeTaxRatio": -0.0460239846,
    "incomeTaxExpense": -8700000,
    "netIncome": -313600000,
    "netIncomeRatio": -0.0559640231,
    "eps": -1.4696,
    "epsdiluted": -1.4696,
    "weightedAverageShsOut": 228800000,
    "weightedAverageShsOutDil": 276400000,
    "link": "https://www.sec.gov/Archives/edgar/data/1389170/000156459022006563/0001564590-22-006563-index.htm",
    "finalLink": "https://www.sec.gov/Archives/edgar/data/1389170/000156459022006563/trgp-10k_20211231.htm"
  },
  {
    "date": "2021-09-30",
    "symbol": "TRGP",
    "reportedCurrency": "USD",
    "cik": "0001389170",
    "fillingDate": "2021-11-04",
    "acceptedDate": "2021-11-04 12:51:11",
    "calendarYear": "2021",
    "period": "Q3",
    "revenue": 4543400000,
    "costOfRevenue": 4026900000,
    "grossProfit": 516500000,
    "grossProfitRatio": 0.113681384,
    "researchAndDevelopmentExpenses": 0,
    "generalAndAdministrativeExpenses": 67300000,
    "sellingAndMarketingExpenses": 0,
    "sellingGeneralAndAdministrativeExpenses": 67300000,
    "otherExpenses": -1500000,
    "operatingExpenses": 65800000,
    "costAndExpenses": 4092700000,
    "interestIncome": 0,
    "interestExpense": 91000000,
    "depreciationAndAmortization": 223800000,
    "ebitda": 604800000,
    "ebitdaratio": 0.1331161685,
    "operatingIncome": 450700000,
    "operatingIncomeRatio": 0.0991988379,
    "totalOtherIncomeExpensesNet": -160700000,
    "incomeBeforeTax": 290000000,
    "incomeBeforeTaxRatio": 0.0638288506,
    "incomeTaxExpense": 2000000,
    "netIncome": 182200000,
    "netIncomeRatio": 0.0401021262,
    "eps": 0.701,
    "epsdiluted": 0.5803,
    "weightedAverageShsOut": 228800000,
    "weightedAverageShsOutDil": 276400000,
    "link": "https://www.sec.gov/Archives/edgar/data/1389170/000156459021054348/0001564590-21-054348-index.htm",
    "finalLink": "https://www.sec.gov/Archives/edgar/data/1389170/000156459021054348/trgp-10q_20210930.htm"
  },
  {
    "date": "2021-06-30",
    "symbol": "TRGP",
    "reportedCurrency": "USD",
    "cik": "0001389170",
    "fillingDate": "2021-08-05",
    "acceptedDate": "2021-08-05 13:08:40",
    "calendarYear": "2021",
    "period": "Q2",
    "revenue": 3526100000,
    "costOfRevenue": 3105700000,
    "grossProfit": 420400000,
    "grossProfitRatio": 0.1192252063,
    "researchAndDevelopmentExpenses": 0,
    "generalAndAdministrativeExpenses": 63700000,
    "sellingAndMarketingExpenses": 0,
    "sellingGeneralAndAdministrativeExpenses": 63700000,
    "otherExpenses": -400000,
    "operatingExpenses": 63300000,
    "costAndExpenses": 3169000000,
    "interestIncome": 0,
    "interestExpense": 94800000,
    "depreciationAndAmortization": 213000000,
    "ebitda": 469800000,
    "ebitdaratio": 0.1332350189,
    "operatingIncome": 357100000,
    "operatingIncomeRatio": 0.1012733615,
    "totalOtherIncomeExpensesNet": -195100000,
    "incomeBeforeTax": 162000000,
    "incomeBeforeTaxRatio": 0.04594311,
    "incomeTaxExpense": 6600000,
    "netIncome": 56200000,
    "netIncomeRatio": 0.0159382888,
    "eps": 0.1505,
    "epsdiluted": 0.1487,
    "weightedAverageShsOut": 228600000,
    "weightedAverageShsOutDil": 231300000,
    "link": "https://www.sec.gov/Archives/edgar/data/1389170/000156459021041376/0001564590-21-041376-index.htm",
    "finalLink": "https://www.sec.gov/Archives/edgar/data/1389170/000156459021041376/trgp-10q_20210630.htm"
  },
  {
    "date": "2021-03-31",
    "symbol": "TRGP",
    "reportedCurrency": "USD",
    "cik": "0001389170",
    "fillingDate": "2021-05-06",
    "acceptedDate": "2021-05-06 14:31:24",
    "calendarYear": "2021",
    "period": "Q1",
    "revenue": 3767400000,
    "costOfRevenue": 3223600000,
    "grossProfit": 543800000,
    "grossProfitRatio": 0.1443435791,
    "researchAndDevelopmentExpenses": 0,
    "generalAndAdministrativeExpenses": 61400000,
    "sellingAndMarketingExpenses": 0,
    "sellingGeneralAndAdministrativeExpenses": 61400000,
    "otherExpenses": 100000,
    "operatingExpenses": 61500000,
    "costAndExpenses": 3285100000,
    "interestIncome": 0,
    "interestExpense": 98400000,
    "depreciationAndAmortization": 217100000,
    "ebitda": 558400000,
    "ebitdaratio": 0.1482189308,
    "operatingIncome": 482300000,
    "operatingIncomeRatio": 0.1280193237,
    "totalOtherIncomeExpensesNet": -239400000,
    "incomeBeforeTax": 242900000,
    "incomeBeforeTaxRatio": 0.0644741732,
    "incomeTaxExpense": 15000000,
    "netIncome": 146400000,
    "netIncomeRatio": 0.038859691,
    "eps": 0.5453,
    "epsdiluted": 0.4536,
    "weightedAverageShsOut": 228500000,
    "weightedAverageShsOutDil": 274700000,
    "link": "https://www.sec.gov/Archives/edgar/data/1389170/000156459021024819/0001564590-21-024819-index.htm",
    "finalLink": "https://www.sec.gov/Archives/edgar/data/1389170/000156459021024819/trgp-10q_20210331.htm"
  },
  {
    "date": "2020-12-31",
    "symbol": "TRGP",
    "reportedCurrency": "USD",
    "cik": "0001389170",
    "fillingDate": "2021-02-18",
    "acceptedDate": "2021-02-18 15:38:23",
    "calendarYear": "2020",
    "period": "Q4",
    "revenue": 2922300000,
    "costOfRevenue": 2190800000,
    "grossProfit": 731500000,
    "grossProfitRatio": 0.2503165315,
    "researchAndDevelopmentExpenses": 0,
    "generalAndAdministrativeExpenses": 74000000,
    "sellingAndMarketingExpenses": 0,
    "sellingGeneralAndAdministrativeExpenses": 74000000,
    "otherExpenses": 300000,
    "operatingExpenses": 74300000,
    "costAndExpenses": 2265100000,
    "interestIncome": 0,
    "interestExpense": 98900000,
    "depreciationAndAmortization": 218800000,
    "ebitda": 502200000,
    "ebitdaratio": 0.1718509393,
    "operatingIncome": 657200000,
    "operatingIncomeRatio": 0.2248913527,
    "totalOtherIncomeExpensesNet": -472700000,
    "incomeBeforeTax": 184500000,
    "incomeBeforeTaxRatio": 0.0631352017,
    "incomeTaxExpense": 38500000,
    "netIncome": 33600000,
    "netIncomeRatio": 0.0114977928,
    "eps": -0.0035,
    "epsdiluted": -0.0035,
    "weightedAverageShsOut": 228500000,
    "weightedAverageShsOutDil": 274700000,
    "link": "https://www.sec.gov/Archives/edgar/data/1389170/000156459021006640/0001564590-21-006640-index.htm",
    "finalLink": "https://www.sec.gov/Archives/edgar/data/1389170/000156459021006640/trgp-10k_20201231.htm"
  },
  {
    "date": "2020-09-30",
    "symbol": "TRGP",
    "reportedCurrency": "USD",
    "cik": "0001389170",
    "fillingDate": "2020-11-05",
    "acceptedDate": "2020-11-05 14:23:38",
    "calendarYear": "2020",
    "period": "Q3",
    "revenue": 2005900000,
    "costOfRevenue": 1688800000,
    "grossProfit": 317100000,
    "grossProfitRatio": 0.1580836532,
    "researchAndDevelopmentExpenses": 0,
    "generalAndAdministrativeExpenses": 58600000,
    "sellingAndMarketingExpenses": 0,
    "sellingGeneralAndAdministrativeExpenses": 58600000,
    "otherExpenses": 700000,
    "operatingExpenses": 59300000,
    "costAndExpenses": 1748100000,
    "interestIncome": 0,
    "interestExpense": 97700000,
    "depreciationAndAmortization": 204600000,
    "ebitda": 506400000,
    "ebitdaratio": 0.252455257,
    "operatingIncome": 257800000,
    "operatingIncomeRatio": 0.1285208635,
    "totalOtherIncomeExpensesNet": -53700000,
    "incomeBeforeTax": 204100000,
    "incomeBeforeTaxRatio": 0.101749838,
    "incomeTaxExpense": 31900000,
    "netIncome": 69300000,
    "netIncomeRatio": 0.0345480832,
    "eps": 0.1581,
    "epsdiluted": 0.1578,
    "weightedAverageShsOut": 233400000,
    "weightedAverageShsOutDil": 233800000,
    "link": "https://www.sec.gov/Archives/edgar/data/1389170/000156459020051164/0001564590-20-051164-index.htm",
    "finalLink": "https://www.sec.gov/Archives/edgar/data/1389170/000156459020051164/trgp-10q_20200930.htm"
  },
  {
    "date": "2020-06-30",
    "symbol": "TRGP",
    "reportedCurrency": "USD",
    "cik": "0001389170",
    "fillingDate": "2020-08-06",
    "acceptedDate": "2020-08-06 14:15:28",
    "calendarYear": "2020",
    "period": "Q2",
    "revenue": 1455200000,
    "costOfRevenue": 1248500000,
    "grossProfit": 206700000,
    "grossProfitRatio": 0.142042331,
    "researchAndDevelopmentExpenses": 0,
    "generalAndAdministrativeExpenses": 61500000,
    "sellingAndMarketingExpenses": 0,
    "sellingGeneralAndAdministrativeExpenses": 61500000,
    "otherExpenses": 400000,
    "operatingExpenses": 61900000,
    "costAndExpenses": 1310400000,
    "interestIncome": 0,
    "interestExpense": 96700000,
    "depreciationAndAmortization": 205500000,
    "ebitda": 456100000,
    "ebitdaratio": 0.3134277075,
    "operatingIncome": 144800000,
    "operatingIncomeRatio": 0.0995052226,
    "totalOtherIncomeExpensesNet": 9100000,
    "incomeBeforeTax": 153900000,
    "incomeBeforeTaxRatio": 0.1057586586,
    "incomeTaxExpense": -23200000,
    "netIncome": 81000000,
    "netIncomeRatio": 0.0556624519,
    "eps": 0.2098,
    "epsdiluted": 0.2092,
    "weightedAverageShsOut": 233100000,
    "weightedAverageShsOutDil": 233800000,
    "link": "https://www.sec.gov/Archives/edgar/data/1389170/000156459020037565/0001564590-20-037565-index.htm",
    "finalLink": "https://www.sec.gov/Archives/edgar/data/1389170/000156459020037565/trgp-10q_20200630.htm"
  },
  {
    "date": "2020-03-31",
    "symbol": "TRGP",
    "reportedCurrency": "USD",
    "cik": "0001389170",
    "fillingDate": "2020-05-07",
    "acceptedDate": "2020-05-07 15:39:51",
    "calendarYear": "2020",
    "period": "Q1",
    "revenue": 1889000000,
    "costOfRevenue": 1622000000,
    "grossProfit": 267000000,
    "grossProfitRatio": 0.1413446268,
    "researchAndDevelopmentExpenses": 0,
    "generalAndAdministrativeExpenses": 60500000,
    "sellingAndMarketingExpenses": 0,
    "sellingGeneralAndAdministrativeExpenses": 60500000,
    "otherExpenses": 500000,
    "operatingExpenses": 61000000,
    "costAndExpenses": 1683000000,
    "interestIncome": 0,
    "interestExpense": 98000000,
    "depreciationAndAmortization": 239800000,
    "ebitda": -1777800000,
    "ebitdaratio": -0.9411328745,
    "operatingIncome": 206000000,
    "operatingIncomeRatio": 0.1090524087,
    "totalOtherIncomeExpensesNet": -2321600000,
    "incomeBeforeTax": -2115600000,
    "incomeBeforeTaxRatio": -1.1199576496,
    "incomeTaxExpense": -295300000,
    "netIncome": -1737800000,
    "netIncomeRatio": -0.9199576496,
    "eps": -7.5953,
    "epsdiluted": -7.5953,
    "weightedAverageShsOut": 232855263,
    "weightedAverageShsOutDil": 233000000,
    "link": "https://www.sec.gov/Archives/edgar/data/1389170/000156459020022780/0001564590-20-022780-index.htm",
    "finalLink": "https://www.sec.gov/Archives/edgar/data/1389170/000156459020022780/trgp-10q_20200331.htm"
  },
  {
    "date": "2019-12-31",
    "symbol": "TRGP",
    "reportedCurrency": "USD",
    "cik": "0001389170",
    "fillingDate": "2020-02-20",
    "acceptedDate": "2020-02-20 17:10:37",
    "calendarYear": "2019",
    "period": "Q4",
    "revenue": 2472700000,
    "costOfRevenue": 2147600000,
    "grossProfit": 325100000,
    "grossProfitRatio": 0.1314757148,
    "researchAndDevelopmentExpenses": 0,
    "generalAndAdministrativeExpenses": 57200000,
    "sellingAndMarketingExpenses": 0,
    "sellingGeneralAndAdministrativeExpenses": 57200000,
    "otherExpenses": -3700000,
    "operatingExpenses": 53500000,
    "costAndExpenses": 2201100000,
    "interestIncome": 0,
    "interestExpense": 96000000,
    "depreciationAndAmortization": 253700000,
    "ebitda": 256700000,
    "ebitdaratio": 0.103813645,
    "operatingIncome": 271600000,
    "operatingIncomeRatio": 0.1098394468,
    "totalOtherIncomeExpensesNet": -364600000,
    "incomeBeforeTax": -93000000,
    "incomeBeforeTaxRatio": -0.0376107089,
    "incomeTaxExpense": -77900000,
    "netIncome": -112800000,
    "netIncomeRatio": -0.0456181502,
    "eps": -0.6202,
    "epsdiluted": -0.6202,
    "weightedAverageShsOut": 232800000,
    "weightedAverageShsOutDil": 233000000,
    "link": "https://www.sec.gov/Archives/edgar/data/1389170/000156459020005592/0001564590-20-005592-index.htm",
    "finalLink": "https://www.sec.gov/Archives/edgar/data/1389170/000156459020005592/trgp-10k_20191231.htm"
  },
  {
    "date": "2019-09-30",
    "symbol": "TRGP",
    "reportedCurrency": "USD",
    "cik": "0001389170",
    "fillingDate": "2019-11-07",
    "acceptedDate": "2019-11-07 17:01:45",
    "calendarYear": "2019",
    "period": "Q3",
    "revenue": 1964300000,
    "costOfRevenue": 1772600000,
    "grossProfit": 191700000,
    "grossProfitRatio": 0.0975920175,
    "researchAndDevelopmentExpenses": 0,
    "generalAndAdministrativeExpenses": 69900000,
    "sellingAndMarketingExpenses": 0,
    "sellingGeneralAndAdministrativeExpenses": 69900000,
    "otherExpenses": 0,
    "operatingExpenses": 69900000,
    "costAndExpenses": 1842500000,
    "interestIncome": 0,
    "interestExpense": 89100000,
    "depreciationAndAmortization": 245700000,
    "ebitda": 363100000,
    "ebitdaratio": 0.1848495647,
    "operatingIncome": 121800000,
    "operatingIncomeRatio": 0.0620068218,
    "totalOtherIncomeExpensesNet": -93500000,
    "incomeBeforeTax": 28300000,
    "incomeBeforeTaxRatio": 0.0144071679,
    "incomeTaxExpense": -3800000,
    "netIncome": -47300000,
    "netIncomeRatio": -0.0240798249,
    "eps": -0.3378,
    "epsdiluted": -0.3378,
    "weightedAverageShsOut": 231176470,
    "weightedAverageShsOutDil": 232700000,
    "link": "https://www.sec.gov/Archives/edgar/data/1389170/000156459019041853/0001564590-19-041853-index.htm",
    "finalLink": "https://www.sec.gov/Archives/edgar/data/1389170/000156459019041853/trgp-10q_20190930.htm"
  },
  {
    "date": "2019-06-30",
    "symbol": "TRGP",
    "reportedCurrency": "USD",
    "cik": "0001389170",
    "fillingDate": "2019-08-09",
    "acceptedDate": "2019-08-08 19:15:05",
    "calendarYear": "2019",
    "period": "Q2",
    "revenue": 1953100000,
    "costOfRevenue": 1809000000,
    "grossProfit": 144100000,
    "grossProfitRatio": 0.0737801444,
    "researchAndDevelopmentExpenses": 0,
    "generalAndAdministrativeExpenses": 72800000,
    "sellingAndMarketingExpenses": 0,
    "sellingGeneralAndAdministrativeExpenses": 72800000,
    "otherExpenses": 0,
    "operatingExpenses": 72800000,
    "costAndExpenses": 1881800000,
    "interestIncome": 0,
    "interestExpense": 72100000,
    "depreciationAndAmortization": 238500000,
    "ebitda": 356200000,
    "ebitdaratio": 0.1823767344,
    "operatingIncome": 71300000,
    "operatingIncomeRatio": 0.0365060673,
    "totalOtherIncomeExpensesNet": -25700000,
    "incomeBeforeTax": 45600000,
    "incomeBeforeTaxRatio": 0.0233474988,
    "incomeTaxExpense": -3300000,
    "netIncome": -10200000,
    "netIncomeRatio": -0.0052224668,
    "eps": -0.1773,
    "epsdiluted": -0.1773,
    "weightedAverageShsOut": 228888888,
    "weightedAverageShsOutDil": 232400000,
    "link": "https://www.sec.gov/Archives/edgar/data/1389170/000156459019030955/0001564590-19-030955-index.htm",
    "finalLink": "https://www.sec.gov/Archives/edgar/data/1389170/000156459019030955/trgp-10q_20190630.htm"
  },
  {
    "date": "2019-03-31",
    "symbol": "TRGP",
    "reportedCurrency": "USD",
    "cik": "0001389170",
    "fillingDate": "2019-05-08",
    "acceptedDate": "2019-05-08 15:28:47",
    "calendarYear": "2019",
    "period": "Q1",
    "revenue": 2287600000,
    "costOfRevenue": 2153600000,
    "grossProfit": 134000000,
    "grossProfitRatio": 0.0585766742,
    "researchAndDevelopmentExpenses": 0,
    "generalAndAdministrativeExpenses": 81100000,
    "sellingAndMarketingExpenses": 0,
    "sellingGeneralAndAdministrativeExpenses": 81100000,
    "otherExpenses": 3400000,
    "operatingExpenses": 84500000,
    "costAndExpenses": 2238100000,
    "interestIncome": 0,
    "interestExpense": 80600000,
    "depreciationAndAmortization": 238400000,
    "ebitda": 291400000,
    "ebitdaratio": 0.1273824095,
    "operatingIncome": 49500000,
    "operatingIncomeRatio": 0.0216383983,
    "totalOtherIncomeExpensesNet": -77100000,
    "incomeBeforeTax": -27600000,
    "incomeBeforeTaxRatio": -0.0120650463,
    "incomeTaxExpense": -2900000,
    "netIncome": -38900000,
    "netIncomeRatio": -0.0170047211,
    "eps": -0.3002,
    "epsdiluted": -0.3002,
    "weightedAverageShsOut": 232200000,
    "weightedAverageShsOutDil": 232200000,
    "link": "https://www.sec.gov/Archives/edgar/data/1389170/000156459019017121/0001564590-19-017121-index.htm",
    "finalLink": "https://www.sec.gov/Archives/edgar/data/1389170/000156459019017121/trgp-10q_20190331.htm"
  },
  {
    "date": "2018-12-31",
    "symbol": "TRGP",
    "reportedCurrency": "USD",
    "cik": "0001389170",
    "fillingDate": "2019-03-01",
    "acceptedDate": "2019-03-01 13:01:11",
    "calendarYear": "2018",
    "period": "Q4",
    "revenue": 2596300000,
    "costOfRevenue": 2400600000,
    "grossProfit": 195700000,
    "grossProfitRatio": 0.0753764973,
    "researchAndDevelopmentExpenses": 0,
    "generalAndAdministrativeExpenses": 80000000,
    "sellingAndMarketingExpenses": 0,
    "sellingGeneralAndAdministrativeExpenses": 80000000,
    "otherExpenses": 2200000,
    "operatingExpenses": 82200000,
    "costAndExpenses": 2482800000,
    "interestIncome": 0,
    "interestExpense": 67400000,
    "depreciationAndAmortization": 209600000,
    "ebitda": 156700000,
    "ebitdaratio": 0.0603551207,
    "operatingIncome": 113500000,
    "operatingIncomeRatio": 0.0437160575,
    "totalOtherIncomeExpensesNet": -233800000,
    "incomeBeforeTax": -120400000,
    "incomeBeforeTaxRatio": -0.0463736856,
    "incomeTaxExpense": -32200000,
    "netIncome": -106400000,
    "netIncomeRatio": -0.0409813966,
    "eps": -0.591,
    "epsdiluted": -0.591,
    "weightedAverageShsOut": 230500000,
    "weightedAverageShsOutDil": 232200000,
    "link": "https://www.sec.gov/Archives/edgar/data/1389170/000156459019005727/0001564590-19-005727-index.htm",
    "finalLink": "https://www.sec.gov/Archives/edgar/data/1389170/000156459019005727/trgp-10k_20181231.htm"
  },
  {
    "date": "2018-09-30",
    "symbol": "TRGP",
    "reportedCurrency": "USD",
    "cik": "0001389170",
    "fillingDate": "2018-11-08",
    "acceptedDate": "2018-11-08 14:04:06",
    "calendarYear": "2018",
    "period": "Q3",
    "revenue": 3011400000,
    "costOfRevenue": 2784700000,
    "grossProfit": 226700000,
    "grossProfitRatio": 0.0752806004,
    "researchAndDevelopmentExpenses": 0,
    "generalAndAdministrativeExpenses": 63200000,
    "sellingAndMarketingExpenses": 0,
    "sellingGeneralAndAdministrativeExpenses": 63200000,
    "otherExpenses": 700000,
    "operatingExpenses": 63900000,
    "costAndExpenses": 2848600000,
    "interestIncome": 0,
    "interestExpense": 87300000,
    "depreciationAndAmortization": 207200000,
    "ebitda": 279400000,
    "ebitdaratio": 0.0927807664,
    "operatingIncome": 162800000,
    "operatingIncomeRatio": 0.054061234,
    "totalOtherIncomeExpensesNet": -177900000,
    "incomeBeforeTax": -15100000,
    "incomeBeforeTaxRatio": -0.0050142791,
    "incomeTaxExpense": -3900000,
    "netIncome": -23700000,
    "netIncomeRatio": -0.0078700936,
    "eps": -0.2384,
    "epsdiluted": -0.2384,
    "weightedAverageShsOut": 225000000,
    "weightedAverageShsOutDil": 226500000,
    "link": "https://www.sec.gov/Archives/edgar/data/1389170/000156459018028429/0001564590-18-028429-index.htm",
    "finalLink": "https://www.sec.gov/Archives/edgar/data/1389170/000156459018028429/trgp-10q_20180930.htm"
  },
  {
    "date": "2018-06-30",
    "symbol": "TRGP",
    "reportedCurrency": "USD",
    "cik": "0001389170",
    "fillingDate": "2018-08-09",
    "acceptedDate": "2018-08-08 20:25:52",
    "calendarYear": "2018",
    "period": "Q2",
    "revenue": 2454400000,
    "costOfRevenue": 2278400000,
    "grossProfit": 176000000,
    "grossProfitRatio": 0.0717079531,
    "researchAndDevelopmentExpenses": 0,
    "generalAndAdministrativeExpenses": 57000000,
    "sellingAndMarketingExpenses": 0,
    "sellingGeneralAndAdministrativeExpenses": 57000000,
    "otherExpenses": 300000,
    "operatingExpenses": 57300000,
    "costAndExpenses": 2335700000,
    "interestIncome": 0,
    "interestExpense": 64900000,
    "depreciationAndAmortization": 203600000,
    "ebitda": 422400000,
    "ebitdaratio": 0.1720990874,
    "operatingIncome": 118700000,
    "operatingIncomeRatio": 0.0483621252,
    "totalOtherIncomeExpensesNet": 35200000,
    "incomeBeforeTax": 153900000,
    "incomeBeforeTaxRatio": 0.0627037158,
    "incomeTaxExpense": 32800000,
    "netIncome": 109100000,
    "netIncomeRatio": 0.0444507823,
    "eps": 0.36,
    "epsdiluted": 0.35,
    "weightedAverageShsOut": 221100000,
    "weightedAverageShsOutDil": 222800000,
    "link": "https://www.sec.gov/Archives/edgar/data/1389170/000156459018020681/0001564590-18-020681-index.htm",
    "finalLink": "https://www.sec.gov/Archives/edgar/data/1389170/000156459018020681/trgp-10q_20180630.htm"
  },
  {
    "date": "2018-03-31",
    "symbol": "TRGP",
    "reportedCurrency": "USD",
    "cik": "0001389170",
    "fillingDate": "2018-05-03",
    "acceptedDate": "2018-05-03 16:57:42",
    "calendarYear": "2018",
    "period": "Q1",
    "revenue": 2493100000,
    "costOfRevenue": 2312300000,
    "grossProfit": 180800000,
    "grossProfitRatio": 0.0725201556,
    "researchAndDevelopmentExpenses": 0,
    "generalAndAdministrativeExpenses": 56700000,
    "sellingAndMarketingExpenses": 0,
    "sellingGeneralAndAdministrativeExpenses": 56700000,
    "otherExpenses": 400000,
    "operatingExpenses": 57100000,
    "costAndExpenses": 2369400000,
    "interestIncome": 0,
    "interestExpense": 56400000,
    "depreciationAndAmortization": 199000000,
    "ebitda": 303200000,
    "ebitdaratio": 0.1216156592,
    "operatingIncome": 123700000,
    "operatingIncomeRatio": 0.0496169428,
    "totalOtherIncomeExpensesNet": -75900000,
    "incomeBeforeTax": 47800000,
    "incomeBeforeTaxRatio": 0.0191729173,
    "incomeTaxExpense": 8900000,
    "netIncome": 22900000,
    "netIncomeRatio": 0.0091853516,
    "eps": -0.03,
    "epsdiluted": -0.03,
    "weightedAverageShsOut": 218700000,
    "weightedAverageShsOutDil": 218700000,
    "link": "https://www.sec.gov/Archives/edgar/data/1389170/000156459018010735/0001564590-18-010735-index.htm",
    "finalLink": "https://www.sec.gov/Archives/edgar/data/1389170/000156459018010735/trgp-10q_20180331.htm"
  },
  {
    "date": "2017-12-31",
    "symbol": "TRGP",
    "reportedCurrency": "USD",
    "cik": "0001389170",
    "fillingDate": "2018-02-16",
    "acceptedDate": "2018-02-16 16:20:34",
    "calendarYear": "2017",
    "period": "Q4",
    "revenue": 2747400000,
    "costOfRevenue": 2535100000,
    "grossProfit": 212300000,
    "grossProfitRatio": 0.0772730582,
    "researchAndDevelopmentExpenses": 0,
    "generalAndAdministrativeExpenses": 53900000,
    "sellingAndMarketingExpenses": 0,
    "sellingGeneralAndAdministrativeExpenses": 54000000,
    "otherExpenses": 200000,
    "operatingExpenses": 54200000,
    "costAndExpenses": 2589300000,
    "interestIncome": 0,
    "interestExpense": 52400000,
    "depreciationAndAmortization": 207600000,
    "ebitda": 294400000,
    "ebitdaratio": 0.1071558564,
    "operatingIncome": 158100000,
    "operatingIncomeRatio": 0.0575453156,
    "totalOtherIncomeExpensesNet": -123700000,
    "incomeBeforeTax": 34400000,
    "incomeBeforeTaxRatio": 0.0125209289,
    "incomeTaxExpense": -264800000,
    "netIncome": 283100000,
    "netIncomeRatio": 0.1030428769,
    "eps": 1.17,
    "epsdiluted": 1.05,
    "weightedAverageShsOut": 216200000,
    "weightedAverageShsOutDil": 218700000,
    "link": "https://www.sec.gov/Archives/edgar/data/1389170/000156459018002330/0001564590-18-002330-index.htm",
    "finalLink": "https://www.sec.gov/Archives/edgar/data/1389170/000156459018002330/trgp-10k_20171231.htm"
  },
  {
    "date": "2017-09-30",
    "symbol": "TRGP",
    "reportedCurrency": "USD",
    "cik": "0001389170",
    "fillingDate": "2017-11-03",
    "acceptedDate": "2017-11-03 13:15:04",
    "calendarYear": "2017",
    "period": "Q3",
    "revenue": 2135400000,
    "costOfRevenue": 2026900000,
    "grossProfit": 108500000,
    "grossProfitRatio": 0.0508101527,
    "researchAndDevelopmentExpenses": 0,
    "generalAndAdministrativeExpenses": 49900000,
    "sellingAndMarketingExpenses": 0,
    "sellingGeneralAndAdministrativeExpenses": 49900000,
    "otherExpenses": 300000,
    "operatingExpenses": 50200000,
    "costAndExpenses": 2077100000,
    "interestIncome": 0,
    "interestExpense": 54500000,
    "depreciationAndAmortization": 209100000,
    "ebitda": 11100000,
    "ebitdaratio": 0.0051980894,
    "operatingIncome": 58300000,
    "operatingIncomeRatio": 0.0273016765,
    "totalOtherIncomeExpensesNet": -310800000,
    "incomeBeforeTax": -252500000,
    "incomeBeforeTaxRatio": -0.1182448253,
    "incomeTaxExpense": -97400000,
    "netIncome": -167600000,
    "netIncomeRatio": -0.0784864662,
    "eps": -0.91,
    "epsdiluted": -0.91,
    "weightedAverageShsOut": 215600000,
    "weightedAverageShsOutDil": 215600000,
    "link": "https://www.sec.gov/Archives/edgar/data/1389170/000156459017021452/0001564590-17-021452-index.htm",
    "finalLink": "https://www.sec.gov/Archives/edgar/data/1389170/000156459017021452/trgp-10q_20170930.htm"
  },
  {
    "date": "2017-06-30",
    "symbol": "TRGP",
    "reportedCurrency": "USD",
    "cik": "0001389170",
    "fillingDate": "2017-08-03",
    "acceptedDate": "2017-08-03 16:37:08",
    "calendarYear": "2017",
    "period": "Q2",
    "revenue": 1862300000,
    "costOfRevenue": 1779200000,
    "grossProfit": 83099999,
    "grossProfitRatio": 0.0446222408,
    "researchAndDevelopmentExpenses": 0,
    "generalAndAdministrativeExpenses": 51000000,
    "sellingAndMarketingExpenses": 0,
    "sellingGeneralAndAdministrativeExpenses": 51000000,
    "otherExpenses": 200000,
    "operatingExpenses": 51200000,
    "costAndExpenses": 1830400000,
    "interestIncome": 0,
    "interestExpense": 57700000,
    "depreciationAndAmortization": 204300000,
    "ebitda": 226600000,
    "ebitdaratio": 0.1216774956,
    "operatingIncome": 31900000,
    "operatingIncomeRatio": 0.0171293562,
    "totalOtherIncomeExpensesNet": -67300000,
    "incomeBeforeTax": -35400000,
    "incomeBeforeTaxRatio": -0.0190087526,
    "incomeTaxExpense": -106000000,
    "netIncome": 57600000,
    "netIncomeRatio": 0.0309294958,
    "eps": 0.14,
    "epsdiluted": 0.14,
    "weightedAverageShsOut": 203700000,
    "weightedAverageShsOutDil": 205000000,
    "link": "https://www.sec.gov/Archives/edgar/data/1389170/000156459017015398/0001564590-17-015398-index.htm",
    "finalLink": "https://www.sec.gov/Archives/edgar/data/1389170/000156459017015398/trgp-10q_20170630.htm"
  },
  {
    "date": "2017-03-31",
    "symbol": "TRGP",
    "reportedCurrency": "USD",
    "cik": "0001389170",
    "fillingDate": "2017-05-04",
    "acceptedDate": "2017-05-04 14:41:57",
    "calendarYear": "2017",
    "period": "Q1",
    "revenue": 2119500000,
    "costOfRevenue": 1997200000,
    "grossProfit": 122300000,
    "grossProfitRatio": 0.0577022883,
    "researchAndDevelopmentExpenses": 0,
    "generalAndAdministrativeExpenses": 48700000,
    "sellingAndMarketingExpenses": 0,
    "sellingGeneralAndAdministrativeExpenses": 48700000,
    "otherExpenses": 100000,
    "operatingExpenses": 48800000,
    "costAndExpenses": 2046000000,
    "interestIncome": 0,
    "interestExpense": 63000000,
    "depreciationAndAmortization": 192400000,
    "ebitda": 216000000,
    "ebitdaratio": 0.101910828,
    "operatingIncome": 73500000,
    "operatingIncomeRatio": 0.0346779901,
    "totalOtherIncomeExpensesNet": -112900000,
    "incomeBeforeTax": -39400000,
    "incomeBeforeTaxRatio": -0.0185892899,
    "incomeTaxExpense": 71100000,
    "netIncome": -119300000,
    "netIncomeRatio": -0.0562868601,
    "eps": -0.77,
    "epsdiluted": -0.77,
    "weightedAverageShsOut": 191800000,
    "weightedAverageShsOutDil": 191800000,
    "link": "https://www.sec.gov/Archives/edgar/data/1389170/000156459017008688/0001564590-17-008688-index.htm",
    "finalLink": "https://www.sec.gov/Archives/edgar/data/1389170/000156459017008688/trgp-10q_20170331.htm"
  },
  {
    "date": "2016-12-31",
    "symbol": "TRGP",
    "reportedCurrency": "USD",
    "cik": "0001389170",
    "fillingDate": "2017-02-21",
    "acceptedDate": "2017-02-17 19:01:59",
    "calendarYear": "2016",
    "period": "Q4",
    "revenue": 2012600000,
    "costOfRevenue": 1877800000,
    "grossProfit": 134800000,
    "grossProfitRatio": 0.0669780384,
    "researchAndDevelopmentExpenses": 0,
    "generalAndAdministrativeExpenses": 48900000,
    "sellingAndMarketingExpenses": 0,
    "sellingGeneralAndAdministrativeExpenses": 48900000,
    "otherExpenses": 500000,
    "operatingExpenses": 49400000,
    "costAndExpenses": 1927200000,
    "interestIncome": 0,
    "interestExpense": 67200000,
    "depreciationAndAmortization": 195200000,
    "ebitda": 25000000,
    "ebitdaratio": 0.012421743,
    "operatingIncome": 85400000,
    "operatingIncomeRatio": 0.0424326742,
    "totalOtherIncomeExpensesNet": -322800000,
    "incomeBeforeTax": -237400000,
    "incomeBeforeTaxRatio": -0.1179568717,
    "incomeTaxExpense": -96800000,
    "netIncome": -150800000,
    "netIncomeRatio": -0.0749279539,
    "eps": -0.9723,
    "epsdiluted": -0.9723,
    "weightedAverageShsOut": 181100018,
    "weightedAverageShsOutDil": 184720525,
    "link": "https://www.sec.gov/Archives/edgar/data/1389170/000156459017001810/0001564590-17-001810-index.htm",
    "finalLink": "https://www.sec.gov/Archives/edgar/data/1389170/000156459017001810/trgp-10k_20161231.htm"
  },
  {
    "date": "2016-09-30",
    "symbol": "TRGP",
    "reportedCurrency": "USD",
    "cik": "0001389170",
    "fillingDate": "2016-11-04",
    "acceptedDate": "2016-11-04 16:46:32",
    "calendarYear": "2016",
    "period": "Q3",
    "revenue": 1644500000,
    "costOfRevenue": 1549700000,
    "grossProfit": 94800000,
    "grossProfitRatio": 0.0576467011,
    "researchAndDevelopmentExpenses": 0,
    "generalAndAdministrativeExpenses": 46100000,
    "sellingAndMarketingExpenses": 0,
    "sellingGeneralAndAdministrativeExpenses": 46100000,
    "otherExpenses": 4900000,
    "operatingExpenses": 51000000,
    "costAndExpenses": 1600700000,
    "interestIncome": 0,
    "interestExpense": 62700000,
    "depreciationAndAmortization": 185200000,
    "ebitda": 236000000,
    "ebitdaratio": 0.1435086652,
    "operatingIncome": 43800000,
    "operatingIncomeRatio": 0.0266342353,
    "totalOtherIncomeExpensesNet": -55700000,
    "incomeBeforeTax": -11900000,
    "incomeBeforeTaxRatio": -0.007236242,
    "incomeTaxExpense": -8700000,
    "netIncome": -10700000,
    "netIncomeRatio": -0.0065065369,
    "eps": -0.23,
    "epsdiluted": -0.23,
    "weightedAverageShsOut": 168000579,
    "weightedAverageShsOutDil": 173193354,
    "link": "https://www.sec.gov/Archives/edgar/data/1389170/000156459016027687/0001564590-16-027687-index.htm",
    "finalLink": "https://www.sec.gov/Archives/edgar/data/1389170/000156459016027687/trgp-10q_20160930.htm"
  },
  {
    "date": "2016-06-30",
    "symbol": "TRGP",
    "reportedCurrency": "USD",
    "cik": "0001389170",
    "fillingDate": "2016-08-03",
    "acceptedDate": "2016-08-02 20:55:47",
    "calendarYear": "2016",
    "period": "Q2",
    "revenue": 1583600000,
    "costOfRevenue": 1331300000,
    "grossProfit": 252300000,
    "grossProfitRatio": 0.1593205355,
    "researchAndDevelopmentExpenses": 0,
    "generalAndAdministrativeExpenses": 47000000,
    "sellingAndMarketingExpenses": 0,
    "sellingGeneralAndAdministrativeExpenses": 47000000,
    "otherExpenses": 139000000,
    "operatingExpenses": 186000000,
    "costAndExpenses": 1517300000,
    "interestIncome": 0,
    "interestExpense": 71400000,
    "depreciationAndAmortization": 186100000,
    "ebitda": 252400000,
    "ebitdaratio": 0.1593836827,
    "operatingIncome": 66300000,
    "operatingIncomeRatio": 0.041866633,
    "totalOtherIncomeExpensesNet": -79200000,
    "incomeBeforeTax": -12900000,
    "incomeBeforeTaxRatio": -0.0081459965,
    "incomeTaxExpense": 1700000,
    "netIncome": -23200000,
    "netIncomeRatio": -0.0146501642,
    "eps": -0.15,
    "epsdiluted": -0.14,
    "weightedAverageShsOut": 159393939,
    "weightedAverageShsOutDil": 161600000,
    "link": "https://www.sec.gov/Archives/edgar/data/1389170/000156459016022169/0001564590-16-022169-index.htm",
    "finalLink": "https://www.sec.gov/Archives/edgar/data/1389170/000156459016022169/trgp-10q_20160630.htm"
  },
  {
    "date": "2016-03-31",
    "symbol": "TRGP",
    "reportedCurrency": "USD",
    "cik": "0001389170",
    "fillingDate": "2016-05-10",
    "acceptedDate": "2016-05-10 15:33:11",
    "calendarYear": "2016",
    "period": "Q1",
    "revenue": 1442400000,
    "costOfRevenue": 1204500000,
    "grossProfit": 237900000,
    "grossProfitRatio": 0.1649334443,
    "researchAndDevelopmentExpenses": 0,
    "generalAndAdministrativeExpenses": 45300000,
    "sellingAndMarketingExpenses": 0,
    "sellingGeneralAndAdministrativeExpenses": 45300000,
    "otherExpenses": 157100000,
    "operatingExpenses": 178400000,
    "costAndExpenses": 1382900000,
    "interestIncome": 24700000,
    "interestExpense": 52900000,
    "depreciationAndAmortization": 193500000,
    "ebitda": 253900000,
    "ebitdaratio": 0.1760260677,
    "operatingIncome": 35500000,
    "operatingIncomeRatio": 0.0246117582,
    "totalOtherIncomeExpensesNet": -33100000,
    "incomeBeforeTax": 2400000,
    "incomeBeforeTaxRatio": 0.0016638935,
    "incomeTaxExpense": 3100000,
    "netIncome": -2700000,
    "netIncomeRatio": -0.0018718802,
    "eps": -0.0168,
    "epsdiluted": -0.0168,
    "weightedAverageShsOut": 160580627,
    "weightedAverageShsOutDil": 160580627,
    "link": "https://www.sec.gov/Archives/edgar/data/1389170/000156459016018893/0001564590-16-018893-index.htm",
    "finalLink": "https://www.sec.gov/Archives/edgar/data/1389170/000156459016018893/trgp-10q_20160331.htm"
  },
  {
    "date": "2015-12-31",
    "symbol": "TRGP",
    "reportedCurrency": "USD",
    "cik": "0001389170",
    "fillingDate": "2016-02-29",
    "acceptedDate": "2016-02-29 17:38:18",
    "calendarYear": "2015",
    "period": "Q4",
    "revenue": 1647400000,
    "costOfRevenue": 1424100000,
    "grossProfit": 223300000,
    "grossProfitRatio": 0.1355469224,
    "researchAndDevelopmentExpenses": 0,
    "generalAndAdministrativeExpenses": 25100000,
    "sellingAndMarketingExpenses": 0,
    "sellingGeneralAndAdministrativeExpenses": 25100000,
    "otherExpenses": 641600000,
    "operatingExpenses": 140100000,
    "costAndExpenses": 1564200000,
    "interestIncome": 0,
    "interestExpense": 42400000,
    "depreciationAndAmortization": 228800000,
    "ebitda": 303900000,
    "ebitdaratio": 0.1844725021,
    "operatingIncome": -206900000,
    "operatingIncomeRatio": -0.1255918417,
    "totalOtherIncomeExpensesNet": -39600000,
    "incomeBeforeTax": -246500000,
    "incomeBeforeTaxRatio": -0.1496297196,
    "incomeTaxExpense": -14500000,
    "netIncome": 26900000,
    "netIncomeRatio": 0.0163287605,
    "eps": 0.48,
    "epsdiluted": 0.48,
    "weightedAverageShsOut": 56000000,
    "weightedAverageShsOutDil": 56000000,
    "link": "https://www.sec.gov/Archives/edgar/data/1389170/000114036116055579/0001140361-16-055579-index.htm",
    "finalLink": "https://www.sec.gov/Archives/edgar/data/1389170/000114036116055579/form10k.htm"
  },
  {
    "date": "2015-09-30",
    "symbol": "TRGP",
    "reportedCurrency": "USD",
    "cik": "0001389170",
    "fillingDate": "2015-11-03",
    "acceptedDate": "2015-11-03 17:12:26",
    "calendarYear": "2015",
    "period": "Q3",
    "revenue": 1632100000,
    "costOfRevenue": 1338200000,
    "grossProfit": 293900000,
    "grossProfitRatio": 0.1800747503,
    "researchAndDevelopmentExpenses": 0,
    "generalAndAdministrativeExpenses": 44900000,
    "sellingAndMarketingExpenses": 0,
    "sellingGeneralAndAdministrativeExpenses": 44900000,
    "otherExpenses": 133700000,
    "operatingExpenses": 178600000,
    "costAndExpenses": 1516800000,
    "interestIncome": 0,
    "interestExpense": 67800000,
    "depreciationAndAmortization": 165800000,
    "ebitda": 281100000,
    "ebitdaratio": 0.1722320936,
    "operatingIncome": 115300000,
    "operatingIncomeRatio": 0.0706451811,
    "totalOtherIncomeExpensesNet": -70500000,
    "incomeBeforeTax": 44800000,
    "incomeBeforeTaxRatio": 0.0274492984,
    "incomeTaxExpense": 24000000,
    "netIncome": 12700000,
    "netIncomeRatio": 0.0077813859,
    "eps": 0.23,
    "epsdiluted": 0.23,
    "weightedAverageShsOut": 56000000,
    "weightedAverageShsOutDil": 56100000,
    "link": "https://www.sec.gov/Archives/edgar/data/1389170/000114036115039471/0001140361-15-039471-index.htm",
    "finalLink": "https://www.sec.gov/Archives/edgar/data/1389170/000114036115039471/form10q.htm"
  },
  {
    "date": "2015-06-30",
    "symbol": "TRGP",
    "reportedCurrency": "USD",
    "cik": "0001389170",
    "fillingDate": "2015-08-04",
    "acceptedDate": "2015-08-04 17:00:49",
    "calendarYear": "2015",
    "period": "Q2",
    "revenue": 1699400000,
    "costOfRevenue": 1400900000,
    "grossProfit": 298500000,
    "grossProfitRatio": 0.1756502295,
    "researchAndDevelopmentExpenses": 0,
    "generalAndAdministrativeExpenses": 49200000,
    "sellingAndMarketingExpenses": 0,
    "sellingGeneralAndAdministrativeExpenses": 49200000,
    "otherExpenses": 136900000,
    "operatingExpenses": 186100000,
    "costAndExpenses": 1587000000,
    "interestIncome": 0,
    "interestExpense": 67600000,
    "depreciationAndAmortization": 162900000,
    "ebitda": 277700000,
    "ebitdaratio": 0.1634106155,
    "operatingIncome": 112400000,
    "operatingIncomeRatio": 0.0661409909,
    "totalOtherIncomeExpensesNet": -73800000,
    "incomeBeforeTax": 38600000,
    "incomeBeforeTaxRatio": 0.022713899,
    "incomeTaxExpense": 14800000,
    "netIncome": 15200000,
    "netIncomeRatio": 0.0089443333,
    "eps": 0.27,
    "epsdiluted": 0.27,
    "weightedAverageShsOut": 55900000,
    "weightedAverageShsOutDil": 56100000,
    "link": "https://www.sec.gov/Archives/edgar/data/1389170/000114036115029746/0001140361-15-029746-index.htm",
    "finalLink": "https://www.sec.gov/Archives/edgar/data/1389170/000114036115029746/form10q.htm"
  },
  {
    "date": "2015-03-31",
    "symbol": "TRGP",
    "reportedCurrency": "USD",
    "cik": "0001389170",
    "fillingDate": "2015-05-07",
    "acceptedDate": "2015-05-06 21:36:26",
    "calendarYear": "2015",
    "period": "Q1",
    "revenue": 1679700000,
    "costOfRevenue": 1387900000,
    "grossProfit": 291800000,
    "grossProfitRatio": 0.1737214979,
    "researchAndDevelopmentExpenses": 0,
    "generalAndAdministrativeExpenses": 42600000,
    "sellingAndMarketingExpenses": 0,
    "sellingGeneralAndAdministrativeExpenses": 42600000,
    "otherExpenses": 111900000,
    "operatingExpenses": 154500000,
    "costAndExpenses": 1542400000,
    "interestIncome": 0,
    "interestExpense": 54100000,
    "depreciationAndAmortization": 119600000,
    "ebitda": 258100000,
    "ebitdaratio": 0.1536583914,
    "operatingIncome": 137300000,
    "operatingIncomeRatio": 0.081740787,
    "totalOtherIncomeExpensesNet": -87300000,
    "incomeBeforeTax": 49800000,
    "incomeBeforeTaxRatio": 0.0296481515,
    "incomeTaxExpense": 15200000,
    "netIncome": 3200000,
    "netIncomeRatio": 0.0019051021,
    "eps": 0.07,
    "epsdiluted": 0.07,
    "weightedAverageShsOut": 45800000,
    "weightedAverageShsOutDil": 45900000,
    "link": "https://www.sec.gov/Archives/edgar/data/1389170/000114036115018071/0001140361-15-018071-index.htm",
    "finalLink": "https://www.sec.gov/Archives/edgar/data/1389170/000114036115018071/form10q.htm"
  },
  {
    "date": "2014-12-31",
    "symbol": "TRGP",
    "reportedCurrency": "USD",
    "cik": "0001389170",
    "fillingDate": "2015-02-17",
    "acceptedDate": "2015-02-13 17:43:32",
    "calendarYear": "2014",
    "period": "Q4",
    "revenue": 2032900000,
    "costOfRevenue": 1732600000,
    "grossProfit": 300300000,
    "grossProfitRatio": 0.1477200059,
    "researchAndDevelopmentExpenses": 0,
    "generalAndAdministrativeExpenses": 25800000,
    "sellingAndMarketingExpenses": 0,
    "sellingGeneralAndAdministrativeExpenses": 25800000,
    "otherExpenses": 111400000,
    "operatingExpenses": 137200000,
    "costAndExpenses": 1869800000,
    "interestIncome": 0,
    "interestExpense": 40600000,
    "depreciationAndAmortization": 97900000,
    "ebitda": 256000000,
    "ebitdaratio": 0.1259284766,
    "operatingIncome": 163100000,
    "operatingIncomeRatio": 0.080230213,
    "totalOtherIncomeExpensesNet": -56200000,
    "incomeBeforeTax": 106900000,
    "incomeBeforeTaxRatio": 0.0525849771,
    "incomeTaxExpense": 14400000,
    "netIncome": 25600000,
    "netIncomeRatio": 0.0125928477,
    "eps": 0.61,
    "epsdiluted": 0.61,
    "weightedAverageShsOut": 42000000,
    "weightedAverageShsOutDil": 42100000,
    "link": "https://www.sec.gov/Archives/edgar/data/1389170/000114036115006704/0001140361-15-006704-index.htm",
    "finalLink": "https://www.sec.gov/Archives/edgar/data/1389170/000114036115006704/form10k.htm"
  },
  {
    "date": "2014-09-30",
    "symbol": "TRGP",
    "reportedCurrency": "USD",
    "cik": "0001389170",
    "fillingDate": "2014-11-04",
    "acceptedDate": "2014-11-03 18:57:02",
    "calendarYear": "2014",
    "period": "Q3",
    "revenue": 2288300000,
    "costOfRevenue": 1968100000,
    "grossProfit": 320200000,
    "grossProfitRatio": 0.1399292051,
    "researchAndDevelopmentExpenses": 0,
    "generalAndAdministrativeExpenses": 43000000,
    "sellingAndMarketingExpenses": 0,
    "sellingGeneralAndAdministrativeExpenses": 43000000,
    "otherExpenses": 108500000,
    "operatingExpenses": 151500000,
    "costAndExpenses": 2119600000,
    "interestIncome": 0,
    "interestExpense": 36900000,
    "depreciationAndAmortization": 87700000,
    "ebitda": 257500000,
    "ebitdaratio": 0.1125289516,
    "operatingIncome": 168700000,
    "operatingIncomeRatio": 0.073722851,
    "totalOtherIncomeExpensesNet": -32800000,
    "incomeBeforeTax": 135900000,
    "incomeBeforeTaxRatio": 0.0593890661,
    "incomeTaxExpense": 15500000,
    "netIncome": 30700000,
    "netIncomeRatio": 0.0134160731,
    "eps": 0.73,
    "epsdiluted": 0.73,
    "weightedAverageShsOut": 42000000,
    "weightedAverageShsOutDil": 42100000,
    "link": "https://www.sec.gov/Archives/edgar/data/1389170/000114036114039919/0001140361-14-039919-index.htm",
    "finalLink": "https://www.sec.gov/Archives/edgar/data/1389170/000114036114039919/form10q.htm"
  },
  {
    "date": "2014-06-30",
    "symbol": "TRGP",
    "reportedCurrency": "USD",
    "cik": "0001389170",
    "fillingDate": "2014-08-01",
    "acceptedDate": "2014-08-01 14:18:06",
    "calendarYear": "2014",
    "period": "Q2",
    "revenue": 2061900000,
    "costOfRevenue": 1763800000,
    "grossProfit": 298100000,
    "grossProfitRatio": 0.1445753916,
    "researchAndDevelopmentExpenses": 0,
    "generalAndAdministrativeExpenses": 41600000,
    "sellingAndMarketingExpenses": 0,
    "sellingGeneralAndAdministrativeExpenses": 41600000,
    "otherExpenses": 106200000,
    "operatingExpenses": 147800000,
    "costAndExpenses": 1911600000,
    "interestIncome": 0,
    "interestExpense": 35700000,
    "depreciationAndAmortization": 85800000,
    "ebitda": 237100000,
    "ebitdaratio": 0.1149910277,
    "operatingIncome": 150300000,
    "operatingIncomeRatio": 0.0728939328,
    "totalOtherIncomeExpensesNet": -31600000,
    "incomeBeforeTax": 118700000,
    "incomeBeforeTaxRatio": 0.0575682623,
    "incomeTaxExpense": 15500000,
    "netIncome": 26400000,
    "netIncomeRatio": 0.0128037247,
    "eps": 0.63,
    "epsdiluted": 0.63,
    "weightedAverageShsOut": 42000000,
    "weightedAverageShsOutDil": 42100000,
    "link": "https://www.sec.gov/Archives/edgar/data/1389170/000114036114030381/0001140361-14-030381-index.htm",
    "finalLink": "https://www.sec.gov/Archives/edgar/data/1389170/000114036114030381/form10q.htm"
  },
  {
    "date": "2014-03-31",
    "symbol": "TRGP",
    "reportedCurrency": "USD",
    "cik": "0001389170",
    "fillingDate": "2014-05-02",
    "acceptedDate": "2014-05-01 19:16:12",
    "calendarYear": "2014",
    "period": "Q1",
    "revenue": 2352900000,
    "costOfRevenue": 2052900000,
    "grossProfit": 300000000,
    "grossProfitRatio": 0.1275022313,
    "researchAndDevelopmentExpenses": 0,
    "generalAndAdministrativeExpenses": 38000000,
    "sellingAndMarketingExpenses": 0,
    "sellingGeneralAndAdministrativeExpenses": 38000000,
    "otherExpenses": 103600000,
    "operatingExpenses": 141600000,
    "costAndExpenses": 2194500000,
    "interestIncome": 0,
    "interestExpense": 33900000,
    "depreciationAndAmortization": 79600000,
    "ebitda": 238000000,
    "ebitdaratio": 0.1011517702,
    "operatingIncome": 158400000,
    "operatingIncomeRatio": 0.0673211781,
    "totalOtherIncomeExpensesNet": -29000000,
    "incomeBeforeTax": 129400000,
    "incomeBeforeTaxRatio": 0.0549959624,
    "incomeTaxExpense": 22500000,
    "netIncome": 19600000,
    "netIncomeRatio": 0.0083301458,
    "eps": 0.47,
    "epsdiluted": 0.47,
    "weightedAverageShsOut": 42000000,
    "weightedAverageShsOutDil": 42100000,
    "link": "https://www.sec.gov/Archives/edgar/data/1389170/000114036114018317/0001140361-14-018317-index.htm",
    "finalLink": "https://www.sec.gov/Archives/edgar/data/1389170/000114036114018317/form10q.htm"
  },
  {
    "date": "2013-12-31",
    "symbol": "TRGP",
    "reportedCurrency": "USD",
    "cik": "0001389170",
    "fillingDate": "2014-02-14",
    "acceptedDate": "2014-02-14 16:24:18",
    "calendarYear": "2013",
    "period": "Q4",
    "revenue": 2159800000,
    "costOfRevenue": 1878000000,
    "grossProfit": 281800000,
    "grossProfitRatio": 0.130475044,
    "researchAndDevelopmentExpenses": 0,
    "generalAndAdministrativeExpenses": 39000000,
    "sellingAndMarketingExpenses": 0,
    "sellingGeneralAndAdministrativeExpenses": 39000000,
    "otherExpenses": 1300000,
    "operatingExpenses": 136800000,
    "costAndExpenses": 2014800000,
    "interestIncome": 0,
    "interestExpense": 36200000,
    "depreciationAndAmortization": 73200000,
    "ebitda": 222200000,
    "ebitdaratio": 0.1028798963,
    "operatingIncome": 145000000,
    "operatingIncomeRatio": 0.0671358459,
    "totalOtherIncomeExpensesNet": -31500000,
    "incomeBeforeTax": 113500000,
    "incomeBeforeTaxRatio": 0.0525511621,
    "incomeTaxExpense": 17900000,
    "netIncome": 20400000,
    "netIncomeRatio": 0.009445319,
    "eps": 0.49,
    "epsdiluted": 0.48,
    "weightedAverageShsOut": 41700000,
    "weightedAverageShsOutDil": 42100000,
    "link": "https://www.sec.gov/Archives/edgar/data/1389170/000114036114007923/0001140361-14-007923-index.htm",
    "finalLink": "https://www.sec.gov/Archives/edgar/data/1389170/000114036114007923/form10k.htm"
  },
  {
    "date": "2013-09-30",
    "symbol": "TRGP",
    "reportedCurrency": "USD",
    "cik": "0001389170",
    "fillingDate": "2013-11-05",
    "acceptedDate": "2013-11-04 17:45:30",
    "calendarYear": "2013",
    "period": "Q3",
    "revenue": 1556800000,
    "costOfRevenue": 1328800000,
    "grossProfit": 228000000,
    "grossProfitRatio": 0.1464542652,
    "researchAndDevelopmentExpenses": 0,
    "generalAndAdministrativeExpenses": 37700000,
    "sellingAndMarketingExpenses": 0,
    "sellingGeneralAndAdministrativeExpenses": 37700000,
    "otherExpenses": 101800000,
    "operatingExpenses": 139500000,
    "costAndExpenses": 1468300000,
    "interestIncome": 0,
    "interestExpense": 33400000,
    "depreciationAndAmortization": 69000000,
    "ebitda": 157500000,
    "ebitdaratio": 0.1011690647,
    "operatingIncome": 88500000,
    "operatingIncomeRatio": 0.0568473792,
    "totalOtherIncomeExpensesNet": -26100000,
    "incomeBeforeTax": 62400000,
    "incomeBeforeTaxRatio": 0.0400822199,
    "incomeTaxExpense": 13000000,
    "netIncome": 16300000,
    "netIncomeRatio": 0.0104701953,
    "eps": 0.39,
    "epsdiluted": 0.39,
    "weightedAverageShsOut": 41600000,
    "weightedAverageShsOutDil": 42100000,
    "link": "https://www.sec.gov/Archives/edgar/data/1389170/000114036113040513/0001140361-13-040513-index.htm",
    "finalLink": "https://www.sec.gov/Archives/edgar/data/1389170/000114036113040513/form10q.htm"
  },
  {
    "date": "2013-06-30",
    "symbol": "TRGP",
    "reportedCurrency": "USD",
    "cik": "0001389170",
    "fillingDate": "2013-08-02",
    "acceptedDate": "2013-08-01 19:24:13",
    "calendarYear": "2013",
    "period": "Q2",
    "revenue": 1441600000,
    "costOfRevenue": 1242100000,
    "grossProfit": 199500000,
    "grossProfitRatio": 0.1383879023,
    "researchAndDevelopmentExpenses": 0,
    "generalAndAdministrativeExpenses": 38400000,
    "sellingAndMarketingExpenses": 0,
    "sellingGeneralAndAdministrativeExpenses": 38400000,
    "otherExpenses": 100200000,
    "operatingExpenses": 138600000,
    "costAndExpenses": 1380700000,
    "interestIncome": 0,
    "interestExpense": 32400000,
    "depreciationAndAmortization": 65700000,
    "ebitda": 126600000,
    "ebitdaratio": 0.0878190899,
    "operatingIncome": 60900000,
    "operatingIncomeRatio": 0.0422447281,
    "totalOtherIncomeExpensesNet": -30400000,
    "incomeBeforeTax": 30500000,
    "incomeBeforeTaxRatio": 0.0211570477,
    "incomeTaxExpense": 8000000,
    "netIncome": 15000000,
    "netIncomeRatio": 0.0104051054,
    "eps": 0.36,
    "epsdiluted": 0.36,
    "weightedAverageShsOut": 41600000,
    "weightedAverageShsOutDil": 42100000,
    "link": "https://www.sec.gov/Archives/edgar/data/1389170/000114036113030015/0001140361-13-030015-index.htm",
    "finalLink": "https://www.sec.gov/Archives/edgar/data/1389170/000114036113030015/form10q.htm"
  },
  {
    "date": "2013-03-31",
    "symbol": "TRGP",
    "reportedCurrency": "USD",
    "cik": "0001389170",
    "fillingDate": "2013-05-03",
    "acceptedDate": "2013-05-03 12:50:38",
    "calendarYear": "2013",
    "period": "Q1",
    "revenue": 1397800000,
    "costOfRevenue": 1201500000,
    "grossProfit": 196300000,
    "grossProfitRatio": 0.1404349692,
    "researchAndDevelopmentExpenses": 0,
    "generalAndAdministrativeExpenses": 36300000,
    "sellingAndMarketingExpenses": 0,
    "sellingGeneralAndAdministrativeExpenses": 36300000,
    "otherExpenses": 86100000,
    "operatingExpenses": 122400000,
    "costAndExpenses": 1323900000,
    "interestIncome": 0,
    "interestExpense": 32100000,
    "depreciationAndAmortization": 64000000,
    "ebitda": 137900000,
    "ebitdaratio": 0.0986550293,
    "operatingIncome": 73900000,
    "operatingIncomeRatio": 0.0528687938,
    "totalOtherIncomeExpensesNet": -30700000,
    "incomeBeforeTax": 43200000,
    "incomeBeforeTaxRatio": 0.030905709,
    "incomeTaxExpense": 9400000,
    "netIncome": 13400000,
    "netIncomeRatio": 0.0095864931,
    "eps": 0.32,
    "epsdiluted": 0.32,
    "weightedAverageShsOut": 41600000,
    "weightedAverageShsOutDil": 42000000,
    "link": "https://www.sec.gov/Archives/edgar/data/1389170/000114036113018608/0001140361-13-018608-index.htm",
    "finalLink": "https://www.sec.gov/Archives/edgar/data/1389170/000114036113018608/form10q.htm"
  },
  {
    "date": "2012-12-31",
    "symbol": "TRGP",
    "reportedCurrency": "USD",
    "cik": "0001389170",
    "fillingDate": "2013-02-19",
    "acceptedDate": "2013-02-19 16:47:42",
    "calendarYear": "2012",
    "period": "Q4",
    "revenue": 1527300000,
    "costOfRevenue": 1320500000,
    "grossProfit": 206800000,
    "grossProfitRatio": 0.135402344,
    "researchAndDevelopmentExpenses": 0,
    "generalAndAdministrativeExpenses": 33500000,
    "sellingAndMarketingExpenses": 0,
    "sellingGeneralAndAdministrativeExpenses": 33500000,
    "otherExpenses": 86900000,
    "operatingExpenses": 120400000,
    "costAndExpenses": 1440900000,
    "interestIncome": 0,
    "interestExpense": 29800000,
    "depreciationAndAmortization": 53300000,
    "ebitda": 157800000,
    "ebitdaratio": 0.1033195836,
    "operatingIncome": 86400000,
    "operatingIncomeRatio": 0.0565704184,
    "totalOtherIncomeExpensesNet": -46700000,
    "incomeBeforeTax": 39800000,
    "incomeBeforeTaxRatio": 0.0260590585,
    "incomeTaxExpense": 12200000,
    "netIncome": 11200000,
    "netIncomeRatio": 0.0073332024,
    "eps": 0.27,
    "epsdiluted": 0.27,
    "weightedAverageShsOut": 41000000,
    "weightedAverageShsOutDil": 41900000,
    "link": "https://www.sec.gov/Archives/edgar/data/1389170/000114036113008128/0001140361-13-008128-index.htm",
    "finalLink": "https://www.sec.gov/Archives/edgar/data/1389170/000114036113008128/form10k.htm"
  },
  {
    "date": "2012-09-30",
    "symbol": "TRGP",
    "reportedCurrency": "USD",
    "cik": "0001389170",
    "fillingDate": "2012-11-01",
    "acceptedDate": "2012-11-01 12:37:43",
    "calendarYear": "2012",
    "period": "Q3",
    "revenue": 1393500000,
    "costOfRevenue": 1153000000,
    "grossProfit": 240500000,
    "grossProfitRatio": 0.1725870111,
    "researchAndDevelopmentExpenses": 0,
    "generalAndAdministrativeExpenses": 35700000,
    "sellingAndMarketingExpenses": 0,
    "sellingGeneralAndAdministrativeExpenses": 35700000,
    "otherExpenses": 145800000,
    "operatingExpenses": 181500000,
    "costAndExpenses": 1334500000,
    "interestIncome": 0,
    "interestExpense": 30000000,
    "depreciationAndAmortization": 48600000,
    "ebitda": 107600000,
    "ebitdaratio": 0.0772156441,
    "operatingIncome": 59000000,
    "operatingIncomeRatio": 0.0423394331,
    "totalOtherIncomeExpensesNet": -34000000,
    "incomeBeforeTax": 25000000,
    "incomeBeforeTaxRatio": 0.0179404377,
    "incomeTaxExpense": 6000000,
    "netIncome": 8700000,
    "netIncomeRatio": 0.0062432723,
    "eps": 0.21,
    "epsdiluted": 0.21,
    "weightedAverageShsOut": 41000000,
    "weightedAverageShsOutDil": 41900000,
    "link": "https://www.sec.gov/Archives/edgar/data/1389170/000138917012000036/0001389170-12-000036-index.htm",
    "finalLink": "https://www.sec.gov/Archives/edgar/data/1389170/000138917012000036/form10-q.htm"
  },
  {
    "date": "2012-06-30",
    "symbol": "TRGP",
    "reportedCurrency": "USD",
    "cik": "0001389170",
    "fillingDate": "2012-08-06",
    "acceptedDate": "2012-08-06 10:39:53",
    "calendarYear": "2012",
    "period": "Q2",
    "revenue": 1319100000,
    "costOfRevenue": 1074600000,
    "grossProfit": 244500000,
    "grossProfitRatio": 0.1853536502,
    "researchAndDevelopmentExpenses": 0,
    "generalAndAdministrativeExpenses": 35700000,
    "sellingAndMarketingExpenses": 0,
    "sellingGeneralAndAdministrativeExpenses": 35700000,
    "otherExpenses": 125600000,
    "operatingExpenses": 161300000,
    "costAndExpenses": 1235900000,
    "interestIncome": 0,
    "interestExpense": 30500000,
    "depreciationAndAmortization": 48300000,
    "ebitda": 131500000,
    "ebitdaratio": 0.099689182,
    "operatingIncome": 83200000,
    "operatingIncomeRatio": 0.0630733076,
    "totalOtherIncomeExpensesNet": -31100000,
    "incomeBeforeTax": 52100000,
    "incomeBeforeTaxRatio": 0.0394966265,
    "incomeTaxExpense": 8600000,
    "netIncome": 8600000,
    "netIncomeRatio": 0.0065195967,
    "eps": 0.21,
    "epsdiluted": 0.21,
    "weightedAverageShsOut": 41000000,
    "weightedAverageShsOutDil": 41900000,
    "link": "https://www.sec.gov/Archives/edgar/data/1389170/000138917012000027/0001389170-12-000027-index.htm",
    "finalLink": "https://www.sec.gov/Archives/edgar/data/1389170/000138917012000027/form10-q.htm"
  },
  {
    "date": "2012-03-31",
    "symbol": "TRGP",
    "reportedCurrency": "USD",
    "cik": "0001389170",
    "fillingDate": "2012-05-04",
    "acceptedDate": "2012-05-03 19:14:51",
    "calendarYear": "2012",
    "period": "Q1",
    "revenue": 1645800000,
    "costOfRevenue": 1384200000,
    "grossProfit": 261600000,
    "grossProfitRatio": 0.1589500547,
    "researchAndDevelopmentExpenses": 0,
    "generalAndAdministrativeExpenses": 34900000,
    "sellingAndMarketingExpenses": 0,
    "sellingGeneralAndAdministrativeExpenses": 34900000,
    "otherExpenses": 119000000,
    "operatingExpenses": 153900000,
    "costAndExpenses": 1538100000,
    "interestIncome": 0,
    "interestExpense": 30500000,
    "depreciationAndAmortization": 47400000,
    "ebitda": 155100000,
    "ebitdaratio": 0.0942398833,
    "operatingIncome": 107700000,
    "operatingIncomeRatio": 0.0654393,
    "totalOtherIncomeExpensesNet": -28400000,
    "incomeBeforeTax": 79300000,
    "incomeBeforeTaxRatio": 0.0481832543,
    "incomeTaxExpense": 10100000,
    "netIncome": 9600000,
    "netIncomeRatio": 0.0058330295,
    "eps": 0.23,
    "epsdiluted": 0.23,
    "weightedAverageShsOut": 41000000,
    "weightedAverageShsOutDil": 41800000,
    "link": "https://www.sec.gov/Archives/edgar/data/1389170/000138917012000020/0001389170-12-000020-index.htm",
    "finalLink": "https://www.sec.gov/Archives/edgar/data/1389170/000138917012000020/form10-q.htm"
  },
  {
    "date": "2011-12-31",
    "symbol": "TRGP",
    "reportedCurrency": "USD",
    "cik": "0001389170",
    "fillingDate": "2012-02-27",
    "acceptedDate": "2012-02-27 17:08:27",
    "calendarYear": "2011",
    "period": "Q4",
    "revenue": 1934000000,
    "costOfRevenue": 1674500000,
    "grossProfit": 259500000,
    "grossProfitRatio": 0.1341778697,
    "researchAndDevelopmentExpenses": 0,
    "generalAndAdministrativeExpenses": 31000000,
    "sellingAndMarketingExpenses": 0,
    "sellingGeneralAndAdministrativeExpenses": 31000000,
    "otherExpenses": 120200000,
    "operatingExpenses": 151200000,
    "costAndExpenses": 1825700000,
    "interestIncome": 0,
    "interestExpense": 28400000,
    "depreciationAndAmortization": 46700000,
    "ebitda": 158000000,
    "ebitdaratio": 0.0816959669,
    "operatingIncome": 108300000,
    "operatingIncomeRatio": 0.0559979317,
    "totalOtherIncomeExpensesNet": -25400000,
    "incomeBeforeTax": 82900000,
    "incomeBeforeTaxRatio": 0.0428645295,
    "incomeTaxExpense": 8100000,
    "netIncome": 8500000,
    "netIncomeRatio": 0.0043950362,
    "eps": 0.21,
    "epsdiluted": 0.2,
    "weightedAverageShsOut": 41000000,
    "weightedAverageShsOutDil": 41800000,
    "link": "https://www.sec.gov/Archives/edgar/data/1389170/000138917012000007/0001389170-12-000007-index.htm",
    "finalLink": "https://www.sec.gov/Archives/edgar/data/1389170/000138917012000007/form10-k.htm"
  },
  {
    "date": "2011-09-30",
    "symbol": "TRGP",
    "reportedCurrency": "USD",
    "cik": "0001389170",
    "fillingDate": "2011-11-07",
    "acceptedDate": "2011-11-04 17:59:53",
    "calendarYear": "2011",
    "period": "Q3",
    "revenue": 1713600000,
    "costOfRevenue": 1485500000,
    "grossProfit": 228100000,
    "grossProfitRatio": 0.133111578,
    "researchAndDevelopmentExpenses": 0,
    "generalAndAdministrativeExpenses": 35400000,
    "sellingAndMarketingExpenses": 0,
    "sellingGeneralAndAdministrativeExpenses": 35400000,
    "otherExpenses": 121900000,
    "operatingExpenses": 157300000,
    "costAndExpenses": 1642800000,
    "interestIncome": 0,
    "interestExpense": 26800000,
    "depreciationAndAmortization": 45600000,
    "ebitda": 116300000,
    "ebitdaratio": 0.0678688142,
    "operatingIncome": 70800000,
    "operatingIncomeRatio": 0.0413165266,
    "totalOtherIncomeExpensesNet": -26900000,
    "incomeBeforeTax": 43900000,
    "incomeBeforeTaxRatio": 0.0256185808,
    "incomeTaxExpense": 7400000,
    "netIncome": 4900000,
    "netIncomeRatio": 0.0028594771,
    "eps": 0.12,
    "epsdiluted": 0.12,
    "weightedAverageShsOut": 41000000,
    "weightedAverageShsOutDil": 41500000,
    "link": "https://www.sec.gov/Archives/edgar/data/1389170/000138917011000037/0001389170-11-000037-index.htm",
    "finalLink": "https://www.sec.gov/Archives/edgar/data/1389170/000138917011000037/form10-q.htm"
  },
  {
    "date": "2011-06-30",
    "symbol": "TRGP",
    "reportedCurrency": "USD",
    "cik": "0001389170",
    "fillingDate": "2011-08-08",
    "acceptedDate": "2011-08-05 17:37:45",
    "calendarYear": "2011",
    "period": "Q2",
    "revenue": 1727700000,
    "costOfRevenue": 1477200000,
    "grossProfit": 250500000,
    "grossProfitRatio": 0.1449904497,
    "researchAndDevelopmentExpenses": 0,
    "generalAndAdministrativeExpenses": 35100000,
    "sellingAndMarketingExpenses": 0,
    "sellingGeneralAndAdministrativeExpenses": 35100000,
    "otherExpenses": 116900000,
    "operatingExpenses": 152000000,
    "costAndExpenses": 1629200000,
    "interestIncome": 0,
    "interestExpense": 28000000,
    "depreciationAndAmortization": 45300000,
    "ebitda": 145100000,
    "ebitdaratio": 0.083984488,
    "operatingIncome": 98500000,
    "operatingIncomeRatio": 0.0570122128,
    "totalOtherIncomeExpensesNet": -29900000,
    "incomeBeforeTax": 68600000,
    "incomeBeforeTaxRatio": 0.0397059675,
    "incomeTaxExpense": 5300000,
    "netIncome": 10500000,
    "netIncomeRatio": 0.006077444,
    "eps": 0.26,
    "epsdiluted": 0.25,
    "weightedAverageShsOut": 41000000,
    "weightedAverageShsOutDil": 41400000,
    "link": "https://www.sec.gov/Archives/edgar/data/1389170/000138917011000016/0001389170-11-000016-index.htm",
    "finalLink": "https://www.sec.gov/Archives/edgar/data/1389170/000138917011000016/form10-q.htm"
  },
  {
    "date": "2011-03-31",
    "symbol": "TRGP",
    "reportedCurrency": "USD",
    "cik": "0001389170",
    "fillingDate": "2011-05-06",
    "acceptedDate": "2011-05-06 15:10:44",
    "calendarYear": "2011",
    "period": "Q1",
    "revenue": 1618100000,
    "costOfRevenue": 1400600000,
    "grossProfit": 217500000,
    "grossProfitRatio": 0.1344169087,
    "researchAndDevelopmentExpenses": 0,
    "generalAndAdministrativeExpenses": 34600000,
    "sellingAndMarketingExpenses": 0,
    "sellingGeneralAndAdministrativeExpenses": 34600000,
    "otherExpenses": 109400000,
    "operatingExpenses": 144000000,
    "costAndExpenses": 1544600000,
    "interestIncome": 0,
    "interestExpense": 28500000,
    "depreciationAndAmortization": 43400000,
    "ebitda": 118500000,
    "ebitdaratio": 0.0732340399,
    "operatingIncome": 73500000,
    "operatingIncomeRatio": 0.045423645,
    "totalOtherIncomeExpensesNet": -26900000,
    "incomeBeforeTax": 46600000,
    "incomeBeforeTaxRatio": 0.0287992089,
    "incomeTaxExpense": 5800000,
    "netIncome": 6800000,
    "netIncomeRatio": 0.0042024597,
    "eps": 0.17,
    "epsdiluted": 0.16,
    "weightedAverageShsOut": 40900000,
    "weightedAverageShsOutDil": 41300000,
    "link": "https://www.sec.gov/Archives/edgar/data/1389170/000138917011000008/0001389170-11-000008-index.htm",
    "finalLink": "https://www.sec.gov/Archives/edgar/data/1389170/000138917011000008/form10-q.htm"
  },
  {
    "date": "2010-12-31",
    "symbol": "TRGP",
    "reportedCurrency": "USD",
    "cik": "0001389170",
    "fillingDate": "2011-03-30",
    "acceptedDate": "2011-03-29 19:36:15",
    "calendarYear": "2010",
    "period": "Q4",
    "revenue": 1527200000,
    "costOfRevenue": 1300100000,
    "grossProfit": 227100000,
    "grossProfitRatio": 0.1487035097,
    "researchAndDevelopmentExpenses": 0,
    "generalAndAdministrativeExpenses": 54600000,
    "sellingAndMarketingExpenses": 8800000,
    "sellingGeneralAndAdministrativeExpenses": 63400000,
    "otherExpenses": 114100000,
    "operatingExpenses": 177500000,
    "costAndExpenses": 1477600000,
    "interestIncome": 0,
    "interestExpense": 27000000,
    "depreciationAndAmortization": 37300000,
    "ebitda": 101900000,
    "ebitdaratio": 0.0667234154,
    "operatingIncome": 49600000,
    "operatingIncomeRatio": 0.032477737,
    "totalOtherIncomeExpensesNet": -30100000,
    "incomeBeforeTax": 28300000,
    "incomeBeforeTaxRatio": 0.0185306443,
    "incomeTaxExpense": 4000000,
    "netIncome": -7800000,
    "netIncomeRatio": -0.0051073861,
    "eps": -0.19,
    "epsdiluted": -0.19,
    "weightedAverageShsOut": 40900000,
    "weightedAverageShsOutDil": 41300000,
    "link": "https://www.sec.gov/Archives/edgar/data/1389170/000138917011000005/0001389170-11-000005-index.htm",
    "finalLink": "https://www.sec.gov/Archives/edgar/data/1389170/000138917011000005/form10-ka.htm"
  },
  {
    "date": "2010-09-30",
    "symbol": "TRGP",
    "reportedCurrency": "USD",
    "cik": "0001389170",
    "fillingDate": "2010-09-30",
    "acceptedDate": "2010-09-29 20:00:00",
    "calendarYear": "2010",
    "period": "Q3",
    "revenue": 1220000000,
    "costOfRevenue": 1033700000,
    "grossProfit": 186300000,
    "grossProfitRatio": 0.152704918,
    "researchAndDevelopmentExpenses": 0,
    "generalAndAdministrativeExpenses": 27000000,
    "sellingAndMarketingExpenses": 0,
    "sellingGeneralAndAdministrativeExpenses": 27000000,
    "otherExpenses": 116000000,
    "operatingExpenses": 143000000,
    "costAndExpenses": 1176700000,
    "interestIncome": 0,
    "interestExpense": 30000000,
    "depreciationAndAmortization": 50700000,
    "ebitda": 104100000,
    "ebitdaratio": 0.0853278689,
    "operatingIncome": 43300000,
    "operatingIncomeRatio": 0.0354918033,
    "totalOtherIncomeExpensesNet": -39000000,
    "incomeBeforeTax": 4300000,
    "incomeBeforeTaxRatio": 0.0035245902,
    "incomeTaxExpense": 8600000,
    "netIncome": -17500000,
    "netIncomeRatio": -0.0143442623,
    "eps": -0.41,
    "epsdiluted": -0.41,
    "weightedAverageShsOut": 42292348,
    "weightedAverageShsOutDil": 42292348,
    "link": "",
    "finalLink": ""
  },
  {
    "date": "2010-06-30",
    "symbol": "TRGP",
    "reportedCurrency": "USD",
    "cik": "0001389170",
    "fillingDate": "2010-06-30",
    "acceptedDate": "2010-06-29 20:00:00",
    "calendarYear": "2010",
    "period": "Q2",
    "revenue": 1240100000,
    "costOfRevenue": 1057900000,
    "grossProfit": 182200000,
    "grossProfitRatio": 0.1469236352,
    "researchAndDevelopmentExpenses": 0,
    "generalAndAdministrativeExpenses": 28000000,
    "sellingAndMarketingExpenses": 0,
    "sellingGeneralAndAdministrativeExpenses": 28000000,
    "otherExpenses": 105800000,
    "operatingExpenses": 133800000,
    "costAndExpenses": 1191700000,
    "interestIncome": 0,
    "interestExpense": 26400000,
    "depreciationAndAmortization": 43900000,
    "ebitda": 94700000,
    "ebitdaratio": 0.0763648093,
    "operatingIncome": 48400000,
    "operatingIncomeRatio": 0.0390291106,
    "totalOtherIncomeExpensesNet": -34100000,
    "incomeBeforeTax": 14300000,
    "incomeBeforeTaxRatio": 0.0115313281,
    "incomeTaxExpense": 6900000,
    "netIncome": -11600000,
    "netIncomeRatio": -0.0093540843,
    "eps": -0.27,
    "epsdiluted": -0.27,
    "weightedAverageShsOut": 42300000,
    "weightedAverageShsOutDil": 42300000,
    "link": "",
    "finalLink": ""
  },
  {
    "date": "2010-03-31",
    "symbol": "TRGP",
    "reportedCurrency": "USD",
    "cik": "0001389170",
    "fillingDate": "2010-03-31",
    "acceptedDate": "2010-03-30 20:00:00",
    "calendarYear": "2010",
    "period": "Q1",
    "revenue": 1483600000,
    "costOfRevenue": 1297700000,
    "grossProfit": 185900000,
    "grossProfitRatio": 0.1253033163,
    "researchAndDevelopmentExpenses": 0,
    "generalAndAdministrativeExpenses": 26000000,
    "sellingAndMarketingExpenses": 0,
    "sellingGeneralAndAdministrativeExpenses": 26000000,
    "otherExpenses": 105100000,
    "operatingExpenses": 131100000,
    "costAndExpenses": 1428800000,
    "interestIncome": 0,
    "interestExpense": 27500000,
    "depreciationAndAmortization": 42800000,
    "ebitda": 109200000,
    "ebitdaratio": 0.0736047452,
    "operatingIncome": 54800000,
    "operatingIncomeRatio": 0.0369371798,
    "totalOtherIncomeExpensesNet": -15900000,
    "incomeBeforeTax": 38900000,
    "incomeBeforeTaxRatio": 0.0262200054,
    "incomeTaxExpense": 3000000,
    "netIncome": 21900000,
    "netIncomeRatio": 0.0147613912,
    "eps": 5.62,
    "epsdiluted": 5.62,
    "weightedAverageShsOut": 42300000,
    "weightedAverageShsOutDil": 42300000,
    "link": "",
    "finalLink": ""
  },
  {
    "date": "2009-12-31",
    "symbol": "TRGP",
    "reportedCurrency": "USD",
    "cik": "0001389170",
    "fillingDate": "2009-12-31",
    "acceptedDate": "2009-12-30 19:00:00",
    "calendarYear": "2009",
    "period": "Q4",
    "revenue": 1391000000,
    "costOfRevenue": 1166200000,
    "grossProfit": 224800000,
    "grossProfitRatio": 0.1616103523,
    "researchAndDevelopmentExpenses": 0,
    "generalAndAdministrativeExpenses": 0,
    "sellingAndMarketingExpenses": 0,
    "sellingGeneralAndAdministrativeExpenses": 36800000,
    "otherExpenses": 94900000,
    "operatingExpenses": 131700000,
    "costAndExpenses": 1297900000,
    "interestIncome": 0,
    "interestExpense": 29300000,
    "depreciationAndAmortization": 40200000,
    "ebitda": 134200000,
    "ebitdaratio": 0.0964773544,
    "operatingIncome": 93100000,
    "operatingIncomeRatio": 0.066930266,
    "totalOtherIncomeExpensesNet": -29100000,
    "incomeBeforeTax": 64000000,
    "incomeBeforeTaxRatio": 0.0460100647,
    "incomeTaxExpense": 15600000,
    "netIncome": 16300000,
    "netIncomeRatio": 0.0117181884,
    "eps": 0.39,
    "epsdiluted": 0.39,
    "weightedAverageShsOut": 42300000,
    "weightedAverageShsOutDil": 42300000,
    "link": "",
    "finalLink": ""
  },
  {
    "date": "2009-09-30",
    "symbol": "TRGP",
    "reportedCurrency": "USD",
    "cik": "0001389170",
    "fillingDate": "2009-09-30",
    "acceptedDate": "2009-09-29 20:00:00",
    "calendarYear": "2009",
    "period": "Q3",
    "revenue": 1125600000,
    "costOfRevenue": 936300000,
    "grossProfit": 189300000,
    "grossProfitRatio": 0.1681769723,
    "researchAndDevelopmentExpenses": 0,
    "generalAndAdministrativeExpenses": 31500000,
    "sellingAndMarketingExpenses": 0,
    "sellingGeneralAndAdministrativeExpenses": 31500000,
    "otherExpenses": 107800000,
    "operatingExpenses": 139300000,
    "costAndExpenses": 1075600000,
    "interestIncome": 0,
    "interestExpense": 36900000,
    "depreciationAndAmortization": 45000000,
    "ebitda": 95400000,
    "ebitdaratio": 0.0847547974,
    "operatingIncome": 50000000,
    "operatingIncomeRatio": 0.0444207534,
    "totalOtherIncomeExpensesNet": -40100000,
    "incomeBeforeTax": 9900000,
    "incomeBeforeTaxRatio": 0.0087953092,
    "incomeTaxExpense": -600000,
    "netIncome": -500000,
    "netIncomeRatio": -0.0004442075,
    "eps": -0.13,
    "epsdiluted": -0.13,
    "weightedAverageShsOut": 3900000,
    "weightedAverageShsOutDil": 3900000,
    "link": "",
    "finalLink": ""
  }
]