[
  {
    "date": "2025-07-04",
    "symbol": "TRMB",
    "reportedCurrency": "USD",
    "cik": "0000864749",
    "fillingDate": "2025-08-06",
    "acceptedDate": "2025-08-06 16:37:19",
    "calendarYear": "2025",
    "period": "Q2",
    "revenue": 875700000,
    "costOfRevenue": 277800000,
    "grossProfit": 597900000,
    "grossProfitRatio": 0.6827680713,
    "researchAndDevelopmentExpenses": 163300000,
    "generalAndAdministrativeExpenses": 117600000,
    "sellingAndMarketingExpenses": 158400000,
    "sellingGeneralAndAdministrativeExpenses": 276000000,
    "otherExpenses": 30800000,
    "operatingExpenses": 470100000,
    "costAndExpenses": 747900000,
    "interestIncome": 0,
    "interestExpense": 19400000,
    "depreciationAndAmortization": 49900000,
    "ebitda": 182600000,
    "ebitdaratio": 0.2085188992,
    "operatingIncome": 127800000,
    "operatingIncomeRatio": 0.1459403905,
    "totalOtherIncomeExpensesNet": -14500000,
    "incomeBeforeTax": 113300000,
    "incomeBeforeTaxRatio": 0.1293822085,
    "incomeTaxExpense": 24100000,
    "netIncome": 89200000,
    "netIncomeRatio": 0.101861368,
    "eps": 0.37,
    "epsdiluted": 0.37,
    "weightedAverageShsOut": 238100000,
    "weightedAverageShsOutDil": 239600000,
    "link": "https://www.sec.gov/Archives/edgar/data/864749/000086474925000245/0000864749-25-000245-index.htm",
    "finalLink": "https://www.sec.gov/Archives/edgar/data/864749/000086474925000245/trmb-20250704.htm"
  },
  {
    "date": "2025-04-04",
    "symbol": "TRMB",
    "reportedCurrency": "USD",
    "cik": "0000864749",
    "fillingDate": "2025-05-12",
    "acceptedDate": "2025-05-12 16:46:25",
    "calendarYear": "2025",
    "period": "Q1",
    "revenue": 840600000,
    "costOfRevenue": 279800000,
    "grossProfit": 560800000,
    "grossProfitRatio": 0.6671425172,
    "researchAndDevelopmentExpenses": 158500000,
    "generalAndAdministrativeExpenses": 121500000,
    "sellingAndMarketingExpenses": 153200000,
    "sellingGeneralAndAdministrativeExpenses": 274700000,
    "otherExpenses": 30100000,
    "operatingExpenses": 463300000,
    "costAndExpenses": 743100000,
    "interestIncome": 0,
    "interestExpense": 15600000,
    "depreciationAndAmortization": 48900000,
    "ebitda": 150900000,
    "ebitdaratio": 0.1795146324,
    "operatingIncome": 97500000,
    "operatingIncomeRatio": 0.1159885796,
    "totalOtherIncomeExpensesNet": -11100000,
    "incomeBeforeTax": 86400000,
    "incomeBeforeTaxRatio": 0.1027837259,
    "incomeTaxExpense": 19700000,
    "netIncome": 66700000,
    "netIncomeRatio": 0.0793480847,
    "eps": 0.27,
    "epsdiluted": 0.27,
    "weightedAverageShsOut": 243300000,
    "weightedAverageShsOutDil": 246200000,
    "link": "https://www.sec.gov/Archives/edgar/data/864749/000086474925000113/0000864749-25-000113-index.htm",
    "finalLink": "https://www.sec.gov/Archives/edgar/data/864749/000086474925000113/trmb-20250404.htm"
  },
  {
    "date": "2025-01-03",
    "symbol": "TRMB",
    "reportedCurrency": "USD",
    "cik": "0000864749",
    "fillingDate": "2025-04-25",
    "acceptedDate": "2025-04-25 15:04:22",
    "calendarYear": "2024",
    "period": "Q4",
    "revenue": 983400000,
    "costOfRevenue": 302200000,
    "grossProfit": 681200000,
    "grossProfitRatio": 0.6926988001,
    "researchAndDevelopmentExpenses": 175000000,
    "generalAndAdministrativeExpenses": 137500000,
    "sellingAndMarketingExpenses": 167400000,
    "sellingGeneralAndAdministrativeExpenses": 304900000,
    "otherExpenses": 27800000,
    "operatingExpenses": 507700000,
    "costAndExpenses": 809900000,
    "interestIncome": 0,
    "interestExpense": 13300000,
    "depreciationAndAmortization": 52800000,
    "ebitda": 163900000,
    "ebitdaratio": 0.1666666667,
    "operatingIncome": 173500000,
    "operatingIncomeRatio": 0.1764287167,
    "totalOtherIncomeExpensesNet": -75700000,
    "incomeBeforeTax": 97800000,
    "incomeBeforeTaxRatio": 0.0994508847,
    "incomeTaxExpense": 7600000,
    "netIncome": 90200000,
    "netIncomeRatio": 0.0917225951,
    "eps": 0.37,
    "epsdiluted": 0.36,
    "weightedAverageShsOut": 248200000,
    "weightedAverageShsOutDil": 248200000,
    "link": "https://www.sec.gov/Archives/edgar/data/864749/000086474925000090/0000864749-25-000090-index.htm",
    "finalLink": "https://www.sec.gov/Archives/edgar/data/864749/000086474925000090/trmb-20250103.htm"
  },
  {
    "date": "2024-09-27",
    "symbol": "TRMB",
    "reportedCurrency": "USD",
    "cik": "0000864749",
    "fillingDate": "2025-01-16",
    "acceptedDate": "2025-01-15 21:50:34",
    "calendarYear": "2024",
    "period": "Q3",
    "revenue": 875800000,
    "costOfRevenue": 300200000,
    "grossProfit": 575600000,
    "grossProfitRatio": 0.6572276776,
    "researchAndDevelopmentExpenses": 155600000,
    "generalAndAdministrativeExpenses": 127600000,
    "sellingAndMarketingExpenses": 147100000,
    "sellingGeneralAndAdministrativeExpenses": 274700000,
    "otherExpenses": 28900000,
    "operatingExpenses": 459200000,
    "costAndExpenses": 759400000,
    "interestIncome": 0,
    "interestExpense": 14100000,
    "depreciationAndAmortization": 53400000,
    "ebitda": 140600000,
    "ebitdaratio": 0.1605389358,
    "operatingIncome": 116400000,
    "operatingIncomeRatio": 0.1329070564,
    "totalOtherIncomeExpensesNet": -43300000,
    "incomeBeforeTax": 73100000,
    "incomeBeforeTaxRatio": 0.0834665449,
    "incomeTaxExpense": 32500000,
    "netIncome": 40600000,
    "netIncomeRatio": 0.0463576159,
    "eps": 0.17,
    "epsdiluted": 0.16,
    "weightedAverageShsOut": 245600000,
    "weightedAverageShsOutDil": 246900000,
    "link": "https://www.sec.gov/Archives/edgar/data/864749/000086474925000014/0000864749-25-000014-index.htm",
    "finalLink": "https://www.sec.gov/Archives/edgar/data/864749/000086474925000014/trmb-20240927.htm"
  },
  {
    "date": "2024-06-28",
    "symbol": "TRMB",
    "reportedCurrency": "USD",
    "cik": "0000864749",
    "fillingDate": "2025-01-16",
    "acceptedDate": "2025-01-15 21:48:51",
    "calendarYear": "2024",
    "period": "Q2",
    "revenue": 870800000,
    "costOfRevenue": 324900000,
    "grossProfit": 545900000,
    "grossProfitRatio": 0.6268948094,
    "researchAndDevelopmentExpenses": 161500000,
    "generalAndAdministrativeExpenses": 148700000,
    "sellingAndMarketingExpenses": 142500000,
    "sellingGeneralAndAdministrativeExpenses": 291200000,
    "otherExpenses": 31600000,
    "operatingExpenses": 484300000,
    "costAndExpenses": 809200000,
    "interestIncome": 0,
    "interestExpense": 18100000,
    "depreciationAndAmortization": 62900000,
    "ebitda": 130200000,
    "ebitdaratio": 0.1495176849,
    "operatingIncome": 61600000,
    "operatingIncomeRatio": 0.0707395498,
    "totalOtherIncomeExpensesNet": 1700400000,
    "incomeBeforeTax": 1762000000,
    "incomeBeforeTaxRatio": 2.023426734,
    "incomeTaxExpense": 445600000,
    "netIncome": 1316400000,
    "netIncomeRatio": 1.511713367,
    "eps": 5.37,
    "epsdiluted": 5.34,
    "weightedAverageShsOut": 246400000,
    "weightedAverageShsOutDil": 246400000,
    "link": "https://www.sec.gov/Archives/edgar/data/864749/000086474925000013/0000864749-25-000013-index.htm",
    "finalLink": "https://www.sec.gov/Archives/edgar/data/864749/000086474925000013/trmb-20240628.htm"
  },
  {
    "date": "2024-03-31",
    "symbol": "TRMB",
    "reportedCurrency": "USD",
    "cik": "0000864749",
    "fillingDate": "2024-04-01",
    "acceptedDate": "2024-04-01 17:18:55",
    "calendarYear": "2024",
    "period": "Q1",
    "revenue": 953300000,
    "costOfRevenue": 359700000,
    "grossProfit": 593600000,
    "grossProfitRatio": 0.6226791147,
    "researchAndDevelopmentExpenses": 170200000,
    "generalAndAdministrativeExpenses": 134100000,
    "sellingAndMarketingExpenses": 146800000,
    "sellingGeneralAndAdministrativeExpenses": 280900000,
    "otherExpenses": 33300000,
    "operatingExpenses": 484400000,
    "costAndExpenses": 844100000,
    "interestIncome": 0,
    "interestExpense": 45200000,
    "depreciationAndAmortization": 65400000,
    "ebitda": 183600000,
    "ebitdaratio": 0.1925941466,
    "operatingIncome": 109200000,
    "operatingIncomeRatio": 0.1145494598,
    "totalOtherIncomeExpensesNet": -36200000,
    "incomeBeforeTax": 73000000,
    "incomeBeforeTaxRatio": 0.0765761041,
    "incomeTaxExpense": 15800000,
    "netIncome": 57200000,
    "netIncomeRatio": 0.060002098,
    "eps": 0.23,
    "epsdiluted": 0.23,
    "weightedAverageShsOut": 245500000,
    "weightedAverageShsOutDil": 247400000,
    "link": "https://www.sec.gov/Archives/edgar/data/864749/000119312524083599/0001193125-24-083599-index.htm",
    "finalLink": "https://www.sec.gov/Archives/edgar/data/864749/000119312524083599/d800466dex101.htm"
  },
  {
    "date": "2023-12-29",
    "symbol": "TRMB",
    "reportedCurrency": "USD",
    "cik": "0000864749",
    "fillingDate": "2024-02-26",
    "acceptedDate": "2024-02-26 16:35:46",
    "calendarYear": "2023",
    "period": "Q4",
    "revenue": 932400000,
    "costOfRevenue": 355100000,
    "grossProfit": 577300000,
    "grossProfitRatio": 0.6191548692,
    "researchAndDevelopmentExpenses": 167700000,
    "generalAndAdministrativeExpenses": 118300000,
    "sellingAndMarketingExpenses": 146100000,
    "sellingGeneralAndAdministrativeExpenses": 264400000,
    "otherExpenses": 48300000,
    "operatingExpenses": 480400000,
    "costAndExpenses": 835500000,
    "interestIncome": 0,
    "interestExpense": 47800000,
    "depreciationAndAmortization": 67700000,
    "ebitda": 175000000,
    "ebitdaratio": 0.1876876877,
    "operatingIncome": 96900000,
    "operatingIncomeRatio": 0.1039253539,
    "totalOtherIncomeExpensesNet": -37400000,
    "incomeBeforeTax": 59500000,
    "incomeBeforeTaxRatio": 0.0638138138,
    "incomeTaxExpense": -3500000,
    "netIncome": 63000000,
    "netIncomeRatio": 0.0675675676,
    "eps": 0.25,
    "epsdiluted": 0.25,
    "weightedAverageShsOut": 247800000,
    "weightedAverageShsOutDil": 249000000,
    "link": "https://www.sec.gov/Archives/edgar/data/864749/000086474924000047/0000864749-24-000047-index.htm",
    "finalLink": "https://www.sec.gov/Archives/edgar/data/864749/000086474924000047/trmb-20231229.htm"
  },
  {
    "date": "2023-09-29",
    "symbol": "TRMB",
    "reportedCurrency": "USD",
    "cik": "0000864749",
    "fillingDate": "2023-11-03",
    "acceptedDate": "2023-11-03 16:14:30",
    "calendarYear": "2023",
    "period": "Q3",
    "revenue": 957300000,
    "costOfRevenue": 367100000,
    "grossProfit": 590200000,
    "grossProfitRatio": 0.616525645,
    "researchAndDevelopmentExpenses": 162500000,
    "generalAndAdministrativeExpenses": 117200000,
    "sellingAndMarketingExpenses": 146200000,
    "sellingGeneralAndAdministrativeExpenses": 263400000,
    "otherExpenses": -5800000,
    "operatingExpenses": 457100000,
    "costAndExpenses": 824200000,
    "interestIncome": 0,
    "interestExpense": 46800000,
    "depreciationAndAmortization": 68500000,
    "ebitda": 194700000,
    "ebitdaratio": 0.203384519,
    "operatingIncome": 121300000,
    "operatingIncomeRatio": 0.1267105401,
    "totalOtherIncomeExpensesNet": -41900000,
    "incomeBeforeTax": 79400000,
    "incomeBeforeTaxRatio": 0.0829416066,
    "incomeTaxExpense": 4500000,
    "netIncome": 74900000,
    "netIncomeRatio": 0.0782408858,
    "eps": 0.3,
    "epsdiluted": 0.3,
    "weightedAverageShsOut": 248600000,
    "weightedAverageShsOutDil": 249700000,
    "link": "https://www.sec.gov/Archives/edgar/data/864749/000086474923000191/0000864749-23-000191-index.htm",
    "finalLink": "https://www.sec.gov/Archives/edgar/data/864749/000086474923000191/trmb-20230929.htm"
  },
  {
    "date": "2023-06-30",
    "symbol": "TRMB",
    "reportedCurrency": "USD",
    "cik": "0000864749",
    "fillingDate": "2023-08-04",
    "acceptedDate": "2023-08-04 16:45:46",
    "calendarYear": "2023",
    "period": "Q2",
    "revenue": 993600000,
    "costOfRevenue": 389100000,
    "grossProfit": 604500000,
    "grossProfitRatio": 0.6083937198,
    "researchAndDevelopmentExpenses": 174800000,
    "generalAndAdministrativeExpenses": 141300000,
    "sellingAndMarketingExpenses": 155300000,
    "sellingGeneralAndAdministrativeExpenses": 296600000,
    "otherExpenses": 1500000,
    "operatingExpenses": 503300000,
    "costAndExpenses": 892400000,
    "interestIncome": 0,
    "interestExpense": 46700000,
    "depreciationAndAmortization": 72200000,
    "ebitda": 172600000,
    "ebitdaratio": 0.1737117552,
    "operatingIncome": 93600000,
    "operatingIncomeRatio": 0.0942028986,
    "totalOtherIncomeExpensesNet": -36100000,
    "incomeBeforeTax": 57500000,
    "incomeBeforeTaxRatio": 0.0578703704,
    "incomeTaxExpense": 12900000,
    "netIncome": 44600000,
    "netIncomeRatio": 0.0448872786,
    "eps": 0.18,
    "epsdiluted": 0.18,
    "weightedAverageShsOut": 248100000,
    "weightedAverageShsOutDil": 249000000,
    "link": "https://www.sec.gov/Archives/edgar/data/864749/000086474923000173/0000864749-23-000173-index.htm",
    "finalLink": "https://www.sec.gov/Archives/edgar/data/864749/000086474923000173/trmb-20230630.htm"
  },
  {
    "date": "2023-03-31",
    "symbol": "TRMB",
    "reportedCurrency": "USD",
    "cik": "0000864749",
    "fillingDate": "2023-05-03",
    "acceptedDate": "2023-05-03 16:39:35",
    "calendarYear": "2023",
    "period": "Q1",
    "revenue": 915400000,
    "costOfRevenue": 354600000,
    "grossProfit": 560800000,
    "grossProfitRatio": 0.6126283592,
    "researchAndDevelopmentExpenses": 159300000,
    "generalAndAdministrativeExpenses": 110700000,
    "sellingAndMarketingExpenses": 135400000,
    "sellingGeneralAndAdministrativeExpenses": 246100000,
    "otherExpenses": 11700000,
    "operatingExpenses": 417100000,
    "costAndExpenses": 771700000,
    "interestIncome": 0,
    "interestExpense": 19700000,
    "depreciationAndAmortization": 44500000,
    "ebitda": 188700000,
    "ebitdaratio": 0.2061393926,
    "operatingIncome": 187000000,
    "operatingIncomeRatio": 0.204282281,
    "totalOtherIncomeExpensesNet": 23600000,
    "incomeBeforeTax": 160600000,
    "incomeBeforeTaxRatio": 0.1754424295,
    "incomeTaxExpense": 31800000,
    "netIncome": 128800000,
    "netIncomeRatio": 0.1407035176,
    "eps": 0.52,
    "epsdiluted": 0.52,
    "weightedAverageShsOut": 247200000,
    "weightedAverageShsOutDil": 248700000,
    "link": "https://www.sec.gov/Archives/edgar/data/864749/000086474923000077/0000864749-23-000077-index.htm",
    "finalLink": "https://www.sec.gov/Archives/edgar/data/864749/000086474923000077/trmb-20230331.htm"
  },
  {
    "date": "2022-12-30",
    "symbol": "TRMB",
    "reportedCurrency": "USD",
    "cik": "0000864749",
    "fillingDate": "2023-02-17",
    "acceptedDate": "2023-02-17 16:55:04",
    "calendarYear": "2022",
    "period": "Q4",
    "revenue": 856500000,
    "costOfRevenue": 353400000,
    "grossProfit": 503100000,
    "grossProfitRatio": 0.5873905429,
    "researchAndDevelopmentExpenses": 134700000,
    "generalAndAdministrativeExpenses": 104200000,
    "sellingAndMarketingExpenses": 145700000,
    "sellingGeneralAndAdministrativeExpenses": 249900000,
    "otherExpenses": 12100000,
    "operatingExpenses": 396700000,
    "costAndExpenses": 750100000,
    "interestIncome": 0,
    "interestExpense": 24200000,
    "depreciationAndAmortization": 43800000,
    "ebitda": 160800000,
    "ebitdaratio": 0.1877408056,
    "operatingIncome": 96700000,
    "operatingIncomeRatio": 0.1129013427,
    "totalOtherIncomeExpensesNet": -5600000,
    "incomeBeforeTax": 91100000,
    "incomeBeforeTaxRatio": 0.1063631057,
    "incomeTaxExpense": 5500000,
    "netIncome": 85600000,
    "netIncomeRatio": 0.0999416229,
    "eps": 0.35,
    "epsdiluted": 0.34,
    "weightedAverageShsOut": 246900000,
    "weightedAverageShsOutDil": 248300000,
    "link": "https://www.sec.gov/Archives/edgar/data/864749/000086474923000012/0000864749-23-000012-index.htm",
    "finalLink": "https://www.sec.gov/Archives/edgar/data/864749/000086474923000012/trmb-20221230.htm"
  },
  {
    "date": "2022-09-30",
    "symbol": "TRMB",
    "reportedCurrency": "USD",
    "cik": "0000864749",
    "fillingDate": "2022-11-02",
    "acceptedDate": "2022-11-02 17:06:34",
    "calendarYear": "2022",
    "period": "Q3",
    "revenue": 884900000,
    "costOfRevenue": 369500000,
    "grossProfit": 515400000,
    "grossProfitRatio": 0.5824386936,
    "researchAndDevelopmentExpenses": 127000000,
    "generalAndAdministrativeExpenses": 109600000,
    "sellingAndMarketingExpenses": 137100000,
    "sellingGeneralAndAdministrativeExpenses": 246700000,
    "otherExpenses": 11100000,
    "operatingExpenses": 384800000,
    "costAndExpenses": 754300000,
    "interestIncome": 0,
    "interestExpense": 15600000,
    "depreciationAndAmortization": 41100000,
    "ebitda": 171600000,
    "ebitdaratio": 0.193920217,
    "operatingIncome": 122400000,
    "operatingIncomeRatio": 0.1383207142,
    "totalOtherIncomeExpensesNet": -4500000,
    "incomeBeforeTax": 117900000,
    "incomeBeforeTaxRatio": 0.1332353938,
    "incomeTaxExpense": 32100000,
    "netIncome": 85800000,
    "netIncomeRatio": 0.0969601085,
    "eps": 0.35,
    "epsdiluted": 0.34,
    "weightedAverageShsOut": 247500000,
    "weightedAverageShsOutDil": 248900000,
    "link": "https://www.sec.gov/Archives/edgar/data/864749/000086474922000187/0000864749-22-000187-index.htm",
    "finalLink": "https://www.sec.gov/Archives/edgar/data/864749/000086474922000187/trmb-20220930.htm"
  },
  {
    "date": "2022-07-01",
    "symbol": "TRMB",
    "reportedCurrency": "USD",
    "cik": "0000864749",
    "fillingDate": "2022-08-05",
    "acceptedDate": "2022-08-05 16:47:47",
    "calendarYear": "2022",
    "period": "Q2",
    "revenue": 941200000,
    "costOfRevenue": 415000000,
    "grossProfit": 526200000,
    "grossProfitRatio": 0.5590735232,
    "researchAndDevelopmentExpenses": 140100000,
    "generalAndAdministrativeExpenses": 106900000,
    "sellingAndMarketingExpenses": 138900000,
    "sellingGeneralAndAdministrativeExpenses": 245800000,
    "otherExpenses": 96200000,
    "operatingExpenses": 378600000,
    "costAndExpenses": 793600000,
    "interestIncome": 0,
    "interestExpense": 15300000,
    "depreciationAndAmortization": 42300000,
    "ebitda": 182600000,
    "ebitdaratio": 0.1940076498,
    "operatingIncome": 147600000,
    "operatingIncomeRatio": 0.1568210795,
    "totalOtherIncomeExpensesNet": 86700000,
    "incomeBeforeTax": 221600000,
    "incomeBeforeTaxRatio": 0.2354441139,
    "incomeTaxExpense": 53600000,
    "netIncome": 168000000,
    "netIncomeRatio": 0.1784955376,
    "eps": 0.67,
    "epsdiluted": 0.67,
    "weightedAverageShsOut": 249200000,
    "weightedAverageShsOutDil": 250700000,
    "link": "https://www.sec.gov/Archives/edgar/data/864749/000086474922000162/0000864749-22-000162-index.htm",
    "finalLink": "https://www.sec.gov/Archives/edgar/data/864749/000086474922000162/trmb-20220701.htm"
  },
  {
    "date": "2022-04-01",
    "symbol": "TRMB",
    "reportedCurrency": "USD",
    "cik": "0000864749",
    "fillingDate": "2022-05-05",
    "acceptedDate": "2022-05-05 16:33:19",
    "calendarYear": "2022",
    "period": "Q1",
    "revenue": 993700000,
    "costOfRevenue": 444100000,
    "grossProfit": 549600000,
    "grossProfitRatio": 0.5530844319,
    "researchAndDevelopmentExpenses": 140300000,
    "generalAndAdministrativeExpenses": 101500000,
    "sellingAndMarketingExpenses": 131900000,
    "sellingGeneralAndAdministrativeExpenses": 233400000,
    "otherExpenses": 12100000,
    "operatingExpenses": 385800000,
    "costAndExpenses": 829900000,
    "interestIncome": 0,
    "interestExpense": 16000000,
    "depreciationAndAmortization": 44600000,
    "ebitda": 209500000,
    "ebitdaratio": 0.2108282178,
    "operatingIncome": 156900000,
    "operatingIncomeRatio": 0.1578947368,
    "totalOtherIncomeExpensesNet": -18400000,
    "incomeBeforeTax": 138500000,
    "incomeBeforeTaxRatio": 0.1393780819,
    "incomeTaxExpense": 28200000,
    "netIncome": 110300000,
    "netIncomeRatio": 0.1109992956,
    "eps": 0.44,
    "epsdiluted": 0.44,
    "weightedAverageShsOut": 250800000,
    "weightedAverageShsOutDil": 252800000,
    "link": "https://www.sec.gov/Archives/edgar/data/864749/000086474922000088/0000864749-22-000088-index.htm",
    "finalLink": "https://www.sec.gov/Archives/edgar/data/864749/000086474922000088/trmb-20220401.htm"
  },
  {
    "date": "2021-12-31",
    "symbol": "TRMB",
    "reportedCurrency": "USD",
    "cik": "0000864749",
    "fillingDate": "2022-02-23",
    "acceptedDate": "2022-02-22 20:13:12",
    "calendarYear": "2021",
    "period": "Q4",
    "revenue": 926000000,
    "costOfRevenue": 414500000,
    "grossProfit": 511500000,
    "grossProfitRatio": 0.5523758099,
    "researchAndDevelopmentExpenses": 136400000,
    "generalAndAdministrativeExpenses": 98900000,
    "sellingAndMarketingExpenses": 133700000,
    "sellingGeneralAndAdministrativeExpenses": 232600000,
    "otherExpenses": -1100000,
    "operatingExpenses": 380900000,
    "costAndExpenses": 795400000,
    "interestIncome": 0,
    "interestExpense": 16000000,
    "depreciationAndAmortization": 51100000,
    "ebitda": 185200000,
    "ebitdaratio": 0.2,
    "operatingIncome": 127800000,
    "operatingIncomeRatio": 0.138012959,
    "totalOtherIncomeExpensesNet": -9700000,
    "incomeBeforeTax": 118100000,
    "incomeBeforeTaxRatio": 0.127537797,
    "incomeTaxExpense": 2800000,
    "netIncome": 115300000,
    "netIncomeRatio": 0.1245140389,
    "eps": 0.46,
    "epsdiluted": 0.45,
    "weightedAverageShsOut": 251200000,
    "weightedAverageShsOutDil": 254100000,
    "link": "https://www.sec.gov/Archives/edgar/data/864749/000086474922000044/0000864749-22-000044-index.htm",
    "finalLink": "https://www.sec.gov/Archives/edgar/data/864749/000086474922000044/trmb-20211231.htm"
  },
  {
    "date": "2021-10-01",
    "symbol": "TRMB",
    "reportedCurrency": "USD",
    "cik": "0000864749",
    "fillingDate": "2021-11-04",
    "acceptedDate": "2021-11-03 18:23:50",
    "calendarYear": "2021",
    "period": "Q3",
    "revenue": 901400000,
    "costOfRevenue": 396900000,
    "grossProfit": 504500000,
    "grossProfitRatio": 0.5596849345,
    "researchAndDevelopmentExpenses": 132500000,
    "generalAndAdministrativeExpenses": 85200000,
    "sellingAndMarketingExpenses": 125500000,
    "sellingGeneralAndAdministrativeExpenses": 210700000,
    "otherExpenses": 16600000,
    "operatingExpenses": 355500000,
    "costAndExpenses": 752400000,
    "interestIncome": 0,
    "interestExpense": 15900000,
    "depreciationAndAmortization": 50700000,
    "ebitda": 223300000,
    "ebitdaratio": 0.2477257599,
    "operatingIncome": 147500000,
    "operatingIncomeRatio": 0.1636343466,
    "totalOtherIncomeExpensesNet": 9200000,
    "incomeBeforeTax": 156700000,
    "incomeBeforeTaxRatio": 0.1738406923,
    "incomeTaxExpense": 32700000,
    "netIncome": 124000000,
    "netIncomeRatio": 0.1375637897,
    "eps": 0.49,
    "epsdiluted": 0.49,
    "weightedAverageShsOut": 251800000,
    "weightedAverageShsOutDil": 254500000,
    "link": "https://www.sec.gov/Archives/edgar/data/864749/000086474921000137/0000864749-21-000137-index.htm",
    "finalLink": "https://www.sec.gov/Archives/edgar/data/864749/000086474921000137/trmb-20211001.htm"
  },
  {
    "date": "2021-07-02",
    "symbol": "TRMB",
    "reportedCurrency": "USD",
    "cik": "0000864749",
    "fillingDate": "2021-08-09",
    "acceptedDate": "2021-08-06 18:28:20",
    "calendarYear": "2021",
    "period": "Q2",
    "revenue": 945200000,
    "costOfRevenue": 419800000,
    "grossProfit": 525400000,
    "grossProfitRatio": 0.5558611934,
    "researchAndDevelopmentExpenses": 138300000,
    "generalAndAdministrativeExpenses": 99600000,
    "sellingAndMarketingExpenses": 125200000,
    "sellingGeneralAndAdministrativeExpenses": 224800000,
    "otherExpenses": 24200000,
    "operatingExpenses": 376100000,
    "costAndExpenses": 795900000,
    "interestIncome": 0,
    "interestExpense": 16600000,
    "depreciationAndAmortization": 51800000,
    "ebitda": 230800000,
    "ebitdaratio": 0.2441811257,
    "operatingIncome": 144800000,
    "operatingIncomeRatio": 0.153195091,
    "totalOtherIncomeExpensesNet": 17600000,
    "incomeBeforeTax": 162400000,
    "incomeBeforeTaxRatio": 0.1718154888,
    "incomeTaxExpense": 23500000,
    "netIncome": 138900000,
    "netIncomeRatio": 0.1469530258,
    "eps": 0.55,
    "epsdiluted": 0.55,
    "weightedAverageShsOut": 251500000,
    "weightedAverageShsOutDil": 254200000,
    "link": "https://www.sec.gov/Archives/edgar/data/864749/000086474921000109/0000864749-21-000109-index.htm",
    "finalLink": "https://www.sec.gov/Archives/edgar/data/864749/000086474921000109/trmb-20210702.htm"
  },
  {
    "date": "2021-04-02",
    "symbol": "TRMB",
    "reportedCurrency": "USD",
    "cik": "0000864749",
    "fillingDate": "2021-05-07",
    "acceptedDate": "2021-05-07 16:39:07",
    "calendarYear": "2021",
    "period": "Q1",
    "revenue": 886500000,
    "costOfRevenue": 393200000,
    "grossProfit": 493300000,
    "grossProfitRatio": 0.5564579808,
    "researchAndDevelopmentExpenses": 129400000,
    "generalAndAdministrativeExpenses": 85400000,
    "sellingAndMarketingExpenses": 122400000,
    "sellingGeneralAndAdministrativeExpenses": 207800000,
    "otherExpenses": 1600000,
    "operatingExpenses": 350900000,
    "costAndExpenses": 744100000,
    "interestIncome": 0,
    "interestExpense": 16900000,
    "depreciationAndAmortization": 52200000,
    "ebitda": 206500000,
    "ebitdaratio": 0.2329385223,
    "operatingIncome": 140900000,
    "operatingIncomeRatio": 0.1589396503,
    "totalOtherIncomeExpensesNet": -3500000,
    "incomeBeforeTax": 137400000,
    "incomeBeforeTaxRatio": 0.1549915398,
    "incomeTaxExpense": 22800000,
    "netIncome": 114500000,
    "netIncomeRatio": 0.1291596165,
    "eps": 0.46,
    "epsdiluted": 0.45,
    "weightedAverageShsOut": 251100000,
    "weightedAverageShsOutDil": 254300000,
    "link": "https://www.sec.gov/Archives/edgar/data/864749/000086474921000050/0000864749-21-000050-index.htm",
    "finalLink": "https://www.sec.gov/Archives/edgar/data/864749/000086474921000050/trmb-20210402.htm"
  },
  {
    "date": "2021-01-01",
    "symbol": "TRMB",
    "reportedCurrency": "USD",
    "cik": "0000864749",
    "fillingDate": "2021-02-26",
    "acceptedDate": "2021-02-26 16:47:39",
    "calendarYear": "2020",
    "period": "Q4",
    "revenue": 829700000,
    "costOfRevenue": 361200000,
    "grossProfit": 468500000,
    "grossProfitRatio": 0.564661926,
    "researchAndDevelopmentExpenses": 125800000,
    "generalAndAdministrativeExpenses": 79700000,
    "sellingAndMarketingExpenses": 120100000,
    "sellingGeneralAndAdministrativeExpenses": 199800000,
    "otherExpenses": 14800000,
    "operatingExpenses": 340900000,
    "costAndExpenses": 702100000,
    "interestIncome": 0,
    "interestExpense": 17900000,
    "depreciationAndAmortization": 47900000,
    "ebitda": 195400000,
    "ebitdaratio": 0.2355068097,
    "operatingIncome": 121900000,
    "operatingIncomeRatio": 0.1469205737,
    "totalOtherIncomeExpensesNet": 6400000,
    "incomeBeforeTax": 128300000,
    "incomeBeforeTaxRatio": 0.1546342051,
    "incomeTaxExpense": -52400000,
    "netIncome": 180300000,
    "netIncomeRatio": 0.2173074605,
    "eps": 0.72,
    "epsdiluted": 0.71,
    "weightedAverageShsOut": 250800000,
    "weightedAverageShsOutDil": 253500000,
    "link": "https://www.sec.gov/Archives/edgar/data/864749/000086474921000029/0000864749-21-000029-index.htm",
    "finalLink": "https://www.sec.gov/Archives/edgar/data/864749/000086474921000029/trmb-20210101.htm"
  },
  {
    "date": "2020-10-02",
    "symbol": "TRMB",
    "reportedCurrency": "USD",
    "cik": "0000864749",
    "fillingDate": "2020-11-06",
    "acceptedDate": "2020-11-06 17:11:00",
    "calendarYear": "2020",
    "period": "Q3",
    "revenue": 792100000,
    "costOfRevenue": 352400000,
    "grossProfit": 439700000,
    "grossProfitRatio": 0.5551066784,
    "researchAndDevelopmentExpenses": 117900000,
    "generalAndAdministrativeExpenses": 79400000,
    "sellingAndMarketingExpenses": 111600000,
    "sellingGeneralAndAdministrativeExpenses": 191000000,
    "otherExpenses": 3200000,
    "operatingExpenses": 325600000,
    "costAndExpenses": 678000000,
    "interestIncome": 0,
    "interestExpense": 19600000,
    "depreciationAndAmortization": 49900000,
    "ebitda": 164300000,
    "ebitdaratio": 0.2074233051,
    "operatingIncome": 102000000,
    "operatingIncomeRatio": 0.1287716197,
    "totalOtherIncomeExpensesNet": -5600000,
    "incomeBeforeTax": 96400000,
    "incomeBeforeTaxRatio": 0.1217018053,
    "incomeTaxExpense": 11600000,
    "netIncome": 84700000,
    "netIncomeRatio": 0.1069309431,
    "eps": 0.34,
    "epsdiluted": 0.34,
    "weightedAverageShsOut": 250700000,
    "weightedAverageShsOutDil": 252800000,
    "link": "https://www.sec.gov/Archives/edgar/data/864749/000086474920000148/0000864749-20-000148-index.htm",
    "finalLink": "https://www.sec.gov/Archives/edgar/data/864749/000086474920000148/trmb-20201002.htm"
  },
  {
    "date": "2020-07-03",
    "symbol": "TRMB",
    "reportedCurrency": "USD",
    "cik": "0000864749",
    "fillingDate": "2020-08-07",
    "acceptedDate": "2020-08-07 20:02:40",
    "calendarYear": "2020",
    "period": "Q2",
    "revenue": 733600000,
    "costOfRevenue": 327900000,
    "grossProfit": 405700000,
    "grossProfitRatio": 0.5530261723,
    "researchAndDevelopmentExpenses": 114000000,
    "generalAndAdministrativeExpenses": 68800000,
    "sellingAndMarketingExpenses": 103600000,
    "sellingGeneralAndAdministrativeExpenses": 172400000,
    "otherExpenses": 3200000,
    "operatingExpenses": 303000000,
    "costAndExpenses": 630900000,
    "interestIncome": 0,
    "interestExpense": 19600000,
    "depreciationAndAmortization": 49500000,
    "ebitda": 152600000,
    "ebitdaratio": 0.2080152672,
    "operatingIncome": 97600000,
    "operatingIncomeRatio": 0.13304253,
    "totalOtherIncomeExpensesNet": -6700000,
    "incomeBeforeTax": 90900000,
    "incomeBeforeTaxRatio": 0.1239094875,
    "incomeTaxExpense": 27700000,
    "netIncome": 63000000,
    "netIncomeRatio": 0.0858778626,
    "eps": 0.25,
    "epsdiluted": 0.25,
    "weightedAverageShsOut": 250000000,
    "weightedAverageShsOutDil": 251200000,
    "link": "https://www.sec.gov/Archives/edgar/data/864749/000086474920000118/0000864749-20-000118-index.htm",
    "finalLink": "https://www.sec.gov/Archives/edgar/data/864749/000086474920000118/trmb-2ndquarter2020x10q.htm"
  },
  {
    "date": "2020-04-03",
    "symbol": "TRMB",
    "reportedCurrency": "USD",
    "cik": "0000864749",
    "fillingDate": "2020-05-08",
    "acceptedDate": "2020-05-08 16:41:58",
    "calendarYear": "2020",
    "period": "Q1",
    "revenue": 792300000,
    "costOfRevenue": 351300000,
    "grossProfit": 441000000,
    "grossProfitRatio": 0.5566073457,
    "researchAndDevelopmentExpenses": 118200000,
    "generalAndAdministrativeExpenses": 73000000,
    "sellingAndMarketingExpenses": 131700000,
    "sellingGeneralAndAdministrativeExpenses": 204700000,
    "otherExpenses": -7800000,
    "operatingExpenses": 339800000,
    "costAndExpenses": 691100000,
    "interestIncome": 0,
    "interestExpense": 20500000,
    "depreciationAndAmortization": 50200000,
    "ebitda": 153400000,
    "ebitdaratio": 0.1936135302,
    "operatingIncome": 98300000,
    "operatingIncomeRatio": 0.1240691657,
    "totalOtherIncomeExpensesNet": -18900000,
    "incomeBeforeTax": 79400000,
    "incomeBeforeTaxRatio": 0.1002145652,
    "incomeTaxExpense": 17500000,
    "netIncome": 61900000,
    "netIncomeRatio": 0.0781269721,
    "eps": 0.25,
    "epsdiluted": 0.25,
    "weightedAverageShsOut": 249900000,
    "weightedAverageShsOutDil": 251700000,
    "link": "https://www.sec.gov/Archives/edgar/data/864749/000086474920000052/0000864749-20-000052-index.htm",
    "finalLink": "https://www.sec.gov/Archives/edgar/data/864749/000086474920000052/trmb-1stquarter2020x10q.htm"
  },
  {
    "date": "2020-01-03",
    "symbol": "TRMB",
    "reportedCurrency": "USD",
    "cik": "0000864749",
    "fillingDate": "2020-02-28",
    "acceptedDate": "2020-02-28 15:46:26",
    "calendarYear": "2019",
    "period": "Q4",
    "revenue": 824000000,
    "costOfRevenue": 364000000,
    "grossProfit": 460000000,
    "grossProfitRatio": 0.5582524272,
    "researchAndDevelopmentExpenses": 119600000,
    "generalAndAdministrativeExpenses": 90700000,
    "sellingAndMarketingExpenses": 128300000,
    "sellingGeneralAndAdministrativeExpenses": 219000000,
    "otherExpenses": 2000000,
    "operatingExpenses": 355000000,
    "costAndExpenses": 719000000,
    "interestIncome": 0,
    "interestExpense": 20200000,
    "depreciationAndAmortization": 48900000,
    "ebitda": 175300000,
    "ebitdaratio": 0.2127427184,
    "operatingIncome": 88200000,
    "operatingIncomeRatio": 0.107038835,
    "totalOtherIncomeExpensesNet": -12900000,
    "incomeBeforeTax": 75300000,
    "incomeBeforeTaxRatio": 0.0913834951,
    "incomeTaxExpense": -204100000,
    "netIncome": 279300000,
    "netIncomeRatio": 0.3389563107,
    "eps": 1.12,
    "epsdiluted": 1.11,
    "weightedAverageShsOut": 249500000,
    "weightedAverageShsOutDil": 251600000,
    "link": "https://www.sec.gov/Archives/edgar/data/864749/000086474920000029/0000864749-20-000029-index.htm",
    "finalLink": "https://www.sec.gov/Archives/edgar/data/864749/000086474920000029/trmb201910k.htm"
  },
  {
    "date": "2019-09-27",
    "symbol": "TRMB",
    "reportedCurrency": "USD",
    "cik": "0000864749",
    "fillingDate": "2019-11-04",
    "acceptedDate": "2019-11-04 15:50:55",
    "calendarYear": "2019",
    "period": "Q3",
    "revenue": 783900000,
    "costOfRevenue": 361900000,
    "grossProfit": 422000000,
    "grossProfitRatio": 0.5383339712,
    "researchAndDevelopmentExpenses": 112300000,
    "generalAndAdministrativeExpenses": 77200000,
    "sellingAndMarketingExpenses": 119700000,
    "sellingGeneralAndAdministrativeExpenses": 196900000,
    "otherExpenses": -400000,
    "operatingExpenses": 326700000,
    "costAndExpenses": 688600000,
    "interestIncome": 0,
    "interestExpense": 19700000,
    "depreciationAndAmortization": 50200000,
    "ebitda": 145500000,
    "ebitdaratio": 0.1856104095,
    "operatingIncome": 91700000,
    "operatingIncomeRatio": 0.1169792065,
    "totalOtherIncomeExpensesNet": -12800000,
    "incomeBeforeTax": 78900000,
    "incomeBeforeTaxRatio": 0.1006505932,
    "incomeTaxExpense": 800000,
    "netIncome": 78100000,
    "netIncomeRatio": 0.0996300549,
    "eps": 0.31,
    "epsdiluted": 0.31,
    "weightedAverageShsOut": 250400000,
    "weightedAverageShsOutDil": 252100000,
    "link": "https://www.sec.gov/Archives/edgar/data/864749/000086474919000151/0000864749-19-000151-index.htm",
    "finalLink": "https://www.sec.gov/Archives/edgar/data/864749/000086474919000151/trmb-3rdquarter2019x10q.htm"
  },
  {
    "date": "2019-06-28",
    "symbol": "TRMB",
    "reportedCurrency": "USD",
    "cik": "0000864749",
    "fillingDate": "2019-08-02",
    "acceptedDate": "2019-08-02 17:05:27",
    "calendarYear": "2019",
    "period": "Q2",
    "revenue": 854800000,
    "costOfRevenue": 394200000,
    "grossProfit": 460600000,
    "grossProfitRatio": 0.5388394946,
    "researchAndDevelopmentExpenses": 119600000,
    "generalAndAdministrativeExpenses": 79900000,
    "sellingAndMarketingExpenses": 128800000,
    "sellingGeneralAndAdministrativeExpenses": 208700000,
    "otherExpenses": 14400000,
    "operatingExpenses": 348000000,
    "costAndExpenses": 742200000,
    "interestIncome": 0,
    "interestExpense": 20600000,
    "depreciationAndAmortization": 53600000,
    "ebitda": 166200000,
    "ebitdaratio": 0.194431446,
    "operatingIncome": 109700000,
    "operatingIncomeRatio": 0.1283341132,
    "totalOtherIncomeExpensesNet": 5700000,
    "incomeBeforeTax": 115400000,
    "incomeBeforeTaxRatio": 0.1350023397,
    "incomeTaxExpense": 20800000,
    "netIncome": 94600000,
    "netIncomeRatio": 0.1106691624,
    "eps": 0.38,
    "epsdiluted": 0.37,
    "weightedAverageShsOut": 251700000,
    "weightedAverageShsOutDil": 254000000,
    "link": "https://www.sec.gov/Archives/edgar/data/864749/000086474919000132/0000864749-19-000132-index.htm",
    "finalLink": "https://www.sec.gov/Archives/edgar/data/864749/000086474919000132/trmb-2ndquarter2019x10q.htm"
  },
  {
    "date": "2019-03-29",
    "symbol": "TRMB",
    "reportedCurrency": "USD",
    "cik": "0000864749",
    "fillingDate": "2019-05-07",
    "acceptedDate": "2019-05-07 17:24:05",
    "calendarYear": "2019",
    "period": "Q1",
    "revenue": 801600000,
    "costOfRevenue": 363300000,
    "grossProfit": 438300000,
    "grossProfitRatio": 0.5467814371,
    "researchAndDevelopmentExpenses": 118200000,
    "generalAndAdministrativeExpenses": 82800000,
    "sellingAndMarketingExpenses": 127400000,
    "sellingGeneralAndAdministrativeExpenses": 210200000,
    "otherExpenses": 2900000,
    "operatingExpenses": 348500000,
    "costAndExpenses": 711800000,
    "interestIncome": 0,
    "interestExpense": 21900000,
    "depreciationAndAmortization": 54500000,
    "ebitda": 144500000,
    "ebitdaratio": 0.1802644711,
    "operatingIncome": 86300000,
    "operatingIncomeRatio": 0.1076596806,
    "totalOtherIncomeExpensesNet": -11100000,
    "incomeBeforeTax": 75200000,
    "incomeBeforeTaxRatio": 0.0938123752,
    "incomeTaxExpense": 12800000,
    "netIncome": 62300000,
    "netIncomeRatio": 0.0777195609,
    "eps": 0.25,
    "epsdiluted": 0.25,
    "weightedAverageShsOut": 251500000,
    "weightedAverageShsOutDil": 254000000,
    "link": "https://www.sec.gov/Archives/edgar/data/864749/000086474919000069/0000864749-19-000069-index.htm",
    "finalLink": "https://www.sec.gov/Archives/edgar/data/864749/000086474919000069/trmb-1stquarter2019x10q.htm"
  },
  {
    "date": "2018-12-28",
    "symbol": "TRMB",
    "reportedCurrency": "USD",
    "cik": "0000864749",
    "fillingDate": "2019-02-22",
    "acceptedDate": "2019-02-21 20:05:10",
    "calendarYear": "2018",
    "period": "Q4",
    "revenue": 785500000,
    "costOfRevenue": 350300000,
    "grossProfit": 435200000,
    "grossProfitRatio": 0.5540420115,
    "researchAndDevelopmentExpenses": 112600000,
    "generalAndAdministrativeExpenses": 87200000,
    "sellingAndMarketingExpenses": 125200000,
    "sellingGeneralAndAdministrativeExpenses": 212400000,
    "otherExpenses": -4600000,
    "operatingExpenses": 343700000,
    "costAndExpenses": 694000000,
    "interestIncome": 0,
    "interestExpense": 22400000,
    "depreciationAndAmortization": 56100000,
    "ebitda": 184700000,
    "ebitdaratio": 0.2351368555,
    "operatingIncome": 89600000,
    "operatingIncomeRatio": 0.1140674729,
    "totalOtherIncomeExpensesNet": -21600000,
    "incomeBeforeTax": 68000000,
    "incomeBeforeTaxRatio": 0.0865690643,
    "incomeTaxExpense": -18800000,
    "netIncome": 86500000,
    "netIncomeRatio": 0.1101209421,
    "eps": 0.34,
    "epsdiluted": 0.34,
    "weightedAverageShsOut": 251400000,
    "weightedAverageShsOutDil": 254600000,
    "link": "https://www.sec.gov/Archives/edgar/data/864749/000086474919000006/0000864749-19-000006-index.htm",
    "finalLink": "https://www.sec.gov/Archives/edgar/data/864749/000086474919000006/trmb201810k.htm"
  },
  {
    "date": "2018-09-28",
    "symbol": "TRMB",
    "reportedCurrency": "USD",
    "cik": "0000864749",
    "fillingDate": "2018-11-05",
    "acceptedDate": "2018-11-05 17:19:49",
    "calendarYear": "2018",
    "period": "Q3",
    "revenue": 795200000,
    "costOfRevenue": 368300000,
    "grossProfit": 426900000,
    "grossProfitRatio": 0.5368460765,
    "researchAndDevelopmentExpenses": 114100000,
    "generalAndAdministrativeExpenses": 91600000,
    "sellingAndMarketingExpenses": 119700000,
    "sellingGeneralAndAdministrativeExpenses": 211300000,
    "otherExpenses": 700000,
    "operatingExpenses": 347000000,
    "costAndExpenses": 715300000,
    "interestIncome": 0,
    "interestExpense": 22700000,
    "depreciationAndAmortization": 58800000,
    "ebitda": 138800000,
    "ebitdaratio": 0.1745472837,
    "operatingIncome": 77400000,
    "operatingIncomeRatio": 0.097334004,
    "totalOtherIncomeExpensesNet": -13300000,
    "incomeBeforeTax": 64100000,
    "incomeBeforeTaxRatio": 0.0806086519,
    "incomeTaxExpense": -9600000,
    "netIncome": 73700000,
    "netIncomeRatio": 0.0926810865,
    "eps": 0.29,
    "epsdiluted": 0.29,
    "weightedAverageShsOut": 250500000,
    "weightedAverageShsOutDil": 253600000,
    "link": "https://www.sec.gov/Archives/edgar/data/864749/000086474918000095/0000864749-18-000095-index.htm",
    "finalLink": "https://www.sec.gov/Archives/edgar/data/864749/000086474918000095/trmb-3rdquarter2018x10q.htm"
  },
  {
    "date": "2018-06-29",
    "symbol": "TRMB",
    "reportedCurrency": "USD",
    "cik": "0000864749",
    "fillingDate": "2018-08-03",
    "acceptedDate": "2018-08-03 16:58:07",
    "calendarYear": "2018",
    "period": "Q2",
    "revenue": 785500000,
    "costOfRevenue": 362800000,
    "grossProfit": 422700000,
    "grossProfitRatio": 0.5381285805,
    "researchAndDevelopmentExpenses": 110100000,
    "generalAndAdministrativeExpenses": 89400000,
    "sellingAndMarketingExpenses": 112800000,
    "sellingGeneralAndAdministrativeExpenses": 202200000,
    "otherExpenses": 1800000,
    "operatingExpenses": 331000000,
    "costAndExpenses": 693800000,
    "interestIncome": 0,
    "interestExpense": 18600000,
    "depreciationAndAmortization": 51300000,
    "ebitda": 143600000,
    "ebitdaratio": 0.1828134946,
    "operatingIncome": 89500000,
    "operatingIncomeRatio": 0.1139401655,
    "totalOtherIncomeExpensesNet": -10300000,
    "incomeBeforeTax": 79200000,
    "incomeBeforeTaxRatio": 0.1008274984,
    "incomeTaxExpense": 15100000,
    "netIncome": 64100000,
    "netIncomeRatio": 0.0816040738,
    "eps": 0.26,
    "epsdiluted": 0.25,
    "weightedAverageShsOut": 249500000,
    "weightedAverageShsOutDil": 252200000,
    "link": "https://www.sec.gov/Archives/edgar/data/864749/000086474918000077/0000864749-18-000077-index.htm",
    "finalLink": "https://www.sec.gov/Archives/edgar/data/864749/000086474918000077/trmb-2ndquarter2018x10q.htm"
  },
  {
    "date": "2018-03-30",
    "symbol": "TRMB",
    "reportedCurrency": "USD",
    "cik": "0000864749",
    "fillingDate": "2018-05-09",
    "acceptedDate": "2018-05-08 18:45:04",
    "calendarYear": "2018",
    "period": "Q1",
    "revenue": 742200000,
    "costOfRevenue": 346000000,
    "grossProfit": 396200000,
    "grossProfitRatio": 0.5338183778,
    "researchAndDevelopmentExpenses": 109300000,
    "generalAndAdministrativeExpenses": 81600000,
    "sellingAndMarketingExpenses": 122100000,
    "sellingGeneralAndAdministrativeExpenses": 203700000,
    "otherExpenses": 3400000,
    "operatingExpenses": 330400000,
    "costAndExpenses": 676400000,
    "interestIncome": 0,
    "interestExpense": 9500000,
    "depreciationAndAmortization": 49000000,
    "ebitda": 116600000,
    "ebitdaratio": 0.157100512,
    "operatingIncome": 64200000,
    "operatingIncomeRatio": 0.0864995958,
    "totalOtherIncomeExpensesNet": 2500000,
    "incomeBeforeTax": 66700000,
    "incomeBeforeTaxRatio": 0.0898679601,
    "incomeTaxExpense": 8000000,
    "netIncome": 58500000,
    "netIncomeRatio": 0.0788197251,
    "eps": 0.24,
    "epsdiluted": 0.23,
    "weightedAverageShsOut": 248800000,
    "weightedAverageShsOutDil": 253200000,
    "link": "https://www.sec.gov/Archives/edgar/data/864749/000086474918000067/0000864749-18-000067-index.htm",
    "finalLink": "https://www.sec.gov/Archives/edgar/data/864749/000086474918000067/trmb-1stquarter2018x10q.htm"
  },
  {
    "date": "2017-12-29",
    "symbol": "TRMB",
    "reportedCurrency": "USD",
    "cik": "0000864749",
    "fillingDate": "2018-02-27",
    "acceptedDate": "2018-02-26 18:52:15",
    "calendarYear": "2017",
    "period": "Q4",
    "revenue": 708400000,
    "costOfRevenue": 338400000,
    "grossProfit": 370000000,
    "grossProfitRatio": 0.5223037832,
    "researchAndDevelopmentExpenses": 98100000,
    "generalAndAdministrativeExpenses": 83900000,
    "sellingAndMarketingExpenses": 108400000,
    "sellingGeneralAndAdministrativeExpenses": 192300000,
    "otherExpenses": -6900000,
    "operatingExpenses": 306800000,
    "costAndExpenses": 645200000,
    "interestIncome": 0,
    "interestExpense": 6600000,
    "depreciationAndAmortization": 47900000,
    "ebitda": 113700000,
    "ebitdaratio": 0.1605025409,
    "operatingIncome": 62800000,
    "operatingIncomeRatio": 0.08865048,
    "totalOtherIncomeExpensesNet": 600000,
    "incomeBeforeTax": 56300000,
    "incomeBeforeTaxRatio": 0.079474873,
    "incomeTaxExpense": 91200000,
    "netIncome": -35000000,
    "netIncomeRatio": -0.0494071146,
    "eps": -0.14,
    "epsdiluted": -0.14,
    "weightedAverageShsOut": 249386952,
    "weightedAverageShsOutDil": 250900000,
    "link": "https://www.sec.gov/Archives/edgar/data/864749/000086474918000010/0000864749-18-000010-index.htm",
    "finalLink": "https://www.sec.gov/Archives/edgar/data/864749/000086474918000010/trmb201710k.htm"
  },
  {
    "date": "2017-09-29",
    "symbol": "TRMB",
    "reportedCurrency": "USD",
    "cik": "0000864749",
    "fillingDate": "2017-11-07",
    "acceptedDate": "2017-11-07 16:43:34",
    "calendarYear": "2017",
    "period": "Q3",
    "revenue": 670000000,
    "costOfRevenue": 320500000,
    "grossProfit": 349500000,
    "grossProfitRatio": 0.521641791,
    "researchAndDevelopmentExpenses": 92600000,
    "generalAndAdministrativeExpenses": 74000000,
    "sellingAndMarketingExpenses": 100600000,
    "sellingGeneralAndAdministrativeExpenses": 174600000,
    "otherExpenses": 1600000,
    "operatingExpenses": 284200000,
    "costAndExpenses": 604700000,
    "interestIncome": 0,
    "interestExpense": 6300000,
    "depreciationAndAmortization": 48700000,
    "ebitda": 118800000,
    "ebitdaratio": 0.1773134328,
    "operatingIncome": 64000000,
    "operatingIncomeRatio": 0.0955223881,
    "totalOtherIncomeExpensesNet": 5600000,
    "incomeBeforeTax": 69600000,
    "incomeBeforeTaxRatio": 0.103880597,
    "incomeTaxExpense": 13900000,
    "netIncome": 55700000,
    "netIncomeRatio": 0.0831343284,
    "eps": 0.22,
    "epsdiluted": 0.22,
    "weightedAverageShsOut": 252600000,
    "weightedAverageShsOutDil": 257900000,
    "link": "https://www.sec.gov/Archives/edgar/data/864749/000086474917000073/0000864749-17-000073-index.htm",
    "finalLink": "https://www.sec.gov/Archives/edgar/data/864749/000086474917000073/trmb-3rdquarter2017x10q.htm"
  },
  {
    "date": "2017-06-30",
    "symbol": "TRMB",
    "reportedCurrency": "USD",
    "cik": "0000864749",
    "fillingDate": "2017-08-08",
    "acceptedDate": "2017-08-07 20:33:22",
    "calendarYear": "2017",
    "period": "Q2",
    "revenue": 661900000,
    "costOfRevenue": 315400000,
    "grossProfit": 346500000,
    "grossProfitRatio": 0.5234929748,
    "researchAndDevelopmentExpenses": 90800000,
    "generalAndAdministrativeExpenses": 75100000,
    "sellingAndMarketingExpenses": 100400000,
    "sellingGeneralAndAdministrativeExpenses": 175500000,
    "otherExpenses": 1100000,
    "operatingExpenses": 281600000,
    "costAndExpenses": 597000000,
    "interestIncome": 0,
    "interestExpense": 6000000,
    "depreciationAndAmortization": 44600000,
    "ebitda": 106900000,
    "ebitdaratio": 0.161504759,
    "operatingIncome": 62600000,
    "operatingIncomeRatio": 0.09457622,
    "totalOtherIncomeExpensesNet": 5000000,
    "incomeBeforeTax": 67600000,
    "incomeBeforeTaxRatio": 0.1021302312,
    "incomeTaxExpense": 17700000,
    "netIncome": 49900000,
    "netIncomeRatio": 0.0753890316,
    "eps": 0.2,
    "epsdiluted": 0.19,
    "weightedAverageShsOut": 253000000,
    "weightedAverageShsOutDil": 257100000,
    "link": "https://www.sec.gov/Archives/edgar/data/864749/000086474917000066/0000864749-17-000066-index.htm",
    "finalLink": "https://www.sec.gov/Archives/edgar/data/864749/000086474917000066/trmb-2ndquarter2017x10q.htm"
  },
  {
    "date": "2017-03-31",
    "symbol": "TRMB",
    "reportedCurrency": "USD",
    "cik": "0000864749",
    "fillingDate": "2017-05-08",
    "acceptedDate": "2017-05-08 17:29:35",
    "calendarYear": "2017",
    "period": "Q1",
    "revenue": 613900000,
    "costOfRevenue": 287300000,
    "grossProfit": 326600000,
    "grossProfitRatio": 0.5320084704,
    "researchAndDevelopmentExpenses": 88700000,
    "generalAndAdministrativeExpenses": 69300000,
    "sellingAndMarketingExpenses": 94800000,
    "sellingGeneralAndAdministrativeExpenses": 164100000,
    "otherExpenses": 9500000,
    "operatingExpenses": 267100000,
    "costAndExpenses": 554400000,
    "interestIncome": 0,
    "interestExpense": 6100000,
    "depreciationAndAmortization": 42200000,
    "ebitda": 100400000,
    "ebitdaratio": 0.1635445512,
    "operatingIncome": 56600000,
    "operatingIncomeRatio": 0.0921974263,
    "totalOtherIncomeExpensesNet": 9000000,
    "incomeBeforeTax": 65600000,
    "incomeBeforeTaxRatio": 0.1068577944,
    "incomeTaxExpense": 15100000,
    "netIncome": 50500000,
    "netIncomeRatio": 0.0822609546,
    "eps": 0.2,
    "epsdiluted": 0.2,
    "weightedAverageShsOut": 252000000,
    "weightedAverageShsOutDil": 255900000,
    "link": "https://www.sec.gov/Archives/edgar/data/864749/000086474917000038/0000864749-17-000038-index.htm",
    "finalLink": "https://www.sec.gov/Archives/edgar/data/864749/000086474917000038/trmb-1stquarter2017x10q.htm"
  },
  {
    "date": "2016-12-30",
    "symbol": "TRMB",
    "reportedCurrency": "USD",
    "cik": "0000864749",
    "fillingDate": "2017-02-24",
    "acceptedDate": "2017-02-24 17:27:06",
    "calendarYear": "2016",
    "period": "Q4",
    "revenue": 585500000,
    "costOfRevenue": 272700000,
    "grossProfit": 312800000,
    "grossProfitRatio": 0.5342442357,
    "researchAndDevelopmentExpenses": 83000000,
    "generalAndAdministrativeExpenses": 62900000,
    "sellingAndMarketingExpenses": 94900000,
    "sellingGeneralAndAdministrativeExpenses": 157800000,
    "otherExpenses": 4200000,
    "operatingExpenses": 255700000,
    "costAndExpenses": 528400000,
    "interestIncome": 0,
    "interestExpense": 6100000,
    "depreciationAndAmortization": 42700000,
    "ebitda": 103700000,
    "ebitdaratio": 0.1771135781,
    "operatingIncome": 55300000,
    "operatingIncomeRatio": 0.0944491887,
    "totalOtherIncomeExpensesNet": 1500000,
    "incomeBeforeTax": 56800000,
    "incomeBeforeTaxRatio": 0.0970111016,
    "incomeTaxExpense": 19100000,
    "netIncome": 37700000,
    "netIncomeRatio": 0.0643894108,
    "eps": 0.15,
    "epsdiluted": 0.15,
    "weightedAverageShsOut": 250700000,
    "weightedAverageShsOutDil": 254400000,
    "link": "https://www.sec.gov/Archives/edgar/data/864749/000086474917000007/0000864749-17-000007-index.htm",
    "finalLink": "https://www.sec.gov/Archives/edgar/data/864749/000086474917000007/trmb201610k.htm"
  },
  {
    "date": "2016-09-30",
    "symbol": "TRMB",
    "reportedCurrency": "USD",
    "cik": "0000864749",
    "fillingDate": "2016-11-07",
    "acceptedDate": "2016-11-07 16:54:16",
    "calendarYear": "2016",
    "period": "Q3",
    "revenue": 584100000,
    "costOfRevenue": 275100000,
    "grossProfit": 309000000,
    "grossProfitRatio": 0.5290190036,
    "researchAndDevelopmentExpenses": 86900000,
    "generalAndAdministrativeExpenses": 59200000,
    "sellingAndMarketingExpenses": 88600000,
    "sellingGeneralAndAdministrativeExpenses": 147800000,
    "otherExpenses": -1700000,
    "operatingExpenses": 250200000,
    "costAndExpenses": 525300000,
    "interestIncome": 0,
    "interestExpense": 6600000,
    "depreciationAndAmortization": 46400000,
    "ebitda": 106600000,
    "ebitdaratio": 0.1825029961,
    "operatingIncome": 55300000,
    "operatingIncomeRatio": 0.0946755693,
    "totalOtherIncomeExpensesNet": -3100000,
    "incomeBeforeTax": 52200000,
    "incomeBeforeTaxRatio": 0.0893682589,
    "incomeTaxExpense": 13000000,
    "netIncome": 39200000,
    "netIncomeRatio": 0.0671117959,
    "eps": 0.16,
    "epsdiluted": 0.15,
    "weightedAverageShsOut": 249700000,
    "weightedAverageShsOutDil": 253200000,
    "link": "https://www.sec.gov/Archives/edgar/data/864749/000086474916000159/0000864749-16-000159-index.htm",
    "finalLink": "https://www.sec.gov/Archives/edgar/data/864749/000086474916000159/trmb-3rdquarter2016x10q.htm"
  },
  {
    "date": "2016-07-01",
    "symbol": "TRMB",
    "reportedCurrency": "USD",
    "cik": "0000864749",
    "fillingDate": "2016-08-10",
    "acceptedDate": "2016-08-09 20:34:03",
    "calendarYear": "2016",
    "period": "Q2",
    "revenue": 609600000,
    "costOfRevenue": 294000000,
    "grossProfit": 315600000,
    "grossProfitRatio": 0.5177165354,
    "researchAndDevelopmentExpenses": 92000000,
    "generalAndAdministrativeExpenses": 65600000,
    "sellingAndMarketingExpenses": 97400000,
    "sellingGeneralAndAdministrativeExpenses": 163000000,
    "otherExpenses": 100000,
    "operatingExpenses": 270600000,
    "costAndExpenses": 564600000,
    "interestIncome": 0,
    "interestExpense": 6600000,
    "depreciationAndAmortization": 49300000,
    "ebitda": 95600000,
    "ebitdaratio": 0.156824147,
    "operatingIncome": 40500000,
    "operatingIncomeRatio": 0.0664370079,
    "totalOtherIncomeExpensesNet": -2200000,
    "incomeBeforeTax": 38300000,
    "incomeBeforeTaxRatio": 0.062828084,
    "incomeTaxExpense": 2700000,
    "netIncome": 35700000,
    "netIncomeRatio": 0.0585629921,
    "eps": 0.14,
    "epsdiluted": 0.14,
    "weightedAverageShsOut": 250500000,
    "weightedAverageShsOutDil": 253700000,
    "link": "https://www.sec.gov/Archives/edgar/data/864749/000086474916000138/0000864749-16-000138-index.htm",
    "finalLink": "https://www.sec.gov/Archives/edgar/data/864749/000086474916000138/trmb-2ndquarter2016x10q.htm"
  },
  {
    "date": "2016-04-01",
    "symbol": "TRMB",
    "reportedCurrency": "USD",
    "cik": "0000864749",
    "fillingDate": "2016-05-10",
    "acceptedDate": "2016-05-09 18:34:51",
    "calendarYear": "2016",
    "period": "Q1",
    "revenue": 583000000,
    "costOfRevenue": 282400000,
    "grossProfit": 300600000,
    "grossProfitRatio": 0.5156089194,
    "researchAndDevelopmentExpenses": 87700000,
    "generalAndAdministrativeExpenses": 68300000,
    "sellingAndMarketingExpenses": 96700000,
    "sellingGeneralAndAdministrativeExpenses": 165000000,
    "otherExpenses": 3300000,
    "operatingExpenses": 268900000,
    "costAndExpenses": 551300000,
    "interestIncome": 0,
    "interestExpense": 6600000,
    "depreciationAndAmortization": 49400000,
    "ebitda": 83000000,
    "ebitdaratio": 0.1423670669,
    "operatingIncome": 29900000,
    "operatingIncomeRatio": 0.0512864494,
    "totalOtherIncomeExpensesNet": -500000,
    "incomeBeforeTax": 29400000,
    "incomeBeforeTaxRatio": 0.0504288165,
    "incomeTaxExpense": 9700000,
    "netIncome": 19800000,
    "netIncomeRatio": 0.0339622642,
    "eps": 0.08,
    "epsdiluted": 0.08,
    "weightedAverageShsOut": 251000000,
    "weightedAverageShsOutDil": 254000000,
    "link": "https://www.sec.gov/Archives/edgar/data/864749/000086474916000103/0000864749-16-000103-index.htm",
    "finalLink": "https://www.sec.gov/Archives/edgar/data/864749/000086474916000103/trmb-1stquarter2016x10q.htm"
  },
  {
    "date": "2016-01-01",
    "symbol": "TRMB",
    "reportedCurrency": "USD",
    "cik": "0000864749",
    "fillingDate": "2016-02-24",
    "acceptedDate": "2016-02-24 16:56:02",
    "calendarYear": "2015",
    "period": "Q4",
    "revenue": 559700000,
    "costOfRevenue": 266600000,
    "grossProfit": 293100000,
    "grossProfitRatio": 0.5236733965,
    "researchAndDevelopmentExpenses": 85400000,
    "generalAndAdministrativeExpenses": 63200000,
    "sellingAndMarketingExpenses": 92800000,
    "sellingGeneralAndAdministrativeExpenses": 156000000,
    "otherExpenses": -900000,
    "operatingExpenses": 257800000,
    "costAndExpenses": 524400000,
    "interestIncome": 0,
    "interestExpense": 6500000,
    "depreciationAndAmortization": 49900000,
    "ebitda": 88000000,
    "ebitdaratio": 0.1572270859,
    "operatingIncome": 32900000,
    "operatingIncomeRatio": 0.0587814901,
    "totalOtherIncomeExpensesNet": -4600000,
    "incomeBeforeTax": 28300000,
    "incomeBeforeTaxRatio": 0.0505628015,
    "incomeTaxExpense": 4400000,
    "netIncome": 24000000,
    "netIncomeRatio": 0.0428801143,
    "eps": 0.1,
    "epsdiluted": 0.09,
    "weightedAverageShsOut": 250500000,
    "weightedAverageShsOutDil": 252900000,
    "link": "https://www.sec.gov/Archives/edgar/data/864749/000086474916000092/0000864749-16-000092-index.htm",
    "finalLink": "https://www.sec.gov/Archives/edgar/data/864749/000086474916000092/trmb201510k.htm"
  },
  {
    "date": "2015-10-02",
    "symbol": "TRMB",
    "reportedCurrency": "USD",
    "cik": "0000864749",
    "fillingDate": "2015-11-10",
    "acceptedDate": "2015-11-09 20:28:05",
    "calendarYear": "2015",
    "period": "Q3",
    "revenue": 562300000,
    "costOfRevenue": 264300000,
    "grossProfit": 298000000,
    "grossProfitRatio": 0.5299662102,
    "researchAndDevelopmentExpenses": 79600000,
    "generalAndAdministrativeExpenses": 63200000,
    "sellingAndMarketingExpenses": 89100000,
    "sellingGeneralAndAdministrativeExpenses": 152300000,
    "otherExpenses": -900000,
    "operatingExpenses": 249300000,
    "costAndExpenses": 513600000,
    "interestIncome": 0,
    "interestExpense": 6400000,
    "depreciationAndAmortization": 49800000,
    "ebitda": 101500000,
    "ebitdaratio": 0.1805086253,
    "operatingIncome": 46000000,
    "operatingIncomeRatio": 0.0818068647,
    "totalOtherIncomeExpensesNet": -2500000,
    "incomeBeforeTax": 43500000,
    "incomeBeforeTaxRatio": 0.0773608394,
    "incomeTaxExpense": 6500000,
    "netIncome": 37100000,
    "netIncomeRatio": 0.0659790148,
    "eps": 0.15,
    "epsdiluted": 0.14,
    "weightedAverageShsOut": 254800000,
    "weightedAverageShsOutDil": 257200000,
    "link": "https://www.sec.gov/Archives/edgar/data/864749/000086474915000061/0000864749-15-000061-index.htm",
    "finalLink": "https://www.sec.gov/Archives/edgar/data/864749/000086474915000061/trmb-3rdquarter2015x10q.htm"
  },
  {
    "date": "2015-07-03",
    "symbol": "TRMB",
    "reportedCurrency": "USD",
    "cik": "0000864749",
    "fillingDate": "2015-08-12",
    "acceptedDate": "2015-08-11 19:28:24",
    "calendarYear": "2015",
    "period": "Q2",
    "revenue": 585800000,
    "costOfRevenue": 281900000,
    "grossProfit": 303900000,
    "grossProfitRatio": 0.5187777398,
    "researchAndDevelopmentExpenses": 84500000,
    "generalAndAdministrativeExpenses": 64200000,
    "sellingAndMarketingExpenses": 96200000,
    "sellingGeneralAndAdministrativeExpenses": 160400000,
    "otherExpenses": -300000,
    "operatingExpenses": 262700000,
    "costAndExpenses": 544600000,
    "interestIncome": 0,
    "interestExpense": 6300000,
    "depreciationAndAmortization": 50000000,
    "ebitda": 94300000,
    "ebitdaratio": 0.1609764425,
    "operatingIncome": 36000000,
    "operatingIncomeRatio": 0.0614544213,
    "totalOtherIncomeExpensesNet": -200000,
    "incomeBeforeTax": 35800000,
    "incomeBeforeTaxRatio": 0.0611130079,
    "incomeTaxExpense": 10000000,
    "netIncome": 25900000,
    "netIncomeRatio": 0.044213042,
    "eps": 0.1,
    "epsdiluted": 0.1,
    "weightedAverageShsOut": 258400000,
    "weightedAverageShsOutDil": 261400000,
    "link": "https://www.sec.gov/Archives/edgar/data/864749/000086474915000025/0000864749-15-000025-index.htm",
    "finalLink": "https://www.sec.gov/Archives/edgar/data/864749/000086474915000025/trmb-2ndquarter2015x10q.htm"
  },
  {
    "date": "2015-04-03",
    "symbol": "TRMB",
    "reportedCurrency": "USD",
    "cik": "0000864749",
    "fillingDate": "2015-05-12",
    "acceptedDate": "2015-05-11 20:33:32",
    "calendarYear": "2015",
    "period": "Q1",
    "revenue": 582600000,
    "costOfRevenue": 275400000,
    "grossProfit": 307200000,
    "grossProfitRatio": 0.5272914521,
    "researchAndDevelopmentExpenses": 87200000,
    "generalAndAdministrativeExpenses": 64700000,
    "sellingAndMarketingExpenses": 96500000,
    "sellingGeneralAndAdministrativeExpenses": 161200000,
    "otherExpenses": 7000000,
    "operatingExpenses": 266600000,
    "costAndExpenses": 542000000,
    "interestIncome": 0,
    "interestExpense": 6400000,
    "depreciationAndAmortization": 49400000,
    "ebitda": 93000000,
    "ebitdaratio": 0.1596292482,
    "operatingIncome": 39500000,
    "operatingIncomeRatio": 0.0677995194,
    "totalOtherIncomeExpensesNet": 4700000,
    "incomeBeforeTax": 44200000,
    "incomeBeforeTaxRatio": 0.075866804,
    "incomeTaxExpense": 10200000,
    "netIncome": 34100000,
    "netIncomeRatio": 0.0585307243,
    "eps": 0.13,
    "epsdiluted": 0.13,
    "weightedAverageShsOut": 259400000,
    "weightedAverageShsOutDil": 262400000,
    "link": "https://www.sec.gov/Archives/edgar/data/864749/000086474915000021/0000864749-15-000021-index.htm",
    "finalLink": "https://www.sec.gov/Archives/edgar/data/864749/000086474915000021/trmb-1stquarter2015x10q.htm"
  },
  {
    "date": "2015-01-02",
    "symbol": "TRMB",
    "reportedCurrency": "USD",
    "cik": "0000864749",
    "fillingDate": "2015-02-25",
    "acceptedDate": "2015-02-24 20:09:12",
    "calendarYear": "2014",
    "period": "Q4",
    "revenue": 563830000,
    "costOfRevenue": 271222000,
    "grossProfit": 292608000,
    "grossProfitRatio": 0.5189649362,
    "researchAndDevelopmentExpenses": 80855000,
    "generalAndAdministrativeExpenses": 16924000,
    "sellingAndMarketingExpenses": 98751000,
    "sellingGeneralAndAdministrativeExpenses": 115675000,
    "otherExpenses": 4022000,
    "operatingExpenses": 215323000,
    "costAndExpenses": 486545000,
    "interestIncome": 0,
    "interestExpense": 8859000,
    "depreciationAndAmortization": 49804000,
    "ebitda": 130280000,
    "ebitdaratio": 0.2310625543,
    "operatingIncome": 76889000,
    "operatingIncomeRatio": 0.1363691184,
    "totalOtherIncomeExpensesNet": -5183000,
    "incomeBeforeTax": 71617000,
    "incomeBeforeTaxRatio": 0.1270187823,
    "incomeTaxExpense": 15756000,
    "netIncome": 55828000,
    "netIncomeRatio": 0.0990156607,
    "eps": 0.22,
    "epsdiluted": 0.21,
    "weightedAverageShsOut": 259217000,
    "weightedAverageShsOutDil": 262665000,
    "link": "https://www.sec.gov/Archives/edgar/data/864749/000086474915000002/0000864749-15-000002-index.htm",
    "finalLink": "https://www.sec.gov/Archives/edgar/data/864749/000086474915000002/trmb201410k.htm"
  },
  {
    "date": "2014-10-03",
    "symbol": "TRMB",
    "reportedCurrency": "USD",
    "cik": "0000864749",
    "fillingDate": "2014-11-07",
    "acceptedDate": "2014-11-07 16:57:44",
    "calendarYear": "2014",
    "period": "Q3",
    "revenue": 584796000,
    "costOfRevenue": 268023000,
    "grossProfit": 316773000,
    "grossProfitRatio": 0.5416812016,
    "researchAndDevelopmentExpenses": 78954000,
    "generalAndAdministrativeExpenses": 111399000,
    "sellingAndMarketingExpenses": 95843000,
    "sellingGeneralAndAdministrativeExpenses": 207242000,
    "otherExpenses": -599000,
    "operatingExpenses": 305465000,
    "costAndExpenses": 573488000,
    "interestIncome": 0,
    "interestExpense": 2975000,
    "depreciationAndAmortization": 47773000,
    "ebitda": 115900000,
    "ebitdaratio": 0.1981887701,
    "operatingIncome": 11089000,
    "operatingIncomeRatio": 0.018962168,
    "totalOtherIncomeExpensesNet": -4000000,
    "incomeBeforeTax": 7155000,
    "incomeBeforeTaxRatio": 0.0122350358,
    "incomeTaxExpense": -4720000,
    "netIncome": 11832000,
    "netIncomeRatio": 0.0202326965,
    "eps": 0.05,
    "epsdiluted": 0.04,
    "weightedAverageShsOut": 260329000,
    "weightedAverageShsOutDil": 264419000,
    "link": "https://www.sec.gov/Archives/edgar/data/864749/000086474914000100/0000864749-14-000100-index.htm",
    "finalLink": "https://www.sec.gov/Archives/edgar/data/864749/000086474914000100/trmb-3rdquarter2014x10q.htm"
  },
  {
    "date": "2014-07-04",
    "symbol": "TRMB",
    "reportedCurrency": "USD",
    "cik": "0000864749",
    "fillingDate": "2014-08-08",
    "acceptedDate": "2014-08-07 19:47:55",
    "calendarYear": "2014",
    "period": "Q2",
    "revenue": 642199000,
    "costOfRevenue": 287628000,
    "grossProfit": 354571000,
    "grossProfitRatio": 0.5521201372,
    "researchAndDevelopmentExpenses": 81807000,
    "generalAndAdministrativeExpenses": 61364000,
    "sellingAndMarketingExpenses": 95621000,
    "sellingGeneralAndAdministrativeExpenses": 156985000,
    "otherExpenses": 27000,
    "operatingExpenses": 256648000,
    "costAndExpenses": 544276000,
    "interestIncome": 0,
    "interestExpense": 3164000,
    "depreciationAndAmortization": 45975000,
    "ebitda": 146100000,
    "ebitdaratio": 0.2274995757,
    "operatingIncome": 97134000,
    "operatingIncomeRatio": 0.151252182,
    "totalOtherIncomeExpensesNet": 1634000,
    "incomeBeforeTax": 98768000,
    "incomeBeforeTaxRatio": 0.1537965646,
    "incomeTaxExpense": 20741000,
    "netIncome": 77834000,
    "netIncomeRatio": 0.1211991922,
    "eps": 0.3,
    "epsdiluted": 0.29,
    "weightedAverageShsOut": 261075000,
    "weightedAverageShsOutDil": 265957000,
    "link": "https://www.sec.gov/Archives/edgar/data/864749/000086474914000082/0000864749-14-000082-index.htm",
    "finalLink": "https://www.sec.gov/Archives/edgar/data/864749/000086474914000082/trmb-2ndquarter2014x10q.htm"
  },
  {
    "date": "2014-04-04",
    "symbol": "TRMB",
    "reportedCurrency": "USD",
    "cik": "0000864749",
    "fillingDate": "2014-05-12",
    "acceptedDate": "2014-05-12 17:29:36",
    "calendarYear": "2014",
    "period": "Q1",
    "revenue": 604721000,
    "costOfRevenue": 277829000,
    "grossProfit": 326892000,
    "grossProfitRatio": 0.5405666415,
    "researchAndDevelopmentExpenses": 76376000,
    "generalAndAdministrativeExpenses": 57433000,
    "sellingAndMarketingExpenses": 97354000,
    "sellingGeneralAndAdministrativeExpenses": 154787000,
    "otherExpenses": 13139000,
    "operatingExpenses": 250844000,
    "costAndExpenses": 528673000,
    "interestIncome": 0,
    "interestExpense": 3683000,
    "depreciationAndAmortization": 48089000,
    "ebitda": 125600000,
    "ebitdaratio": 0.2076990877,
    "operatingIncome": 75711000,
    "operatingIncomeRatio": 0.1251998856,
    "totalOtherIncomeExpensesNet": 12764000,
    "incomeBeforeTax": 88475000,
    "incomeBeforeTaxRatio": 0.14630714,
    "incomeTaxExpense": 20350000,
    "netIncome": 68624000,
    "netIncomeRatio": 0.1134804315,
    "eps": 0.26,
    "epsdiluted": 0.26,
    "weightedAverageShsOut": 259789000,
    "weightedAverageShsOutDil": 264784000,
    "link": "https://www.sec.gov/Archives/edgar/data/864749/000086474914000034/0000864749-14-000034-index.htm",
    "finalLink": "https://www.sec.gov/Archives/edgar/data/864749/000086474914000034/trmb-1stquarter2014x10q.htm"
  },
  {
    "date": "2014-01-03",
    "symbol": "TRMB",
    "reportedCurrency": "USD",
    "cik": "0000864749",
    "fillingDate": "2014-02-25",
    "acceptedDate": "2014-02-25 14:06:18",
    "calendarYear": "2013",
    "period": "Q4",
    "revenue": 599218000,
    "costOfRevenue": 279764000,
    "grossProfit": 319454000,
    "grossProfitRatio": 0.533118164,
    "researchAndDevelopmentExpenses": 77636000,
    "generalAndAdministrativeExpenses": 58498000,
    "sellingAndMarketingExpenses": 93669000,
    "sellingGeneralAndAdministrativeExpenses": 152167000,
    "otherExpenses": -1864000,
    "operatingExpenses": 250750000,
    "costAndExpenses": 530514000,
    "interestIncome": 0,
    "interestExpense": 4134000,
    "depreciationAndAmortization": 49234000,
    "ebitda": 122228000,
    "ebitdaratio": 0.2039791862,
    "operatingIncome": 67346000,
    "operatingIncomeRatio": 0.1123898147,
    "totalOtherIncomeExpensesNet": -1054000,
    "incomeBeforeTax": 66292000,
    "incomeBeforeTaxRatio": 0.1106308555,
    "incomeTaxExpense": 6631000,
    "netIncome": 59997000,
    "netIncomeRatio": 0.1001254969,
    "eps": 0.23,
    "epsdiluted": 0.23,
    "weightedAverageShsOut": 258187000,
    "weightedAverageShsOutDil": 262832000,
    "link": "https://www.sec.gov/Archives/edgar/data/864749/000086474914000021/0000864749-14-000021-index.htm",
    "finalLink": "https://www.sec.gov/Archives/edgar/data/864749/000086474914000021/trmb201310k.htm"
  },
  {
    "date": "2013-09-27",
    "symbol": "TRMB",
    "reportedCurrency": "USD",
    "cik": "0000864749",
    "fillingDate": "2013-11-05",
    "acceptedDate": "2013-11-05 14:46:21",
    "calendarYear": "2013",
    "period": "Q3",
    "revenue": 556502000,
    "costOfRevenue": 261449000,
    "grossProfit": 295053000,
    "grossProfitRatio": 0.5301921646,
    "researchAndDevelopmentExpenses": 71622000,
    "generalAndAdministrativeExpenses": 53648000,
    "sellingAndMarketingExpenses": 85507000,
    "sellingGeneralAndAdministrativeExpenses": 139155000,
    "otherExpenses": 268000,
    "operatingExpenses": 231993000,
    "costAndExpenses": 493442000,
    "interestIncome": 0,
    "interestExpense": 4122000,
    "depreciationAndAmortization": 48394000,
    "ebitda": 114731000,
    "ebitdaratio": 0.206164578,
    "operatingIncome": 63029000,
    "operatingIncomeRatio": 0.1132592515,
    "totalOtherIncomeExpensesNet": 483000,
    "incomeBeforeTax": 63512000,
    "incomeBeforeTaxRatio": 0.1141271729,
    "incomeTaxExpense": 8892000,
    "netIncome": 54469000,
    "netIncomeRatio": 0.097877456,
    "eps": 0.21,
    "epsdiluted": 0.21,
    "weightedAverageShsOut": 257037000,
    "weightedAverageShsOutDil": 261137000,
    "link": "https://www.sec.gov/Archives/edgar/data/864749/000086474913000094/0000864749-13-000094-index.htm",
    "finalLink": "https://www.sec.gov/Archives/edgar/data/864749/000086474913000094/trmb-3rdquarter2013x10q.htm"
  },
  {
    "date": "2013-06-28",
    "symbol": "TRMB",
    "reportedCurrency": "USD",
    "cik": "0000864749",
    "fillingDate": "2013-08-05",
    "acceptedDate": "2013-08-02 18:05:54",
    "calendarYear": "2013",
    "period": "Q2",
    "revenue": 576293000,
    "costOfRevenue": 273892000,
    "grossProfit": 302401000,
    "grossProfitRatio": 0.5247348137,
    "researchAndDevelopmentExpenses": 76555000,
    "generalAndAdministrativeExpenses": 52760000,
    "sellingAndMarketingExpenses": 85307000,
    "sellingGeneralAndAdministrativeExpenses": 138067000,
    "otherExpenses": 284000,
    "operatingExpenses": 234530000,
    "costAndExpenses": 508422000,
    "interestIncome": 0,
    "interestExpense": 4255000,
    "depreciationAndAmortization": 46424000,
    "ebitda": 119370000,
    "ebitdaratio": 0.2071342182,
    "operatingIncome": 64905000,
    "operatingIncomeRatio": 0.1126250015,
    "totalOtherIncomeExpensesNet": 3786000,
    "incomeBeforeTax": 68691000,
    "incomeBeforeTaxRatio": 0.1191945764,
    "incomeTaxExpense": 13738000,
    "netIncome": 54581000,
    "netIncomeRatio": 0.0947105032,
    "eps": 0.21,
    "epsdiluted": 0.21,
    "weightedAverageShsOut": 256186000,
    "weightedAverageShsOutDil": 260533000,
    "link": "https://www.sec.gov/Archives/edgar/data/864749/000144530513001847/0001445305-13-001847-index.htm",
    "finalLink": "https://www.sec.gov/Archives/edgar/data/864749/000144530513001847/trmb-2ndquarter2013x10q.htm"
  },
  {
    "date": "2013-03-29",
    "symbol": "TRMB",
    "reportedCurrency": "USD",
    "cik": "0000864749",
    "fillingDate": "2013-05-02",
    "acceptedDate": "2013-05-02 17:21:42",
    "calendarYear": "2013",
    "period": "Q1",
    "revenue": 556111000,
    "costOfRevenue": 269197000,
    "grossProfit": 286914000,
    "grossProfitRatio": 0.5159293738,
    "researchAndDevelopmentExpenses": 73608000,
    "generalAndAdministrativeExpenses": 51970000,
    "sellingAndMarketingExpenses": 83623000,
    "sellingGeneralAndAdministrativeExpenses": 135593000,
    "otherExpenses": 295000,
    "operatingExpenses": 228852000,
    "costAndExpenses": 498049000,
    "interestIncome": 0,
    "interestExpense": 5071000,
    "depreciationAndAmortization": 45525000,
    "ebitda": 104965000,
    "ebitdaratio": 0.1887482895,
    "operatingIncome": 56457000,
    "operatingIncomeRatio": 0.1015210992,
    "totalOtherIncomeExpensesNet": -2088000,
    "incomeBeforeTax": 54369000,
    "incomeBeforeTaxRatio": 0.0977664531,
    "incomeTaxExpense": 5437000,
    "netIncome": 49808000,
    "netIncomeRatio": 0.0895648531,
    "eps": 0.2,
    "epsdiluted": 0.19,
    "weightedAverageShsOut": 255181000,
    "weightedAverageShsOutDil": 260299000,
    "link": "https://www.sec.gov/Archives/edgar/data/864749/000086474913000008/0000864749-13-000008-index.htm",
    "finalLink": "https://www.sec.gov/Archives/edgar/data/864749/000086474913000008/trmb-1stquarter2013x10q.htm"
  },
  {
    "date": "2012-12-28",
    "symbol": "TRMB",
    "reportedCurrency": "USD",
    "cik": "0000864749",
    "fillingDate": "2013-02-25",
    "acceptedDate": "2013-02-25 17:07:39",
    "calendarYear": "2012",
    "period": "Q4",
    "revenue": 515523000,
    "costOfRevenue": 259059000,
    "grossProfit": 256464000,
    "grossProfitRatio": 0.4974831385,
    "researchAndDevelopmentExpenses": 70737000,
    "generalAndAdministrativeExpenses": 53207000,
    "sellingAndMarketingExpenses": 83598000,
    "sellingGeneralAndAdministrativeExpenses": 136805000,
    "otherExpenses": 9115000,
    "operatingExpenses": 225802000,
    "costAndExpenses": 484861000,
    "interestIncome": 0,
    "interestExpense": 4796000,
    "depreciationAndAmortization": 43173000,
    "ebitda": 86953000,
    "ebitdaratio": 0.1686694871,
    "operatingIncome": 30329000,
    "operatingIncomeRatio": 0.0588315167,
    "totalOtherIncomeExpensesNet": -17473000,
    "incomeBeforeTax": 38984000,
    "incomeBeforeTaxRatio": 0.0756202924,
    "incomeTaxExpense": 6305000,
    "netIncome": 33186000,
    "netIncomeRatio": 0.0643734615,
    "eps": 0.13,
    "epsdiluted": 0.13,
    "weightedAverageShsOut": 253314000,
    "weightedAverageShsOutDil": 258236000,
    "link": "https://www.sec.gov/Archives/edgar/data/864749/000086474913000005/0000864749-13-000005-index.htm",
    "finalLink": "https://www.sec.gov/Archives/edgar/data/864749/000086474913000005/trmb201210k.htm"
  },
  {
    "date": "2012-09-28",
    "symbol": "TRMB",
    "reportedCurrency": "USD",
    "cik": "0000864749",
    "fillingDate": "2012-11-07",
    "acceptedDate": "2012-11-06 20:04:52",
    "calendarYear": "2012",
    "period": "Q3",
    "revenue": 504763000,
    "costOfRevenue": 241896000,
    "grossProfit": 262867000,
    "grossProfitRatio": 0.5207731153,
    "researchAndDevelopmentExpenses": 61181000,
    "generalAndAdministrativeExpenses": 45722000,
    "sellingAndMarketingExpenses": 76481000,
    "sellingGeneralAndAdministrativeExpenses": 122203000,
    "otherExpenses": 15712000,
    "operatingExpenses": 199096000,
    "costAndExpenses": 440992000,
    "interestIncome": 0,
    "interestExpense": 3925000,
    "depreciationAndAmortization": 37050000,
    "ebitda": 107797000,
    "ebitdaratio": 0.213559631,
    "operatingIncome": 63470000,
    "operatingIncomeRatio": 0.12574218,
    "totalOtherIncomeExpensesNet": 3352000,
    "incomeBeforeTax": 66822000,
    "incomeBeforeTaxRatio": 0.1323829203,
    "incomeTaxExpense": 13022000,
    "netIncome": 53364000,
    "netIncomeRatio": 0.1057209027,
    "eps": 0.21,
    "epsdiluted": 0.21,
    "weightedAverageShsOut": 251742000,
    "weightedAverageShsOutDil": 256758000,
    "link": "https://www.sec.gov/Archives/edgar/data/864749/000086474912000035/0000864749-12-000035-index.htm",
    "finalLink": "https://www.sec.gov/Archives/edgar/data/864749/000086474912000035/trmb-3rdquarter2012x10q.htm"
  },
  {
    "date": "2012-06-29",
    "symbol": "TRMB",
    "reportedCurrency": "USD",
    "cik": "0000864749",
    "fillingDate": "2012-08-07",
    "acceptedDate": "2012-08-07 17:06:14",
    "calendarYear": "2012",
    "period": "Q2",
    "revenue": 517560000,
    "costOfRevenue": 249864000,
    "grossProfit": 267696000,
    "grossProfitRatio": 0.5172269882,
    "researchAndDevelopmentExpenses": 64305000,
    "generalAndAdministrativeExpenses": 49987000,
    "sellingAndMarketingExpenses": 77589000,
    "sellingGeneralAndAdministrativeExpenses": 127576000,
    "otherExpenses": 15782000,
    "operatingExpenses": 207663000,
    "costAndExpenses": 457527000,
    "interestIncome": 0,
    "interestExpense": 3773000,
    "depreciationAndAmortization": 34816000,
    "ebitda": 101880000,
    "ebitdaratio": 0.1968467424,
    "operatingIncome": 58921000,
    "operatingIncomeRatio": 0.1138438055,
    "totalOtherIncomeExpensesNet": 4370000,
    "incomeBeforeTax": 63291000,
    "incomeBeforeTaxRatio": 0.122287271,
    "incomeTaxExpense": 10126000,
    "netIncome": 53692000,
    "netIncomeRatio": 0.1037406291,
    "eps": 0.22,
    "epsdiluted": 0.21,
    "weightedAverageShsOut": 250732000,
    "weightedAverageShsOutDil": 256586000,
    "link": "https://www.sec.gov/Archives/edgar/data/864749/000119312512341194/0001193125-12-341194-index.htm",
    "finalLink": "https://www.sec.gov/Archives/edgar/data/864749/000119312512341194/d364605d10q.htm"
  },
  {
    "date": "2012-03-30",
    "symbol": "TRMB",
    "reportedCurrency": "USD",
    "cik": "0000864749",
    "fillingDate": "2012-05-08",
    "acceptedDate": "2012-05-08 17:28:00",
    "calendarYear": "2012",
    "period": "Q1",
    "revenue": 502267000,
    "costOfRevenue": 243117000,
    "grossProfit": 259150000,
    "grossProfitRatio": 0.5159606345,
    "researchAndDevelopmentExpenses": 60235000,
    "generalAndAdministrativeExpenses": 46886000,
    "sellingAndMarketingExpenses": 76024000,
    "sellingGeneralAndAdministrativeExpenses": 122910000,
    "otherExpenses": 15676000,
    "operatingExpenses": 198821000,
    "costAndExpenses": 441938000,
    "interestIncome": 372000,
    "interestExpense": 4235000,
    "depreciationAndAmortization": 34359000,
    "ebitda": 98549000,
    "ebitdaratio": 0.1962083912,
    "operatingIncome": 59848000,
    "operatingIncomeRatio": 0.1191557478,
    "totalOtherIncomeExpensesNet": 479000,
    "incomeBeforeTax": 60327000,
    "incomeBeforeTaxRatio": 0.1201094239,
    "incomeTaxExpense": 10255000,
    "netIncome": 50818000,
    "netIncomeRatio": 0.1011772623,
    "eps": 0.21,
    "epsdiluted": 0.2,
    "weightedAverageShsOut": 248740000,
    "weightedAverageShsOutDil": 255520000,
    "link": "https://www.sec.gov/Archives/edgar/data/864749/000119312512218966/0001193125-12-218966-index.htm",
    "finalLink": "https://www.sec.gov/Archives/edgar/data/864749/000119312512218966/d314926d10q.htm"
  },
  {
    "date": "2011-12-30",
    "symbol": "TRMB",
    "reportedCurrency": "USD",
    "cik": "0000864749",
    "fillingDate": "2012-02-28",
    "acceptedDate": "2012-02-27 21:55:03",
    "calendarYear": "2011",
    "period": "Q4",
    "revenue": 435170000,
    "costOfRevenue": 217412000,
    "grossProfit": 217758000,
    "grossProfitRatio": 0.5003975458,
    "researchAndDevelopmentExpenses": 57555000,
    "generalAndAdministrativeExpenses": 43658000,
    "sellingAndMarketingExpenses": 71445000,
    "sellingGeneralAndAdministrativeExpenses": 115103000,
    "otherExpenses": 15875000,
    "operatingExpenses": 188533000,
    "costAndExpenses": 405945000,
    "interestIncome": 338000,
    "interestExpense": 3431000,
    "depreciationAndAmortization": 34239000,
    "ebitda": 68760000,
    "ebitdaratio": 0.1580072156,
    "operatingIncome": 28712000,
    "operatingIncomeRatio": 0.0659788129,
    "totalOtherIncomeExpensesNet": 2378000,
    "incomeBeforeTax": 31090000,
    "incomeBeforeTaxRatio": 0.071443344,
    "incomeTaxExpense": 2427000,
    "netIncome": 29403000,
    "netIncomeRatio": 0.0675666981,
    "eps": 0.13,
    "epsdiluted": 0.12,
    "weightedAverageShsOut": 248740000,
    "weightedAverageShsOutDil": 255520000,
    "link": "https://www.sec.gov/Archives/edgar/data/864749/000119312512082672/0001193125-12-082672-index.htm",
    "finalLink": "https://www.sec.gov/Archives/edgar/data/864749/000119312512082672/d265370d10k.htm"
  },
  {
    "date": "2011-09-30",
    "symbol": "TRMB",
    "reportedCurrency": "USD",
    "cik": "0000864749",
    "fillingDate": "2011-11-08",
    "acceptedDate": "2011-11-08 16:29:26",
    "calendarYear": "2011",
    "period": "Q3",
    "revenue": 417433000,
    "costOfRevenue": 205874000,
    "grossProfit": 211559000,
    "grossProfitRatio": 0.506809476,
    "researchAndDevelopmentExpenses": 49928000,
    "generalAndAdministrativeExpenses": 44088000,
    "sellingAndMarketingExpenses": 70662000,
    "sellingGeneralAndAdministrativeExpenses": 114750000,
    "otherExpenses": 13786000,
    "operatingExpenses": 178464000,
    "costAndExpenses": 384338000,
    "interestIncome": 422000,
    "interestExpense": 3364000,
    "depreciationAndAmortization": 29614000,
    "ebitda": 62441000,
    "ebitdaratio": 0.1495832864,
    "operatingIncome": 32448000,
    "operatingIncomeRatio": 0.0777322349,
    "totalOtherIncomeExpensesNet": -2563000,
    "incomeBeforeTax": 29885000,
    "incomeBeforeTaxRatio": 0.0715923274,
    "incomeTaxExpense": 2689000,
    "netIncome": 27971000,
    "netIncomeRatio": 0.0670071604,
    "eps": 0.12,
    "epsdiluted": 0.11,
    "weightedAverageShsOut": 245938000,
    "weightedAverageShsOutDil": 251788000,
    "link": "https://www.sec.gov/Archives/edgar/data/864749/000119312511302231/0001193125-11-302231-index.htm",
    "finalLink": "https://www.sec.gov/Archives/edgar/data/864749/000119312511302231/d234589d10q.htm"
  },
  {
    "date": "2011-07-01",
    "symbol": "TRMB",
    "reportedCurrency": "USD",
    "cik": "0000864749",
    "fillingDate": "2011-08-09",
    "acceptedDate": "2011-08-09 16:26:17",
    "calendarYear": "2011",
    "period": "Q2",
    "revenue": 407169000,
    "costOfRevenue": 198435000,
    "grossProfit": 208734000,
    "grossProfitRatio": 0.5126470827,
    "researchAndDevelopmentExpenses": 46292000,
    "generalAndAdministrativeExpenses": 37157000,
    "sellingAndMarketingExpenses": 63490000,
    "sellingGeneralAndAdministrativeExpenses": 100647000,
    "otherExpenses": 9867000,
    "operatingExpenses": 156806000,
    "costAndExpenses": 355241000,
    "interestIncome": 319000,
    "interestExpense": 1350000,
    "depreciationAndAmortization": 21148000,
    "ebitda": 82377000,
    "ebitdaratio": 0.2023164828,
    "operatingIncome": 51567000,
    "operatingIncomeRatio": 0.1266476574,
    "totalOtherIncomeExpensesNet": 8631000,
    "incomeBeforeTax": 60198000,
    "incomeBeforeTaxRatio": 0.1478452436,
    "incomeTaxExpense": 6020000,
    "netIncome": 53679000,
    "netIncomeRatio": 0.1318346927,
    "eps": 0.22,
    "epsdiluted": 0.22,
    "weightedAverageShsOut": 245334000,
    "weightedAverageShsOutDil": 252384000,
    "link": "https://www.sec.gov/Archives/edgar/data/864749/000119312511216550/0001193125-11-216550-index.htm",
    "finalLink": "https://www.sec.gov/Archives/edgar/data/864749/000119312511216550/d10q.htm"
  },
  {
    "date": "2011-04-01",
    "symbol": "TRMB",
    "reportedCurrency": "USD",
    "cik": "0000864749",
    "fillingDate": "2011-05-10",
    "acceptedDate": "2011-05-10 16:03:51",
    "calendarYear": "2011",
    "period": "Q1",
    "revenue": 384293000,
    "costOfRevenue": 192763000,
    "grossProfit": 191530000,
    "grossProfitRatio": 0.4983957553,
    "researchAndDevelopmentExpenses": 43232000,
    "generalAndAdministrativeExpenses": 33472000,
    "sellingAndMarketingExpenses": 61207000,
    "sellingGeneralAndAdministrativeExpenses": 94679000,
    "otherExpenses": 9177000,
    "operatingExpenses": 147088000,
    "costAndExpenses": 339851000,
    "interestIncome": 285000,
    "interestExpense": 496000,
    "depreciationAndAmortization": 20668000,
    "ebitda": 67445000,
    "ebitdaratio": 0.1755041075,
    "operatingIncome": 43675000,
    "operatingIncomeRatio": 0.1136502616,
    "totalOtherIncomeExpensesNet": 2606000,
    "incomeBeforeTax": 46281000,
    "incomeBeforeTaxRatio": 0.1204315457,
    "incomeTaxExpense": 7409000,
    "netIncome": 39703000,
    "netIncomeRatio": 0.1033143981,
    "eps": 0.17,
    "epsdiluted": 0.16,
    "weightedAverageShsOut": 243638000,
    "weightedAverageShsOutDil": 251712000,
    "link": "https://www.sec.gov/Archives/edgar/data/864749/000119312511134178/0001193125-11-134178-index.htm",
    "finalLink": "https://www.sec.gov/Archives/edgar/data/864749/000119312511134178/d10q.htm"
  },
  {
    "date": "2010-12-31",
    "symbol": "TRMB",
    "reportedCurrency": "USD",
    "cik": "0000864749",
    "fillingDate": "2011-03-01",
    "acceptedDate": "2011-02-28 19:01:18",
    "calendarYear": "2010",
    "period": "Q4",
    "revenue": 323349000,
    "costOfRevenue": 160019000,
    "grossProfit": 163330000,
    "grossProfitRatio": 0.505119855,
    "researchAndDevelopmentExpenses": 40750000,
    "generalAndAdministrativeExpenses": 32878000,
    "sellingAndMarketingExpenses": 61609000,
    "sellingGeneralAndAdministrativeExpenses": 94487000,
    "otherExpenses": 8489000,
    "operatingExpenses": 143726000,
    "costAndExpenses": 303745000,
    "interestIncome": 219000,
    "interestExpense": 367000,
    "depreciationAndAmortization": 20362000,
    "ebitda": 42990000,
    "ebitdaratio": 0.1329523209,
    "operatingIncome": 19256000,
    "operatingIncomeRatio": 0.0595517537,
    "totalOtherIncomeExpensesNet": 3005000,
    "incomeBeforeTax": 22261000,
    "incomeBeforeTaxRatio": 0.0688451178,
    "incomeTaxExpense": -13587000,
    "netIncome": 36564000,
    "netIncomeRatio": 0.113079057,
    "eps": 0.15,
    "epsdiluted": 0.15,
    "weightedAverageShsOut": 243638000,
    "weightedAverageShsOutDil": 251712000,
    "link": "https://www.sec.gov/Archives/edgar/data/864749/000119312511050403/0001193125-11-050403-index.htm",
    "finalLink": "https://www.sec.gov/Archives/edgar/data/864749/000119312511050403/d10k.htm"
  },
  {
    "date": "2010-10-01",
    "symbol": "TRMB",
    "reportedCurrency": "USD",
    "cik": "0000864749",
    "fillingDate": "2010-11-09",
    "acceptedDate": "2010-11-08 18:41:44",
    "calendarYear": "2010",
    "period": "Q3",
    "revenue": 318210000,
    "costOfRevenue": 158462000,
    "grossProfit": 159748000,
    "grossProfitRatio": 0.5020206782,
    "researchAndDevelopmentExpenses": 36897000,
    "generalAndAdministrativeExpenses": 29637000,
    "sellingAndMarketingExpenses": 53228000,
    "sellingGeneralAndAdministrativeExpenses": 82865000,
    "otherExpenses": 8078000,
    "operatingExpenses": 127840000,
    "costAndExpenses": 286302000,
    "interestIncome": 221000,
    "interestExpense": 576000,
    "depreciationAndAmortization": 19006000,
    "ebitda": 57911000,
    "ebitdaratio": 0.1819898809,
    "operatingIncome": 31670000,
    "operatingIncomeRatio": 0.0995254706,
    "totalOtherIncomeExpensesNet": 6659000,
    "incomeBeforeTax": 38329000,
    "incomeBeforeTaxRatio": 0.1204519028,
    "incomeTaxExpense": 5487000,
    "netIncome": 32845000,
    "netIncomeRatio": 0.1032180007,
    "eps": 0.14,
    "epsdiluted": 0.14,
    "weightedAverageShsOut": 238948000,
    "weightedAverageShsOutDil": 245738000,
    "link": "https://www.sec.gov/Archives/edgar/data/864749/000119312510252476/0001193125-10-252476-index.htm",
    "finalLink": "https://www.sec.gov/Archives/edgar/data/864749/000119312510252476/d10q.htm"
  },
  {
    "date": "2010-07-02",
    "symbol": "TRMB",
    "reportedCurrency": "USD",
    "cik": "0000864749",
    "fillingDate": "2010-08-10",
    "acceptedDate": "2010-08-10 16:33:09",
    "calendarYear": "2010",
    "period": "Q2",
    "revenue": 333363000,
    "costOfRevenue": 169937000,
    "grossProfit": 163426000,
    "grossProfitRatio": 0.4902343691,
    "researchAndDevelopmentExpenses": 36552000,
    "generalAndAdministrativeExpenses": 27290000,
    "sellingAndMarketingExpenses": 50522000,
    "sellingGeneralAndAdministrativeExpenses": 77812000,
    "otherExpenses": 8126000,
    "operatingExpenses": 122490000,
    "costAndExpenses": 292427000,
    "interestIncome": 244000,
    "interestExpense": 411000,
    "depreciationAndAmortization": 18201000,
    "ebitda": 59459000,
    "ebitdaratio": 0.1783611259,
    "operatingIncome": 40561000,
    "operatingIncomeRatio": 0.1216721712,
    "totalOtherIncomeExpensesNet": 286000,
    "incomeBeforeTax": 40847000,
    "incomeBeforeTaxRatio": 0.1225300948,
    "incomeTaxExpense": 34076000,
    "netIncome": 6353000,
    "netIncomeRatio": 0.0190573039,
    "eps": 0.025,
    "epsdiluted": 0.025,
    "weightedAverageShsOut": 241308000,
    "weightedAverageShsOutDil": 248198000,
    "link": "https://www.sec.gov/Archives/edgar/data/864749/000119312510184842/0001193125-10-184842-index.htm",
    "finalLink": "https://www.sec.gov/Archives/edgar/data/864749/000119312510184842/d10q.htm"
  },
  {
    "date": "2010-04-02",
    "symbol": "TRMB",
    "reportedCurrency": "USD",
    "cik": "0000864749",
    "fillingDate": "2010-05-07",
    "acceptedDate": "2010-05-07 17:05:25",
    "calendarYear": "2010",
    "period": "Q1",
    "revenue": 319015000,
    "costOfRevenue": 160018000,
    "grossProfit": 158997000,
    "grossProfitRatio": 0.4983997618,
    "researchAndDevelopmentExpenses": 35890000,
    "generalAndAdministrativeExpenses": 28547000,
    "sellingAndMarketingExpenses": 49768000,
    "sellingGeneralAndAdministrativeExpenses": 78315000,
    "otherExpenses": 8046000,
    "operatingExpenses": 122251000,
    "costAndExpenses": 282269000,
    "interestIncome": 399000,
    "interestExpense": 398000,
    "depreciationAndAmortization": 18268000,
    "ebitda": 58316000,
    "ebitdaratio": 0.1828001818,
    "operatingIncome": 36115000,
    "operatingIncomeRatio": 0.1132078429,
    "totalOtherIncomeExpensesNet": 3535000,
    "incomeBeforeTax": 39650000,
    "incomeBeforeTaxRatio": 0.1242888265,
    "incomeTaxExpense": 11498000,
    "netIncome": 27898000,
    "netIncomeRatio": 0.0874504334,
    "eps": 0.12,
    "epsdiluted": 0.12,
    "weightedAverageShsOut": 241520000,
    "weightedAverageShsOutDil": 247658000,
    "link": "https://www.sec.gov/Archives/edgar/data/864749/000119312510113050/0001193125-10-113050-index.htm",
    "finalLink": "https://www.sec.gov/Archives/edgar/data/864749/000119312510113050/d10q.htm"
  },
  {
    "date": "2010-01-01",
    "symbol": "TRMB",
    "reportedCurrency": "USD",
    "cik": "0000864749",
    "fillingDate": "2010-02-26",
    "acceptedDate": "2010-02-26 17:24:06",
    "calendarYear": "2009",
    "period": "Q4",
    "revenue": 277529000,
    "costOfRevenue": 146877000,
    "grossProfit": 130652000,
    "grossProfitRatio": 0.4707688206,
    "researchAndDevelopmentExpenses": 35795000,
    "generalAndAdministrativeExpenses": 24929000,
    "sellingAndMarketingExpenses": 48739000,
    "sellingGeneralAndAdministrativeExpenses": 73668000,
    "otherExpenses": 7924000,
    "operatingExpenses": 117387000,
    "costAndExpenses": 264264000,
    "interestIncome": 237000,
    "interestExpense": 404000,
    "depreciationAndAmortization": 18558000,
    "ebitda": 31645000,
    "ebitdaratio": 0.11402412,
    "operatingIncome": 12677000,
    "operatingIncomeRatio": 0.0456781093,
    "totalOtherIncomeExpensesNet": 6000,
    "incomeBeforeTax": 12683000,
    "incomeBeforeTaxRatio": 0.0456997287,
    "incomeTaxExpense": 3414000,
    "netIncome": 9547000,
    "netIncomeRatio": 0.0344000086,
    "eps": 0.039,
    "epsdiluted": 0.038,
    "weightedAverageShsOut": 241520000,
    "weightedAverageShsOutDil": 247658000,
    "link": "https://www.sec.gov/Archives/edgar/data/864749/000114036110008828/0001140361-10-008828-index.htm",
    "finalLink": "https://www.sec.gov/Archives/edgar/data/864749/000114036110008828/form10-k.htm"
  },
  {
    "date": "2009-10-02",
    "symbol": "TRMB",
    "reportedCurrency": "USD",
    "cik": "0000864749",
    "fillingDate": "2009-11-06",
    "acceptedDate": "2009-11-06 14:49:34",
    "calendarYear": "2009",
    "period": "Q3",
    "revenue": 269713000,
    "costOfRevenue": 137255000,
    "grossProfit": 132458000,
    "grossProfitRatio": 0.491107214,
    "researchAndDevelopmentExpenses": 33250000,
    "generalAndAdministrativeExpenses": 23237000,
    "sellingAndMarketingExpenses": 47022000,
    "sellingGeneralAndAdministrativeExpenses": 70259000,
    "otherExpenses": 7912000,
    "operatingExpenses": 111421000,
    "costAndExpenses": 248676000,
    "interestIncome": 124000,
    "interestExpense": 450000,
    "depreciationAndAmortization": 18490000,
    "ebitda": 40501000,
    "ebitdaratio": 0.1501633218,
    "operatingIncome": 20165000,
    "operatingIncomeRatio": 0.0747646572,
    "totalOtherIncomeExpensesNet": 1396000,
    "incomeBeforeTax": 21561000,
    "incomeBeforeTaxRatio": 0.0799405294,
    "incomeTaxExpense": 5714000,
    "netIncome": 15577000,
    "netIncomeRatio": 0.0577539829,
    "eps": 0.065,
    "epsdiluted": 0.065,
    "weightedAverageShsOut": 240094000,
    "weightedAverageShsOutDil": 245708000,
    "link": "https://www.sec.gov/Archives/edgar/data/864749/000114036109025049/0001140361-09-025049-index.htm",
    "finalLink": "https://www.sec.gov/Archives/edgar/data/864749/000114036109025049/form10q.htm"
  },
  {
    "date": "2009-07-03",
    "symbol": "TRMB",
    "reportedCurrency": "USD",
    "cik": "0000864749",
    "fillingDate": "2009-08-10",
    "acceptedDate": "2009-08-10 16:42:26",
    "calendarYear": "2009",
    "period": "Q2",
    "revenue": 290063000,
    "costOfRevenue": 147263000,
    "grossProfit": 142800000,
    "grossProfitRatio": 0.4923068437,
    "researchAndDevelopmentExpenses": 33457000,
    "generalAndAdministrativeExpenses": 26622000,
    "sellingAndMarketingExpenses": 45163000,
    "sellingGeneralAndAdministrativeExpenses": 71785000,
    "otherExpenses": 7530000,
    "operatingExpenses": 112772000,
    "costAndExpenses": 260035000,
    "interestIncome": 223000,
    "interestExpense": 465000,
    "depreciationAndAmortization": 7530000,
    "ebitda": 37781000,
    "ebitdaratio": 0.1302510144,
    "operatingIncome": 28726000,
    "operatingIncomeRatio": 0.0990336582,
    "totalOtherIncomeExpensesNet": 1055000,
    "incomeBeforeTax": 29781000,
    "incomeBeforeTaxRatio": 0.1026707991,
    "incomeTaxExpense": 8631000,
    "netIncome": 20857000,
    "netIncomeRatio": 0.0719050689,
    "eps": 0.085,
    "epsdiluted": 0.085,
    "weightedAverageShsOut": 239102000,
    "weightedAverageShsOutDil": 243794000,
    "link": "https://www.sec.gov/Archives/edgar/data/864749/000114036109018478/0001140361-09-018478-index.htm",
    "finalLink": "https://www.sec.gov/Archives/edgar/data/864749/000114036109018478/form10-q.htm"
  },
  {
    "date": "2009-04-03",
    "symbol": "TRMB",
    "reportedCurrency": "USD",
    "cik": "0000864749",
    "fillingDate": "2009-05-11",
    "acceptedDate": "2009-05-11 16:49:51",
    "calendarYear": "2009",
    "period": "Q1",
    "revenue": 288954000,
    "costOfRevenue": 144996000,
    "grossProfit": 143958000,
    "grossProfitRatio": 0.4982038664,
    "researchAndDevelopmentExpenses": 34137000,
    "generalAndAdministrativeExpenses": 26042000,
    "sellingAndMarketingExpenses": 48935000,
    "sellingGeneralAndAdministrativeExpenses": 74977000,
    "otherExpenses": 6969000,
    "operatingExpenses": 116083000,
    "costAndExpenses": 261079000,
    "interestIncome": 199000,
    "interestExpense": 493000,
    "depreciationAndAmortization": 16761000,
    "ebitda": 40850000,
    "ebitdaratio": 0.1413719831,
    "operatingIncome": 24252000,
    "operatingIncomeRatio": 0.0839303142,
    "totalOtherIncomeExpensesNet": -656000,
    "incomeBeforeTax": 23596000,
    "incomeBeforeTaxRatio": 0.0816600566,
    "incomeTaxExpense": 5899000,
    "netIncome": 17465000,
    "netIncomeRatio": 0.0604421465,
    "eps": 0.075,
    "epsdiluted": 0.07,
    "weightedAverageShsOut": 238520000,
    "weightedAverageShsOutDil": 241852000,
    "link": "https://www.sec.gov/Archives/edgar/data/864749/000114036109011706/0001140361-09-011706-index.htm",
    "finalLink": "https://www.sec.gov/Archives/edgar/data/864749/000114036109011706/form10q.htm"
  },
  {
    "date": "2009-01-02",
    "symbol": "TRMB",
    "reportedCurrency": "USD",
    "cik": "0000864749",
    "fillingDate": "2009-03-03",
    "acceptedDate": "2009-03-02 20:36:00",
    "calendarYear": "2008",
    "period": "Q4",
    "revenue": 268084000,
    "costOfRevenue": 146046000,
    "grossProfit": 122038000,
    "grossProfitRatio": 0.4552229898,
    "researchAndDevelopmentExpenses": 36168000,
    "generalAndAdministrativeExpenses": 0,
    "sellingAndMarketingExpenses": 0,
    "sellingGeneralAndAdministrativeExpenses": 68535000,
    "otherExpenses": 6608000,
    "operatingExpenses": 111311000,
    "costAndExpenses": 257357000,
    "interestIncome": 0,
    "interestExpense": 0,
    "depreciationAndAmortization": 16827000,
    "ebitda": 27554000,
    "ebitdaratio": 0.1027812178,
    "operatingIncome": 10440000,
    "operatingIncomeRatio": 0.0389430179,
    "totalOtherIncomeExpensesNet": -951000,
    "incomeBeforeTax": 9489000,
    "incomeBeforeTaxRatio": 0.0353956223,
    "incomeTaxExpense": -4250000,
    "netIncome": 13739000,
    "netIncomeRatio": 0.0512488623,
    "eps": 0.057,
    "epsdiluted": 0.057,
    "weightedAverageShsOut": 238520000,
    "weightedAverageShsOutDil": 241852000,
    "link": "https://www.sec.gov/Archives/edgar/data/864749/000114036109005551/0001140361-09-005551-index.htm",
    "finalLink": "https://www.sec.gov/Archives/edgar/data/864749/000114036109005551/form10k.htm"
  },
  {
    "date": "2008-09-26",
    "symbol": "TRMB",
    "reportedCurrency": "USD",
    "cik": "0000864749",
    "fillingDate": "2008-11-04",
    "acceptedDate": "2008-11-04 14:34:44",
    "calendarYear": "2008",
    "period": "Q3",
    "revenue": 328087000,
    "costOfRevenue": 162464000,
    "grossProfit": 165623000,
    "grossProfitRatio": 0.5048142718,
    "researchAndDevelopmentExpenses": 35348000,
    "generalAndAdministrativeExpenses": 22072000,
    "sellingAndMarketingExpenses": 48664000,
    "sellingGeneralAndAdministrativeExpenses": 70736000,
    "otherExpenses": 5462000,
    "operatingExpenses": 111546000,
    "costAndExpenses": 274010000,
    "interestIncome": 404000,
    "interestExpense": 214000,
    "depreciationAndAmortization": 16257000,
    "ebitda": 72034000,
    "ebitdaratio": 0.2195576173,
    "operatingIncome": 54056000,
    "operatingIncomeRatio": 0.1647611762,
    "totalOtherIncomeExpensesNet": 1563000,
    "incomeBeforeTax": 55619000,
    "incomeBeforeTaxRatio": 0.1695251564,
    "incomeTaxExpense": 16552000,
    "netIncome": 39067000,
    "netIncomeRatio": 0.1190751234,
    "eps": 0.16,
    "epsdiluted": 0.16,
    "weightedAverageShsOut": 241206000,
    "weightedAverageShsOutDil": 248846000,
    "link": "https://www.sec.gov/Archives/edgar/data/864749/000114036108024277/0001140361-08-024277-index.htm",
    "finalLink": "https://www.sec.gov/Archives/edgar/data/864749/000114036108024277/form10q.htm"
  },
  {
    "date": "2008-06-27",
    "symbol": "TRMB",
    "reportedCurrency": "USD",
    "cik": "0000864749",
    "fillingDate": "2008-08-04",
    "acceptedDate": "2008-08-04 16:29:50",
    "calendarYear": "2008",
    "period": "Q2",
    "revenue": 377767000,
    "costOfRevenue": 190668000,
    "grossProfit": 187099000,
    "grossProfitRatio": 0.4952761888,
    "researchAndDevelopmentExpenses": 39405000,
    "generalAndAdministrativeExpenses": 25289000,
    "sellingAndMarketingExpenses": 51904000,
    "sellingGeneralAndAdministrativeExpenses": 77193000,
    "otherExpenses": 5163000,
    "operatingExpenses": 121761000,
    "costAndExpenses": 312429000,
    "interestIncome": 508000,
    "interestExpense": 413000,
    "depreciationAndAmortization": 15779000,
    "ebitda": 83122000,
    "ebitdaratio": 0.220035101,
    "operatingIncome": 62924000,
    "operatingIncomeRatio": 0.1665682815,
    "totalOtherIncomeExpensesNet": 4119000,
    "incomeBeforeTax": 67043000,
    "incomeBeforeTaxRatio": 0.1774718279,
    "incomeTaxExpense": 18444000,
    "netIncome": 48599000,
    "netIncomeRatio": 0.128648082,
    "eps": 0.2,
    "epsdiluted": 0.2,
    "weightedAverageShsOut": 243046000,
    "weightedAverageShsOutDil": 251424000,
    "link": "https://www.sec.gov/Archives/edgar/data/864749/000114036108018167/0001140361-08-018167-index.htm",
    "finalLink": "https://www.sec.gov/Archives/edgar/data/864749/000114036108018167/form10q.htm"
  },
  {
    "date": "2008-03-28",
    "symbol": "TRMB",
    "reportedCurrency": "USD",
    "cik": "0000864749",
    "fillingDate": "2008-05-06",
    "acceptedDate": "2008-05-06 13:54:45",
    "calendarYear": "2008",
    "period": "Q1",
    "revenue": 355296000,
    "costOfRevenue": 180920000,
    "grossProfit": 174376000,
    "grossProfitRatio": 0.4907907773,
    "researchAndDevelopmentExpenses": 37345000,
    "generalAndAdministrativeExpenses": 22690000,
    "sellingAndMarketingExpenses": 51158000,
    "sellingGeneralAndAdministrativeExpenses": 73848000,
    "otherExpenses": 5143000,
    "operatingExpenses": 116336000,
    "costAndExpenses": 297256000,
    "interestIncome": 457000,
    "interestExpense": 762000,
    "depreciationAndAmortization": 15419000,
    "ebitda": 75992000,
    "ebitdaratio": 0.2138836351,
    "operatingIncome": 58040000,
    "operatingIncomeRatio": 0.1633567504,
    "totalOtherIncomeExpensesNet": 1771000,
    "incomeBeforeTax": 59811000,
    "incomeBeforeTaxRatio": 0.1683413267,
    "incomeTaxExpense": 19744000,
    "netIncome": 40067000,
    "netIncomeRatio": 0.1127707602,
    "eps": 0.17,
    "epsdiluted": 0.16,
    "weightedAverageShsOut": 242934000,
    "weightedAverageShsOutDil": 250318000,
    "link": "https://www.sec.gov/Archives/edgar/data/864749/000114036108011209/0001140361-08-011209-index.htm",
    "finalLink": "https://www.sec.gov/Archives/edgar/data/864749/000114036108011209/form10q.htm"
  },
  {
    "date": "2007-12-28",
    "symbol": "TRMB",
    "reportedCurrency": "USD",
    "cik": "0000864749",
    "fillingDate": "2008-02-26",
    "acceptedDate": "2008-02-26 14:33:13",
    "calendarYear": "2007",
    "period": "Q4",
    "revenue": 312783000,
    "costOfRevenue": 157117000,
    "grossProfit": 155666000,
    "grossProfitRatio": 0.4976805005,
    "researchAndDevelopmentExpenses": 34731000,
    "generalAndAdministrativeExpenses": 0,
    "sellingAndMarketingExpenses": 0,
    "sellingGeneralAndAdministrativeExpenses": 76918000,
    "otherExpenses": 4754000,
    "operatingExpenses": 116403000,
    "costAndExpenses": 273520000,
    "interestIncome": 0,
    "interestExpense": 0,
    "depreciationAndAmortization": 14664000,
    "ebitda": 53927000,
    "ebitdaratio": 0.1724102653,
    "operatingIncome": 39263000,
    "operatingIncomeRatio": 0.1255279219,
    "totalOtherIncomeExpensesNet": 1272000,
    "incomeBeforeTax": 40535000,
    "incomeBeforeTaxRatio": 0.1295946391,
    "incomeTaxExpense": 14244000,
    "netIncome": 26291000,
    "netIncomeRatio": 0.0840550797,
    "eps": 0.11,
    "epsdiluted": 0.11,
    "weightedAverageShsOut": 242934000,
    "weightedAverageShsOutDil": 250318000,
    "link": "https://www.sec.gov/Archives/edgar/data/864749/000114036108005047/0001140361-08-005047-index.htm",
    "finalLink": "https://www.sec.gov/Archives/edgar/data/864749/000114036108005047/form10k.htm"
  },
  {
    "date": "2007-09-28",
    "symbol": "TRMB",
    "reportedCurrency": "USD",
    "cik": "0000864749",
    "fillingDate": "2007-11-05",
    "acceptedDate": "2007-11-02 20:21:48",
    "calendarYear": "2007",
    "period": "Q3",
    "revenue": 296023000,
    "costOfRevenue": 149083000,
    "grossProfit": 146940000,
    "grossProfitRatio": 0.4963803488,
    "researchAndDevelopmentExpenses": 31707000,
    "generalAndAdministrativeExpenses": 21262000,
    "sellingAndMarketingExpenses": 45274000,
    "sellingGeneralAndAdministrativeExpenses": 66536000,
    "otherExpenses": 4911000,
    "operatingExpenses": 103154000,
    "costAndExpenses": 252237000,
    "interestIncome": 0,
    "interestExpense": 0,
    "depreciationAndAmortization": 14585000,
    "ebitda": 43786000,
    "ebitdaratio": 0.1479141823,
    "operatingIncome": 43786000,
    "operatingIncomeRatio": 0.1479141823,
    "totalOtherIncomeExpensesNet": 1089000,
    "incomeBeforeTax": 44875000,
    "incomeBeforeTaxRatio": 0.1515929505,
    "incomeTaxExpense": 17501000,
    "netIncome": 27374000,
    "netIncomeRatio": 0.0924725444,
    "eps": 0.12,
    "epsdiluted": 0.11,
    "weightedAverageShsOut": 241182000,
    "weightedAverageShsOutDil": 251374000,
    "link": "https://www.sec.gov/Archives/edgar/data/864749/000114036107020923/0001140361-07-020923-index.htm",
    "finalLink": "https://www.sec.gov/Archives/edgar/data/864749/000114036107020923/form10q.htm"
  },
  {
    "date": "2007-06-29",
    "symbol": "TRMB",
    "reportedCurrency": "USD",
    "cik": "0000864749",
    "fillingDate": "2007-08-07",
    "acceptedDate": "2007-08-07 14:41:07",
    "calendarYear": "2007",
    "period": "Q2",
    "revenue": 327732000,
    "costOfRevenue": 160563000,
    "grossProfit": 167169000,
    "grossProfitRatio": 0.5100783567,
    "researchAndDevelopmentExpenses": 33867000,
    "generalAndAdministrativeExpenses": 24278000,
    "sellingAndMarketingExpenses": 47546000,
    "sellingGeneralAndAdministrativeExpenses": 71824000,
    "otherExpenses": 5195000,
    "operatingExpenses": 110886000,
    "costAndExpenses": 271449000,
    "interestIncome": 0,
    "interestExpense": 0,
    "depreciationAndAmortization": 14910000,
    "ebitda": 71193000,
    "ebitdaratio": 0.2172293215,
    "operatingIncome": 55950000,
    "operatingIncomeRatio": 0.170718758,
    "totalOtherIncomeExpensesNet": 271000,
    "incomeBeforeTax": 56221000,
    "incomeBeforeTaxRatio": 0.1715456532,
    "incomeTaxExpense": 21195000,
    "netIncome": 35026000,
    "netIncomeRatio": 0.1068739092,
    "eps": 0.14,
    "epsdiluted": 0.14,
    "weightedAverageShsOut": 239242000,
    "weightedAverageShsOutDil": 249168000,
    "link": "https://www.sec.gov/Archives/edgar/data/864749/000114036107015526/0001140361-07-015526-index.htm",
    "finalLink": "https://www.sec.gov/Archives/edgar/data/864749/000114036107015526/form10-q.htm"
  },
  {
    "date": "2007-03-30",
    "symbol": "TRMB",
    "reportedCurrency": "USD",
    "cik": "0000864749",
    "fillingDate": "2007-05-09",
    "acceptedDate": "2007-05-08 20:29:03",
    "calendarYear": "2007",
    "period": "Q1",
    "revenue": 285732000,
    "costOfRevenue": 142602000,
    "grossProfit": 143130000,
    "grossProfitRatio": 0.5009239427,
    "researchAndDevelopmentExpenses": 31163000,
    "generalAndAdministrativeExpenses": 21642000,
    "sellingAndMarketingExpenses": 42147000,
    "sellingGeneralAndAdministrativeExpenses": 63789000,
    "otherExpenses": 4106000,
    "operatingExpenses": 99058000,
    "costAndExpenses": 241660000,
    "interestIncome": 0,
    "interestExpense": 0,
    "depreciationAndAmortization": 12015000,
    "ebitda": 56087000,
    "ebitdaratio": 0.1962923299,
    "operatingIncome": 39268000,
    "operatingIncomeRatio": 0.1374294794,
    "totalOtherIncomeExpensesNet": 2857000,
    "incomeBeforeTax": 42125000,
    "incomeBeforeTaxRatio": 0.1474283594,
    "incomeTaxExpense": 13442000,
    "netIncome": 28683000,
    "netIncomeRatio": 0.1003842762,
    "eps": 0.13,
    "epsdiluted": 0.12,
    "weightedAverageShsOut": 230898000,
    "weightedAverageShsOutDil": 241792000,
    "link": "https://www.sec.gov/Archives/edgar/data/864749/000114036107009402/0001140361-07-009402-index.htm",
    "finalLink": "https://www.sec.gov/Archives/edgar/data/864749/000114036107009402/form10-q.htm"
  },
  {
    "date": "2006-12-29",
    "symbol": "TRMB",
    "reportedCurrency": "USD",
    "cik": "0000864749",
    "fillingDate": "2007-02-23",
    "acceptedDate": "2007-02-23 16:19:45",
    "calendarYear": "2006",
    "period": "Q4",
    "revenue": 234120000,
    "costOfRevenue": 118348000,
    "grossProfit": 115772000,
    "grossProfitRatio": 0.4944985478,
    "researchAndDevelopmentExpenses": 26606000,
    "generalAndAdministrativeExpenses": 0,
    "sellingAndMarketingExpenses": 0,
    "sellingGeneralAndAdministrativeExpenses": 58667000,
    "otherExpenses": 2267000,
    "operatingExpenses": 87540000,
    "costAndExpenses": 205888000,
    "interestIncome": 0,
    "interestExpense": 0,
    "depreciationAndAmortization": 7806000,
    "ebitda": 36038000,
    "ebitdaratio": 0.1539296087,
    "operatingIncome": 27302000,
    "operatingIncomeRatio": 0.1166154109,
    "totalOtherIncomeExpensesNet": 4737000,
    "incomeBeforeTax": 32039000,
    "incomeBeforeTaxRatio": 0.1368486246,
    "incomeTaxExpense": 8054000,
    "netIncome": 23985000,
    "netIncomeRatio": 0.1024474628,
    "eps": 0.1,
    "epsdiluted": 0.1,
    "weightedAverageShsOut": 230898000,
    "weightedAverageShsOutDil": 241792000,
    "link": "https://www.sec.gov/Archives/edgar/data/864749/000114036107004196/0001140361-07-004196-index.htm",
    "finalLink": "https://www.sec.gov/Archives/edgar/data/864749/000114036107004196/form10-k.htm"
  },
  {
    "date": "2006-09-29",
    "symbol": "TRMB",
    "reportedCurrency": "USD",
    "cik": "0000864749",
    "fillingDate": "2006-11-06",
    "acceptedDate": "2006-11-03 18:31:18",
    "calendarYear": "2006",
    "period": "Q3",
    "revenue": 234851000,
    "costOfRevenue": 118660000,
    "grossProfit": 116191000,
    "grossProfitRatio": 0.4947434757,
    "researchAndDevelopmentExpenses": 25180000,
    "generalAndAdministrativeExpenses": 17981000,
    "sellingAndMarketingExpenses": 34902000,
    "sellingGeneralAndAdministrativeExpenses": 52883000,
    "otherExpenses": 1747000,
    "operatingExpenses": 79810000,
    "costAndExpenses": 198470000,
    "interestIncome": 0,
    "interestExpense": 1315000,
    "depreciationAndAmortization": 6432000,
    "ebitda": 42813000,
    "ebitdaratio": 0.1822985638,
    "operatingIncome": 36331000,
    "operatingIncomeRatio": 0.1546980852,
    "totalOtherIncomeExpensesNet": 2657000,
    "incomeBeforeTax": 38988000,
    "incomeBeforeTaxRatio": 0.1660116414,
    "incomeTaxExpense": 13646000,
    "netIncome": 25342000,
    "netIncomeRatio": 0.1079067153,
    "eps": 0.12,
    "epsdiluted": 0.11,
    "weightedAverageShsOut": 221356000,
    "weightedAverageShsOutDil": 233972000,
    "link": "https://www.sec.gov/Archives/edgar/data/864749/000086474906000089/0000864749-06-000089-index.htm",
    "finalLink": "https://www.sec.gov/Archives/edgar/data/864749/000086474906000089/form10q092906.htm"
  },
  {
    "date": "2006-06-30",
    "symbol": "TRMB",
    "reportedCurrency": "USD",
    "cik": "0000864749",
    "fillingDate": "2006-08-07",
    "acceptedDate": "2006-08-07 16:57:06",
    "calendarYear": "2006",
    "period": "Q2",
    "revenue": 245326000,
    "costOfRevenue": 123670000,
    "grossProfit": 121656000,
    "grossProfitRatio": 0.4958952577,
    "researchAndDevelopmentExpenses": 27607000,
    "generalAndAdministrativeExpenses": 16205000,
    "sellingAndMarketingExpenses": 35747000,
    "sellingGeneralAndAdministrativeExpenses": 51952000,
    "otherExpenses": 2408000,
    "operatingExpenses": 81967000,
    "costAndExpenses": 205637000,
    "interestIncome": 0,
    "interestExpense": 598000,
    "depreciationAndAmortization": 7240000,
    "ebitda": 46929000,
    "ebitdaratio": 0.1912924028,
    "operatingIncome": 38669000,
    "operatingIncomeRatio": 0.1576229181,
    "totalOtherIncomeExpensesNet": 2525000,
    "incomeBeforeTax": 41194000,
    "incomeBeforeTaxRatio": 0.1679153453,
    "incomeTaxExpense": 12691000,
    "netIncome": 28503000,
    "netIncomeRatio": 0.1161841794,
    "eps": 0.13,
    "epsdiluted": 0.12,
    "weightedAverageShsOut": 219388000,
    "weightedAverageShsOutDil": 232512000,
    "link": "https://www.sec.gov/Archives/edgar/data/864749/000114036106011264/0001140361-06-011264-index.htm",
    "finalLink": "https://www.sec.gov/Archives/edgar/data/864749/000114036106011264/form10-q.htm"
  },
  {
    "date": "2006-03-31",
    "symbol": "TRMB",
    "reportedCurrency": "USD",
    "cik": "0000864749",
    "fillingDate": "2006-05-04",
    "acceptedDate": "2006-05-04 14:14:13",
    "calendarYear": "2006",
    "period": "Q1",
    "revenue": 225854000,
    "costOfRevenue": 118391000,
    "grossProfit": 107463000,
    "grossProfitRatio": 0.47580738,
    "researchAndDevelopmentExpenses": 24446000,
    "generalAndAdministrativeExpenses": 15761000,
    "sellingAndMarketingExpenses": 32706000,
    "sellingGeneralAndAdministrativeExpenses": 48467000,
    "otherExpenses": 1485000,
    "operatingExpenses": 74398000,
    "costAndExpenses": 192789000,
    "interestIncome": 0,
    "interestExpense": 434000,
    "depreciationAndAmortization": 5484000,
    "ebitda": 33065000,
    "ebitdaratio": 0.1463998867,
    "operatingIncome": 33065000,
    "operatingIncomeRatio": 0.1463998867,
    "totalOtherIncomeExpensesNet": 2807000,
    "incomeBeforeTax": 35872000,
    "incomeBeforeTaxRatio": 0.1588282696,
    "incomeTaxExpense": 10044000,
    "netIncome": 25828000,
    "netIncomeRatio": 0.1143570625,
    "eps": 0.12,
    "epsdiluted": 0.11,
    "weightedAverageShsOut": 216968000,
    "weightedAverageShsOutDil": 231436000,
    "link": "https://www.sec.gov/Archives/edgar/data/864749/000086474906000035/0000864749-06-000035-index.htm",
    "finalLink": "https://www.sec.gov/Archives/edgar/data/864749/000086474906000035/form10q-q106.htm"
  },
  {
    "date": "2005-12-31",
    "symbol": "TRMB",
    "reportedCurrency": "USD",
    "cik": "0000864749",
    "fillingDate": "2005-12-31",
    "acceptedDate": "2005-12-30 19:00:00",
    "calendarYear": "2005",
    "period": "Q4",
    "revenue": 186821000,
    "costOfRevenue": 94522000,
    "grossProfit": 92299000,
    "grossProfitRatio": 0.4940504547,
    "researchAndDevelopmentExpenses": 20944000,
    "generalAndAdministrativeExpenses": 0,
    "sellingAndMarketingExpenses": 0,
    "sellingGeneralAndAdministrativeExpenses": 45760000,
    "otherExpenses": 1515000,
    "operatingExpenses": 68219000,
    "costAndExpenses": 162741000,
    "interestIncome": 0,
    "interestExpense": 0,
    "depreciationAndAmortization": 4387000,
    "ebitda": 28467000,
    "ebitdaratio": 0.1523758036,
    "operatingIncome": 22980000,
    "operatingIncomeRatio": 0.1230054437,
    "totalOtherIncomeExpensesNet": 8684000,
    "incomeBeforeTax": 31664000,
    "incomeBeforeTaxRatio": 0.1694884408,
    "incomeTaxExpense": 8271000,
    "netIncome": 23393000,
    "netIncomeRatio": 0.125216116,
    "eps": 0.11,
    "epsdiluted": 0.1,
    "weightedAverageShsOut": 216968000,
    "weightedAverageShsOutDil": 231436000,
    "link": null,
    "finalLink": null
  },
  {
    "date": "2005-09-30",
    "symbol": "TRMB",
    "reportedCurrency": "USD",
    "cik": "0000864749",
    "fillingDate": "2005-11-07",
    "acceptedDate": "2005-11-07 16:32:08",
    "calendarYear": "2005",
    "period": "Q3",
    "revenue": 188484000,
    "costOfRevenue": 91192000,
    "grossProfit": 97292000,
    "grossProfitRatio": 0.5161817449,
    "researchAndDevelopmentExpenses": 20639000,
    "generalAndAdministrativeExpenses": 13448000,
    "sellingAndMarketingExpenses": 29313000,
    "sellingGeneralAndAdministrativeExpenses": 42761000,
    "otherExpenses": 865000,
    "operatingExpenses": 64265000,
    "costAndExpenses": 155457000,
    "interestIncome": 0,
    "interestExpense": 0,
    "depreciationAndAmortization": 4892000,
    "ebitda": 33027000,
    "ebitdaratio": 0.1752244222,
    "operatingIncome": 33027000,
    "operatingIncomeRatio": 0.1752244222,
    "totalOtherIncomeExpensesNet": -2446000,
    "incomeBeforeTax": 30581000,
    "incomeBeforeTaxRatio": 0.1622471934,
    "incomeTaxExpense": 10345000,
    "netIncome": 20236000,
    "netIncomeRatio": 0.1073618981,
    "eps": 0.095,
    "epsdiluted": 0.0875,
    "weightedAverageShsOut": 214368000,
    "weightedAverageShsOutDil": 229968000,
    "link": "https://www.sec.gov/Archives/edgar/data/864749/000086474905000068/0000864749-05-000068-index.htm",
    "finalLink": "https://www.sec.gov/Archives/edgar/data/864749/000086474905000068/form10q-110405.htm"
  },
  {
    "date": "2005-06-30",
    "symbol": "TRMB",
    "reportedCurrency": "USD",
    "cik": "0000864749",
    "fillingDate": "2005-07-01",
    "acceptedDate": "2005-06-30 20:00:00",
    "calendarYear": "2005",
    "period": "Q2",
    "revenue": 204225000,
    "costOfRevenue": 101818000,
    "grossProfit": 102407000,
    "grossProfitRatio": 0.501442037,
    "researchAndDevelopmentExpenses": 20865000,
    "generalAndAdministrativeExpenses": 0,
    "sellingAndMarketingExpenses": 0,
    "sellingGeneralAndAdministrativeExpenses": 40628000,
    "otherExpenses": 2177000,
    "operatingExpenses": 63670000,
    "costAndExpenses": 165488000,
    "interestIncome": 0,
    "interestExpense": 0,
    "depreciationAndAmortization": 4709000,
    "ebitda": 43568000,
    "ebitdaratio": 0.2133333333,
    "operatingIncome": 38737000,
    "operatingIncomeRatio": 0.1896780512,
    "totalOtherIncomeExpensesNet": -2617000,
    "incomeBeforeTax": 36120000,
    "incomeBeforeTaxRatio": 0.1768637532,
    "incomeTaxExpense": 12333000,
    "netIncome": 23787000,
    "netIncomeRatio": 0.1164744767,
    "eps": 0.11,
    "epsdiluted": 0.11,
    "weightedAverageShsOut": 211836000,
    "weightedAverageShsOutDil": 228228000,
    "link": "",
    "finalLink": ""
  },
  {
    "date": "2005-03-31",
    "symbol": "TRMB",
    "reportedCurrency": "USD",
    "cik": "0000864749",
    "fillingDate": "2005-05-10",
    "acceptedDate": "2005-05-09 20:00:00",
    "calendarYear": "2005",
    "period": "Q1",
    "revenue": 195383000,
    "costOfRevenue": 97576000,
    "grossProfit": 97807000,
    "grossProfitRatio": 0.5005911466,
    "researchAndDevelopmentExpenses": 21828000,
    "generalAndAdministrativeExpenses": 0,
    "sellingAndMarketingExpenses": 0,
    "sellingGeneralAndAdministrativeExpenses": 43203000,
    "otherExpenses": 2298000,
    "operatingExpenses": 67329000,
    "costAndExpenses": 164905000,
    "interestIncome": 0,
    "interestExpense": 0,
    "depreciationAndAmortization": 4973000,
    "ebitda": 35329000,
    "ebitdaratio": 0.1808192115,
    "operatingIncome": 30200000,
    "operatingIncomeRatio": 0.1545682071,
    "totalOtherIncomeExpensesNet": -3777000,
    "incomeBeforeTax": 26423000,
    "incomeBeforeTaxRatio": 0.1352369449,
    "incomeTaxExpense": 8984000,
    "netIncome": 17439000,
    "netIncomeRatio": 0.0892554623,
    "eps": 0.0825,
    "epsdiluted": 0.0775,
    "weightedAverageShsOut": 210000000,
    "weightedAverageShsOutDil": 225484000,
    "link": "https://www.sec.gov/Archives/edgar/data/864749/000086474905000037/0000864749-05-000037-index.htm",
    "finalLink": "https://www.sec.gov/Archives/edgar/data/864749/000086474905000037/form10q-051005.txt"
  },
  {
    "date": "2004-12-31",
    "symbol": "TRMB",
    "reportedCurrency": "USD",
    "cik": "0000864749",
    "fillingDate": "2005-03-15",
    "acceptedDate": "2005-03-15 14:02:31",
    "calendarYear": "2004",
    "period": "Q4",
    "revenue": 162683000,
    "costOfRevenue": 85324000,
    "grossProfit": 77359000,
    "grossProfitRatio": 0.4755198761,
    "researchAndDevelopmentExpenses": 19596000,
    "generalAndAdministrativeExpenses": 0,
    "sellingAndMarketingExpenses": 0,
    "sellingGeneralAndAdministrativeExpenses": 39372000,
    "otherExpenses": 2249000,
    "operatingExpenses": 61217000,
    "costAndExpenses": 146541000,
    "interestIncome": 0,
    "interestExpense": 0,
    "depreciationAndAmortization": 5040000,
    "ebitda": 21182000,
    "ebitdaratio": 0.1302041393,
    "operatingIncome": 15917000,
    "operatingIncomeRatio": 0.0978405857,
    "totalOtherIncomeExpensesNet": -2771000,
    "incomeBeforeTax": 13146000,
    "incomeBeforeTaxRatio": 0.0808074599,
    "incomeTaxExpense": -3259000,
    "netIncome": 16405000,
    "netIncomeRatio": 0.1008402845,
    "eps": 0.078,
    "epsdiluted": 0.073,
    "weightedAverageShsOut": 210004000,
    "weightedAverageShsOutDil": 225484000,
    "link": "https://www.sec.gov/Archives/edgar/data/864749/000086474905000025/0000864749-05-000025-index.htm",
    "finalLink": "https://www.sec.gov/Archives/edgar/data/864749/000086474905000025/form10k-031405.txt"
  },
  {
    "date": "2004-10-01",
    "symbol": "TRMB",
    "reportedCurrency": "USD",
    "cik": "0000864749",
    "fillingDate": "2004-11-08",
    "acceptedDate": "2004-11-08 17:24:54",
    "calendarYear": "2004",
    "period": "Q3",
    "revenue": 170164000,
    "costOfRevenue": 86792000,
    "grossProfit": 83372000,
    "grossProfitRatio": 0.4899508709,
    "researchAndDevelopmentExpenses": 19177000,
    "generalAndAdministrativeExpenses": 0,
    "sellingAndMarketingExpenses": 0,
    "sellingGeneralAndAdministrativeExpenses": 37376000,
    "otherExpenses": 2019000,
    "operatingExpenses": 58572000,
    "costAndExpenses": 145364000,
    "interestIncome": 0,
    "interestExpense": 0,
    "depreciationAndAmortization": 4266000,
    "ebitda": 29066000,
    "ebitdaratio": 0.1708116875,
    "operatingIncome": 24800000,
    "operatingIncomeRatio": 0.145741755,
    "totalOtherIncomeExpensesNet": -3213000,
    "incomeBeforeTax": 21587000,
    "incomeBeforeTaxRatio": 0.1268599704,
    "incomeTaxExpense": 3670000,
    "netIncome": 17917000,
    "netIncomeRatio": 0.1052925413,
    "eps": 0.0875,
    "epsdiluted": 0.0825,
    "weightedAverageShsOut": 205648000,
    "weightedAverageShsOutDil": 220224000,
    "link": "https://www.sec.gov/Archives/edgar/data/864749/000086474904000085/0000864749-04-000085-index.htm",
    "finalLink": "https://www.sec.gov/Archives/edgar/data/864749/000086474904000085/form10q-110504.txt"
  },
  {
    "date": "2004-07-02",
    "symbol": "TRMB",
    "reportedCurrency": "USD",
    "cik": "0000864749",
    "fillingDate": "2004-08-09",
    "acceptedDate": "2004-08-09 15:50:35",
    "calendarYear": "2004",
    "period": "Q2",
    "revenue": 179451000,
    "costOfRevenue": 91132000,
    "grossProfit": 88319000,
    "grossProfitRatio": 0.4921622058,
    "researchAndDevelopmentExpenses": 19937000,
    "generalAndAdministrativeExpenses": 0,
    "sellingAndMarketingExpenses": 0,
    "sellingGeneralAndAdministrativeExpenses": 39310000,
    "otherExpenses": 2075000,
    "operatingExpenses": 61322000,
    "costAndExpenses": 152454000,
    "interestIncome": 0,
    "interestExpense": 0,
    "depreciationAndAmortization": 4217000,
    "ebitda": 31214000,
    "ebitdaratio": 0.1739416331,
    "operatingIncome": 26670000,
    "operatingIncomeRatio": 0.1486199575,
    "totalOtherIncomeExpensesNet": -1584000,
    "incomeBeforeTax": 25086000,
    "incomeBeforeTaxRatio": 0.1397930354,
    "incomeTaxExpense": 4568000,
    "netIncome": 20518000,
    "netIncomeRatio": 0.1143376186,
    "eps": 0.1,
    "epsdiluted": 0.095,
    "weightedAverageShsOut": 203268000,
    "weightedAverageShsOutDil": 218508000,
    "link": "https://www.sec.gov/Archives/edgar/data/864749/000086474904000053/0000864749-04-000053-index.htm",
    "finalLink": "https://www.sec.gov/Archives/edgar/data/864749/000086474904000053/form10q-080904.txt"
  },
  {
    "date": "2004-04-02",
    "symbol": "TRMB",
    "reportedCurrency": "USD",
    "cik": "0000864749",
    "fillingDate": "2004-05-07",
    "acceptedDate": "2004-05-07 16:55:50",
    "calendarYear": "2004",
    "period": "Q1",
    "revenue": 156510000,
    "costOfRevenue": 80750000,
    "grossProfit": 75760000,
    "grossProfitRatio": 0.4840585266,
    "researchAndDevelopmentExpenses": 18848000,
    "generalAndAdministrativeExpenses": 0,
    "sellingAndMarketingExpenses": 0,
    "sellingGeneralAndAdministrativeExpenses": 36690000,
    "otherExpenses": 1984000,
    "operatingExpenses": 57522000,
    "costAndExpenses": 138272000,
    "interestIncome": 0,
    "interestExpense": 0,
    "depreciationAndAmortization": 4348000,
    "ebitda": 22586000,
    "ebitdaratio": 0.1443102677,
    "operatingIncome": 18238000,
    "operatingIncomeRatio": 0.1165292953,
    "totalOtherIncomeExpensesNet": -3133000,
    "incomeBeforeTax": 15105000,
    "incomeBeforeTaxRatio": 0.096511405,
    "incomeTaxExpense": 2265000,
    "netIncome": 12840000,
    "netIncomeRatio": 0.0820394863,
    "eps": 0.0625,
    "epsdiluted": 0.06,
    "weightedAverageShsOut": 201672000,
    "weightedAverageShsOutDil": 216860000,
    "link": "https://www.sec.gov/Archives/edgar/data/864749/000086474904000031/0000864749-04-000031-index.htm",
    "finalLink": "https://www.sec.gov/Archives/edgar/data/864749/000086474904000031/form10-050704.txt"
  },
  {
    "date": "2004-01-02",
    "symbol": "TRMB",
    "reportedCurrency": "USD",
    "cik": "0000864749",
    "fillingDate": "2004-03-16",
    "acceptedDate": "2004-03-16 17:10:51",
    "calendarYear": "2003",
    "period": "Q4",
    "revenue": 135877000,
    "costOfRevenue": 69809000,
    "grossProfit": 66068000,
    "grossProfitRatio": 0.4862338733,
    "researchAndDevelopmentExpenses": 17178000,
    "generalAndAdministrativeExpenses": 0,
    "sellingAndMarketingExpenses": 0,
    "sellingGeneralAndAdministrativeExpenses": 34714000,
    "otherExpenses": 1922000,
    "operatingExpenses": 53814000,
    "costAndExpenses": 123623000,
    "interestIncome": 0,
    "interestExpense": 0,
    "depreciationAndAmortization": 4379000,
    "ebitda": 16633000,
    "ebitdaratio": 0.1224121816,
    "operatingIncome": 11968000,
    "operatingIncomeRatio": 0.0880796603,
    "totalOtherIncomeExpensesNet": -3577000,
    "incomeBeforeTax": 8391000,
    "incomeBeforeTaxRatio": 0.0617543808,
    "incomeTaxExpense": -6700000,
    "netIncome": 15091000,
    "netIncomeRatio": 0.1110636826,
    "eps": 0.075,
    "epsdiluted": 0.07,
    "weightedAverageShsOut": 201672000,
    "weightedAverageShsOutDil": 216860000,
    "link": "https://www.sec.gov/Archives/edgar/data/864749/000086474904000019/0000864749-04-000019-index.htm",
    "finalLink": "https://www.sec.gov/Archives/edgar/data/864749/000086474904000019/form10k.txt"
  },
  {
    "date": "2003-10-03",
    "symbol": "TRMB",
    "reportedCurrency": "USD",
    "cik": "0000864749",
    "fillingDate": "2003-11-12",
    "acceptedDate": "2003-11-12 13:24:40",
    "calendarYear": "2003",
    "period": "Q3",
    "revenue": 139569000,
    "costOfRevenue": 70457000,
    "grossProfit": 69112000,
    "grossProfitRatio": 0.4951815948,
    "researchAndDevelopmentExpenses": 17346000,
    "generalAndAdministrativeExpenses": 0,
    "sellingAndMarketingExpenses": 0,
    "sellingGeneralAndAdministrativeExpenses": 35321000,
    "otherExpenses": 1870000,
    "operatingExpenses": 54537000,
    "costAndExpenses": 124994000,
    "interestIncome": 0,
    "interestExpense": 0,
    "depreciationAndAmortization": 4275000,
    "ebitda": 18850000,
    "ebitdaratio": 0.1350586448,
    "operatingIncome": 13948000,
    "operatingIncomeRatio": 0.0999362323,
    "totalOtherIncomeExpensesNet": -2612000,
    "incomeBeforeTax": 11336000,
    "incomeBeforeTaxRatio": 0.0812214747,
    "incomeTaxExpense": 1400000,
    "netIncome": 9936000,
    "netIncomeRatio": 0.0711905939,
    "eps": 0.05,
    "epsdiluted": 0.0483,
    "weightedAverageShsOut": 196434000,
    "weightedAverageShsOutDil": 207372000,
    "link": "https://www.sec.gov/Archives/edgar/data/864749/000086474903000061/0000864749-03-000061-index.htm",
    "finalLink": "https://www.sec.gov/Archives/edgar/data/864749/000086474903000061/form10q-111103.txt"
  },
  {
    "date": "2003-07-04",
    "symbol": "TRMB",
    "reportedCurrency": "USD",
    "cik": "0000864749",
    "fillingDate": "2003-08-15",
    "acceptedDate": "2003-08-15 15:53:36",
    "calendarYear": "2003",
    "period": "Q2",
    "revenue": 138132000,
    "costOfRevenue": 67037000,
    "grossProfit": 71095000,
    "grossProfitRatio": 0.5146888483,
    "researchAndDevelopmentExpenses": 17077000,
    "generalAndAdministrativeExpenses": 0,
    "sellingAndMarketingExpenses": 0,
    "sellingGeneralAndAdministrativeExpenses": 34456000,
    "otherExpenses": 1725000,
    "operatingExpenses": 53258000,
    "costAndExpenses": 120295000,
    "interestIncome": 0,
    "interestExpense": 0,
    "depreciationAndAmortization": 7447000,
    "ebitda": 25284000,
    "ebitdaratio": 0.1830423074,
    "operatingIncome": 17121000,
    "operatingIncomeRatio": 0.1239466597,
    "totalOtherIncomeExpensesNet": -7616000,
    "incomeBeforeTax": 9505000,
    "incomeBeforeTaxRatio": 0.0688109924,
    "incomeTaxExpense": 1400000,
    "netIncome": 8105000,
    "netIncomeRatio": 0.0586757594,
    "eps": 0.0425,
    "epsdiluted": 0.04,
    "weightedAverageShsOut": 188844000,
    "weightedAverageShsOutDil": 198476000,
    "link": "https://www.sec.gov/Archives/edgar/data/864749/000086474903000047/0000864749-03-000047-index.htm",
    "finalLink": "https://www.sec.gov/Archives/edgar/data/864749/000086474903000047/form10q-081403.txt"
  },
  {
    "date": "2003-04-04",
    "symbol": "TRMB",
    "reportedCurrency": "USD",
    "cik": "0000864749",
    "fillingDate": "2003-05-15",
    "acceptedDate": "2003-05-15 14:51:39",
    "calendarYear": "2003",
    "period": "Q1",
    "revenue": 127325000,
    "costOfRevenue": 65570000,
    "grossProfit": 61755000,
    "grossProfitRatio": 0.4850186531,
    "researchAndDevelopmentExpenses": 16040000,
    "generalAndAdministrativeExpenses": 0,
    "sellingAndMarketingExpenses": 0,
    "sellingGeneralAndAdministrativeExpenses": 32632000,
    "otherExpenses": 1795000,
    "operatingExpenses": 50467000,
    "costAndExpenses": 116037000,
    "interestIncome": 0,
    "interestExpense": 0,
    "depreciationAndAmortization": 4194000,
    "ebitda": 15482000,
    "ebitdaratio": 0.1215943452,
    "operatingIncome": 10898000,
    "operatingIncomeRatio": 0.085591989,
    "totalOtherIncomeExpensesNet": -4545000,
    "incomeBeforeTax": 6353000,
    "incomeBeforeTaxRatio": 0.0498959356,
    "incomeTaxExpense": 1000000,
    "netIncome": 5353000,
    "netIncomeRatio": 0.0420420185,
    "eps": 0.03,
    "epsdiluted": 0.03,
    "weightedAverageShsOut": 176071964,
    "weightedAverageShsOutDil": 180461768,
    "link": "https://www.sec.gov/Archives/edgar/data/864749/000086474903000027/0000864749-03-000027-index.htm",
    "finalLink": "https://www.sec.gov/Archives/edgar/data/864749/000086474903000027/form10q-051503.txt"
  },
  {
    "date": "2003-01-03",
    "symbol": "TRMB",
    "reportedCurrency": "USD",
    "cik": "0000864749",
    "fillingDate": "2003-03-07",
    "acceptedDate": "2003-03-07 16:32:26",
    "calendarYear": "2002",
    "period": "Q4",
    "revenue": 124569000,
    "costOfRevenue": 63002000,
    "grossProfit": 61567000,
    "grossProfitRatio": 0.49424014,
    "researchAndDevelopmentExpenses": 15973000,
    "generalAndAdministrativeExpenses": 0,
    "sellingAndMarketingExpenses": 0,
    "sellingGeneralAndAdministrativeExpenses": 33132000,
    "otherExpenses": 2166000,
    "operatingExpenses": 51271000,
    "costAndExpenses": 114273000,
    "interestIncome": 0,
    "interestExpense": 0,
    "depreciationAndAmortization": 5636000,
    "ebitda": 15932000,
    "ebitdaratio": 0.1278969888,
    "operatingIncome": 9843000,
    "operatingIncomeRatio": 0.0790164487,
    "totalOtherIncomeExpensesNet": -5588000,
    "incomeBeforeTax": 4255000,
    "incomeBeforeTaxRatio": 0.034157776,
    "incomeTaxExpense": 250000,
    "netIncome": 4005000,
    "netIncomeRatio": 0.0321508562,
    "eps": 0.023,
    "epsdiluted": 0.022,
    "weightedAverageShsOut": 176071964,
    "weightedAverageShsOutDil": 180461768,
    "link": "https://www.sec.gov/Archives/edgar/data/864749/000086474903000007/0000864749-03-000007-index.htm",
    "finalLink": "https://www.sec.gov/Archives/edgar/data/864749/000086474903000007/from10k030703.txt"
  },
  {
    "date": "2002-09-27",
    "symbol": "TRMB",
    "reportedCurrency": "USD",
    "cik": "0000864749",
    "fillingDate": "2002-11-07",
    "acceptedDate": "2002-11-07 15:13:31",
    "calendarYear": "2002",
    "period": "Q3",
    "revenue": 114748000,
    "costOfRevenue": 57167000,
    "grossProfit": 57581000,
    "grossProfitRatio": 0.501803953,
    "researchAndDevelopmentExpenses": 15235000,
    "generalAndAdministrativeExpenses": 0,
    "sellingAndMarketingExpenses": 0,
    "sellingGeneralAndAdministrativeExpenses": 32150000,
    "otherExpenses": 1832000,
    "operatingExpenses": 49217000,
    "costAndExpenses": 106384000,
    "interestIncome": 0,
    "interestExpense": 0,
    "depreciationAndAmortization": 4032000,
    "ebitda": 12396000,
    "ebitdaratio": 0.1080280266,
    "operatingIncome": 8210000,
    "operatingIncomeRatio": 0.071548088,
    "totalOtherIncomeExpensesNet": -5252000,
    "incomeBeforeTax": 2958000,
    "incomeBeforeTaxRatio": 0.0257782271,
    "incomeTaxExpense": 250000,
    "netIncome": 2708000,
    "netIncomeRatio": 0.0235995399,
    "eps": 0.015,
    "epsdiluted": 0.015,
    "weightedAverageShsOut": 180533333,
    "weightedAverageShsOutDil": 180533333,
    "link": "https://www.sec.gov/Archives/edgar/data/864749/000086474902000042/0000864749-02-000042-index.htm",
    "finalLink": "https://www.sec.gov/Archives/edgar/data/864749/000086474902000042/q310q-11702.txt"
  },
  {
    "date": "2002-06-28",
    "symbol": "TRMB",
    "reportedCurrency": "USD",
    "cik": "0000864749",
    "fillingDate": "2002-08-12",
    "acceptedDate": "2002-08-12 08:30:16",
    "calendarYear": "2002",
    "period": "Q2",
    "revenue": 123256000,
    "costOfRevenue": 62305000,
    "grossProfit": 60951000,
    "grossProfitRatio": 0.4945073668,
    "researchAndDevelopmentExpenses": 14986000,
    "generalAndAdministrativeExpenses": 0,
    "sellingAndMarketingExpenses": 0,
    "sellingGeneralAndAdministrativeExpenses": 31771000,
    "otherExpenses": 2324000,
    "operatingExpenses": 49081000,
    "costAndExpenses": 111386000,
    "interestIncome": 0,
    "interestExpense": 0,
    "depreciationAndAmortization": 5027000,
    "ebitda": 16897000,
    "ebitdaratio": 0.137088661,
    "operatingIncome": 11682000,
    "operatingIncomeRatio": 0.0947783475,
    "totalOtherIncomeExpensesNet": -5356000,
    "incomeBeforeTax": 6326000,
    "incomeBeforeTaxRatio": 0.0513240735,
    "incomeTaxExpense": 2000000,
    "netIncome": 4326000,
    "netIncomeRatio": 0.0350976829,
    "eps": 0.025,
    "epsdiluted": 0.025,
    "weightedAverageShsOut": 173040000,
    "weightedAverageShsOutDil": 173040000,
    "link": "https://www.sec.gov/Archives/edgar/data/864749/000086474902000034/0000864749-02-000034-index.htm",
    "finalLink": "https://www.sec.gov/Archives/edgar/data/864749/000086474902000034/q210q.txt"
  },
  {
    "date": "2002-03-29",
    "symbol": "TRMB",
    "reportedCurrency": "USD",
    "cik": "0000864749",
    "fillingDate": "2002-05-13",
    "acceptedDate": "2002-05-13 15:21:02",
    "calendarYear": "2002",
    "period": "Q1",
    "revenue": 104029000,
    "costOfRevenue": 49696000,
    "grossProfit": 54333000,
    "grossProfitRatio": 0.5222870546,
    "researchAndDevelopmentExpenses": 15038000,
    "generalAndAdministrativeExpenses": 0,
    "sellingAndMarketingExpenses": 0,
    "sellingGeneralAndAdministrativeExpenses": 32925000,
    "otherExpenses": 1978000,
    "operatingExpenses": 49941000,
    "costAndExpenses": 99637000,
    "interestIncome": 0,
    "interestExpense": 0,
    "depreciationAndAmortization": 4459000,
    "ebitda": 8851000,
    "ebitdaratio": 0.0850820444,
    "operatingIncome": 4088000,
    "operatingIncomeRatio": 0.0392967346,
    "totalOtherIncomeExpensesNet": -3803000,
    "incomeBeforeTax": 285000,
    "incomeBeforeTaxRatio": 0.0027396207,
    "incomeTaxExpense": 1000000,
    "netIncome": -715000,
    "netIncomeRatio": -0.0068730835,
    "eps": -0.0043,
    "epsdiluted": -0.0043,
    "weightedAverageShsOut": 167670164,
    "weightedAverageShsOutDil": 167670164,
    "link": "https://www.sec.gov/Archives/edgar/data/864749/000086474902000032/0000864749-02-000032-index.htm",
    "finalLink": "https://www.sec.gov/Archives/edgar/data/864749/000086474902000032/q102.txt"
  },
  {
    "date": "2001-12-28",
    "symbol": "TRMB",
    "reportedCurrency": "USD",
    "cik": "0000864749",
    "fillingDate": "2002-03-28",
    "acceptedDate": "2002-03-28 00:00:00",
    "calendarYear": "2001",
    "period": "Q4",
    "revenue": 106405000,
    "costOfRevenue": 52516000,
    "grossProfit": 53889000,
    "grossProfitRatio": 0.5064517645,
    "researchAndDevelopmentExpenses": 15600000,
    "generalAndAdministrativeExpenses": 0,
    "sellingAndMarketingExpenses": 0,
    "sellingGeneralAndAdministrativeExpenses": 31071000,
    "otherExpenses": 10900000,
    "operatingExpenses": 57571000,
    "costAndExpenses": 110087000,
    "interestIncome": 0,
    "interestExpense": 0,
    "depreciationAndAmortization": 11684000,
    "ebitda": 11544000,
    "ebitdaratio": 0.1084911423,
    "operatingIncome": -2409000,
    "operatingIncomeRatio": -0.0226399135,
    "totalOtherIncomeExpensesNet": -4636000,
    "incomeBeforeTax": -7045000,
    "incomeBeforeTaxRatio": -0.0662092947,
    "incomeTaxExpense": 200000,
    "netIncome": -6632000,
    "netIncomeRatio": -0.0623278981,
    "eps": -0.0396,
    "epsdiluted": -0.0396,
    "weightedAverageShsOut": 167670164,
    "weightedAverageShsOutDil": 167670164,
    "link": "https://www.sec.gov/Archives/edgar/data/864749/000086474902000015/0000864749-02-000015-index.htm",
    "finalLink": "https://www.sec.gov/Archives/edgar/data/864749/000086474902000015/frm10k.txt"
  },
  {
    "date": "2001-09-28",
    "symbol": "TRMB",
    "reportedCurrency": "USD",
    "cik": "0000864749",
    "fillingDate": "2001-11-13",
    "acceptedDate": "2001-11-13 00:00:00",
    "calendarYear": "2001",
    "period": "Q3",
    "revenue": 117437000,
    "costOfRevenue": 57122000,
    "grossProfit": 60315000,
    "grossProfitRatio": 0.513594523,
    "researchAndDevelopmentExpenses": 15726000,
    "generalAndAdministrativeExpenses": 0,
    "sellingAndMarketingExpenses": 0,
    "sellingGeneralAndAdministrativeExpenses": 35072000,
    "otherExpenses": 7378000,
    "operatingExpenses": 58176000,
    "costAndExpenses": 115298000,
    "interestIncome": 0,
    "interestExpense": 0,
    "depreciationAndAmortization": 7378000,
    "ebitda": 12061000,
    "ebitdaratio": 0.1027018742,
    "operatingIncome": 1776000,
    "operatingIncomeRatio": 0.0151230021,
    "totalOtherIncomeExpensesNet": -4262000,
    "incomeBeforeTax": -2486000,
    "incomeBeforeTaxRatio": -0.0211687969,
    "incomeTaxExpense": 200000,
    "netIncome": -2686000,
    "netIncomeRatio": -0.0228718377,
    "eps": -0.0183,
    "epsdiluted": -0.0183,
    "weightedAverageShsOut": 146509091,
    "weightedAverageShsOutDil": 146509091,
    "link": "https://www.sec.gov/Archives/edgar/data/864749/000105635901500031/0001056359-01-500031-index.htm",
    "finalLink": "https://www.sec.gov/Archives/edgar/data/864749/000105635901500031/tn10q301a.txt"
  },
  {
    "date": "2001-06-29",
    "symbol": "TRMB",
    "reportedCurrency": "USD",
    "cik": "0000864749",
    "fillingDate": "2001-08-13",
    "acceptedDate": "2001-08-13 00:00:00",
    "calendarYear": "2001",
    "period": "Q2",
    "revenue": 133587000,
    "costOfRevenue": 68056000,
    "grossProfit": 65531000,
    "grossProfitRatio": 0.4905492301,
    "researchAndDevelopmentExpenses": 15736000,
    "generalAndAdministrativeExpenses": 0,
    "sellingAndMarketingExpenses": 0,
    "sellingGeneralAndAdministrativeExpenses": 37509000,
    "otherExpenses": 7394000,
    "operatingExpenses": 60639000,
    "costAndExpenses": 128695000,
    "interestIncome": 0,
    "interestExpense": 0,
    "depreciationAndAmortization": 7394000,
    "ebitda": 12286000,
    "ebitdaratio": 0.091970027,
    "operatingIncome": 3982000,
    "operatingIncomeRatio": 0.0298082897,
    "totalOtherIncomeExpensesNet": -4956000,
    "incomeBeforeTax": -974000,
    "incomeBeforeTaxRatio": -0.0072911286,
    "incomeTaxExpense": 1000000,
    "netIncome": -1974000,
    "netIncomeRatio": -0.014776887,
    "eps": -0.0134,
    "epsdiluted": -0.0134,
    "weightedAverageShsOut": 147076460,
    "weightedAverageShsOutDil": 147076460,
    "link": "https://www.sec.gov/Archives/edgar/data/864749/000105635901500017/0001056359-01-500017-index.htm",
    "finalLink": "https://www.sec.gov/Archives/edgar/data/864749/000105635901500017/trmb012q10c.txt"
  },
  {
    "date": "2001-03-30",
    "symbol": "TRMB",
    "reportedCurrency": "USD",
    "cik": "0000864749",
    "fillingDate": "2001-05-14",
    "acceptedDate": "2001-05-14 00:00:00",
    "calendarYear": "2001",
    "period": "Q1",
    "revenue": 117863000,
    "costOfRevenue": 60363000,
    "grossProfit": 57500000,
    "grossProfitRatio": 0.487854543,
    "researchAndDevelopmentExpenses": 15819000,
    "generalAndAdministrativeExpenses": 0,
    "sellingAndMarketingExpenses": 0,
    "sellingGeneralAndAdministrativeExpenses": 37533000,
    "otherExpenses": 7316000,
    "operatingExpenses": 60668000,
    "costAndExpenses": 121031000,
    "interestIncome": 0,
    "interestExpense": 0,
    "depreciationAndAmortization": 7316000,
    "ebitda": 4148000,
    "ebitdaratio": 0.0351934025,
    "operatingIncome": -3168000,
    "operatingIncomeRatio": -0.0268786642,
    "totalOtherIncomeExpensesNet": -7919000,
    "incomeBeforeTax": -11087000,
    "incomeBeforeTaxRatio": -0.0940668403,
    "incomeTaxExpense": 500000,
    "netIncome": -11587000,
    "netIncomeRatio": -0.0983090537,
    "eps": -0.0798,
    "epsdiluted": -0.0798,
    "weightedAverageShsOut": 145241380,
    "weightedAverageShsOutDil": 145241380,
    "link": "https://www.sec.gov/Archives/edgar/data/864749/000105635901500003/0001056359-01-500003-index.htm",
    "finalLink": "https://www.sec.gov/Archives/edgar/data/864749/000105635901500003/tt10q1d.txt"
  },
  {
    "date": "2000-12-29",
    "symbol": "TRMB",
    "reportedCurrency": "USD",
    "cik": "0000864749",
    "fillingDate": "2001-03-29",
    "acceptedDate": "2001-03-29 00:00:00",
    "calendarYear": "2000",
    "period": "Q4",
    "revenue": 124167000,
    "costOfRevenue": 49032000,
    "grossProfit": 75135000,
    "grossProfitRatio": 0.6051124695,
    "researchAndDevelopmentExpenses": 14621000,
    "generalAndAdministrativeExpenses": 0,
    "sellingAndMarketingExpenses": 0,
    "sellingGeneralAndAdministrativeExpenses": 36125000,
    "otherExpenses": 20921000,
    "operatingExpenses": 71667000,
    "costAndExpenses": 120699000,
    "interestIncome": 0,
    "interestExpense": 0,
    "depreciationAndAmortization": 214000,
    "ebitda": 3468000,
    "ebitdaratio": 0.0279301264,
    "operatingIncome": 3468000,
    "operatingIncomeRatio": 0.0279301264,
    "totalOtherIncomeExpensesNet": -6376000,
    "incomeBeforeTax": -2908000,
    "incomeBeforeTaxRatio": -0.0234200714,
    "incomeTaxExpense": -292000,
    "netIncome": -2616000,
    "netIncomeRatio": -0.0210683998,
    "eps": -0.018,
    "epsdiluted": -0.018,
    "weightedAverageShsOut": 145241380,
    "weightedAverageShsOutDil": 145241380,
    "link": "https://www.sec.gov/Archives/edgar/data/864749/000086474901000002/0000864749-01-000002-index.htm",
    "finalLink": "https://www.sec.gov/Archives/edgar/data/864749/000086474901000002/0000864749-01-000002-0001.txt"
  },
  {
    "date": "2000-09-29",
    "symbol": "TRMB",
    "reportedCurrency": "USD",
    "cik": "0000864749",
    "fillingDate": "2000-11-09",
    "acceptedDate": "2000-11-09 00:00:00",
    "calendarYear": "2000",
    "period": "Q3",
    "revenue": 109227000,
    "costOfRevenue": 59217000,
    "grossProfit": 50010000,
    "grossProfitRatio": 0.4578538274,
    "researchAndDevelopmentExpenses": 13840000,
    "generalAndAdministrativeExpenses": 0,
    "sellingAndMarketingExpenses": 0,
    "sellingGeneralAndAdministrativeExpenses": 34664000,
    "otherExpenses": 0,
    "operatingExpenses": 48504000,
    "costAndExpenses": 107721000,
    "interestIncome": 0,
    "interestExpense": 0,
    "depreciationAndAmortization": 228000,
    "ebitda": 1734000,
    "ebitdaratio": 0.0158751957,
    "operatingIncome": 1506000,
    "operatingIncomeRatio": 0.0137877997,
    "totalOtherIncomeExpensesNet": -6248000,
    "incomeBeforeTax": -4742000,
    "incomeBeforeTaxRatio": -0.0434141742,
    "incomeTaxExpense": -474000,
    "netIncome": -4268000,
    "netIncomeRatio": -0.0390745878,
    "eps": -0.0304,
    "epsdiluted": -0.0304,
    "weightedAverageShsOut": 140395804,
    "weightedAverageShsOutDil": 140395804,
    "link": "https://www.sec.gov/Archives/edgar/data/864749/000086474900000014/0000864749-00-000014-index.htm",
    "finalLink": "https://www.sec.gov/Archives/edgar/data/864749/000086474900000014/0000864749-00-000014-0001.txt"
  },
  {
    "date": "2000-06-30",
    "symbol": "TRMB",
    "reportedCurrency": "USD",
    "cik": "0000864749",
    "fillingDate": "2000-08-04",
    "acceptedDate": "2000-08-04 00:00:00",
    "calendarYear": "2000",
    "period": "Q2",
    "revenue": 71264000,
    "costOfRevenue": 29379000,
    "grossProfit": 41885000,
    "grossProfitRatio": 0.5877441626,
    "researchAndDevelopmentExpenses": 9182000,
    "generalAndAdministrativeExpenses": 0,
    "sellingAndMarketingExpenses": 0,
    "sellingGeneralAndAdministrativeExpenses": 20680000,
    "otherExpenses": 0,
    "operatingExpenses": 29862000,
    "costAndExpenses": 59241000,
    "interestIncome": 0,
    "interestExpense": 0,
    "depreciationAndAmortization": -840000,
    "ebitda": 11183000,
    "ebitdaratio": 0.1569235519,
    "operatingIncome": 12023000,
    "operatingIncomeRatio": 0.1687107095,
    "totalOtherIncomeExpensesNet": 1707000,
    "incomeBeforeTax": 13730000,
    "incomeBeforeTaxRatio": 0.1926638976,
    "incomeTaxExpense": 1373000,
    "netIncome": 12357000,
    "netIncomeRatio": 0.1733975079,
    "eps": 0.0883,
    "epsdiluted": 0.08,
    "weightedAverageShsOut": 138942000,
    "weightedAverageShsOutDil": 155034000,
    "link": "https://www.sec.gov/Archives/edgar/data/864749/000086474900000011/0000864749-00-000011-index.htm",
    "finalLink": "https://www.sec.gov/Archives/edgar/data/864749/000086474900000011/0000864749-00-000011-0001.txt"
  },
  {
    "date": "2000-03-31",
    "symbol": "TRMB",
    "reportedCurrency": "USD",
    "cik": "0000864749",
    "fillingDate": "2000-05-08",
    "acceptedDate": "2000-05-08 00:00:00",
    "calendarYear": "2000",
    "period": "Q1",
    "revenue": 65140000,
    "costOfRevenue": 28095000,
    "grossProfit": 37045000,
    "grossProfitRatio": 0.5686981885,
    "researchAndDevelopmentExpenses": 8877000,
    "generalAndAdministrativeExpenses": 0,
    "sellingAndMarketingExpenses": 0,
    "sellingGeneralAndAdministrativeExpenses": 18946000,
    "otherExpenses": 0,
    "operatingExpenses": 27823000,
    "costAndExpenses": 55918000,
    "interestIncome": 0,
    "interestExpense": 0,
    "depreciationAndAmortization": -30000,
    "ebitda": 9192000,
    "ebitdaratio": 0.1411114523,
    "operatingIncome": 9222000,
    "operatingIncomeRatio": 0.1415719988,
    "totalOtherIncomeExpensesNet": 458000,
    "incomeBeforeTax": 9680000,
    "incomeBeforeTaxRatio": 0.1486030089,
    "incomeTaxExpense": 968000,
    "netIncome": 8712000,
    "netIncomeRatio": 0.133742708,
    "eps": 0.0633,
    "epsdiluted": 0.0583,
    "weightedAverageShsOut": 137094000,
    "weightedAverageShsOutDil": 149832000,
    "link": "https://www.sec.gov/Archives/edgar/data/864749/000086474900000006/0000864749-00-000006-index.html",
    "finalLink": "https://www.sec.gov/Archives/edgar/data/864749/000086474900000006/"
  },
  {
    "date": "1999-12-31",
    "symbol": "TRMB",
    "reportedCurrency": "USD",
    "cik": "0000864749",
    "fillingDate": "2000-03-27",
    "acceptedDate": "2000-03-27 00:00:00",
    "calendarYear": "1999",
    "period": "Q4",
    "revenue": 62200000,
    "costOfRevenue": 18900000,
    "grossProfit": 43300000,
    "grossProfitRatio": 0.6961414791,
    "researchAndDevelopmentExpenses": 8800000,
    "generalAndAdministrativeExpenses": 0,
    "sellingAndMarketingExpenses": 0,
    "sellingGeneralAndAdministrativeExpenses": 19900000,
    "otherExpenses": 9100000,
    "operatingExpenses": 37800000,
    "costAndExpenses": 56700000,
    "interestIncome": 0,
    "interestExpense": 0,
    "depreciationAndAmortization": 0,
    "ebitda": 5500000,
    "ebitdaratio": 0.0884244373,
    "operatingIncome": 5500000,
    "operatingIncomeRatio": 0.0884244373,
    "totalOtherIncomeExpensesNet": 200000,
    "incomeBeforeTax": 5700000,
    "incomeBeforeTaxRatio": 0.0916398714,
    "incomeTaxExpense": -200000,
    "netIncome": 5900000,
    "netIncomeRatio": 0.0948553055,
    "eps": 0.043,
    "epsdiluted": 0.039,
    "weightedAverageShsOut": 137094000,
    "weightedAverageShsOutDil": 149832000,
    "link": "https://www.sec.gov/Archives/edgar/data/864749/000086474900000004/0000864749-00-000004-index.html",
    "finalLink": "https://www.sec.gov/Archives/edgar/data/864749/000086474900000004/"
  },
  {
    "date": "1999-10-01",
    "symbol": "TRMB",
    "reportedCurrency": "USD",
    "cik": "0000864749",
    "fillingDate": "1999-11-12",
    "acceptedDate": "1999-11-12 00:00:00",
    "calendarYear": "1999",
    "period": "Q3",
    "revenue": 69600000,
    "costOfRevenue": 32700000,
    "grossProfit": 36900000,
    "grossProfitRatio": 0.5301724138,
    "researchAndDevelopmentExpenses": 9700000,
    "generalAndAdministrativeExpenses": 0,
    "sellingAndMarketingExpenses": 0,
    "sellingGeneralAndAdministrativeExpenses": 21400000,
    "otherExpenses": 0,
    "operatingExpenses": 31100000,
    "costAndExpenses": 63800000,
    "interestIncome": 0,
    "interestExpense": 0,
    "depreciationAndAmortization": 0,
    "ebitda": 5800000,
    "ebitdaratio": 0.0833333333,
    "operatingIncome": 5800000,
    "operatingIncomeRatio": 0.0833333333,
    "totalOtherIncomeExpensesNet": 200000,
    "incomeBeforeTax": 6000000,
    "incomeBeforeTaxRatio": 0.0862068966,
    "incomeTaxExpense": 900000,
    "netIncome": 8000000,
    "netIncomeRatio": 0.1149425287,
    "eps": 0.0617,
    "epsdiluted": 0.0584,
    "weightedAverageShsOut": 129664897,
    "weightedAverageShsOutDil": 137074320,
    "link": "https://www.sec.gov/Archives/edgar/data/864749/000086474999000014/0000864749-99-000014-index.html",
    "finalLink": "https://www.sec.gov/Archives/edgar/data/864749/000086474999000014/"
  },
  {
    "date": "1999-07-02",
    "symbol": "TRMB",
    "reportedCurrency": "USD",
    "cik": "0000864749",
    "fillingDate": "1999-08-16",
    "acceptedDate": "1999-08-16 00:00:00",
    "calendarYear": "1999",
    "period": "Q2",
    "revenue": 70800000,
    "costOfRevenue": 33200000,
    "grossProfit": 37600000,
    "grossProfitRatio": 0.5310734463,
    "researchAndDevelopmentExpenses": 9400000,
    "generalAndAdministrativeExpenses": 0,
    "sellingAndMarketingExpenses": 0,
    "sellingGeneralAndAdministrativeExpenses": 22600000,
    "otherExpenses": 0,
    "operatingExpenses": 32000000,
    "costAndExpenses": 65200000,
    "interestIncome": 0,
    "interestExpense": 0,
    "depreciationAndAmortization": -700000,
    "ebitda": 4900000,
    "ebitdaratio": 0.0692090395,
    "operatingIncome": 5600000,
    "operatingIncomeRatio": 0.0790960452,
    "totalOtherIncomeExpensesNet": -139000,
    "incomeBeforeTax": 5500000,
    "incomeBeforeTaxRatio": 0.0776836158,
    "incomeTaxExpense": 800000,
    "netIncome": 4700000,
    "netIncomeRatio": 0.0663841808,
    "eps": 0.035,
    "epsdiluted": 0.0334,
    "weightedAverageShsOut": 134218605,
    "weightedAverageShsOutDil": 140929535,
    "link": "https://www.sec.gov/Archives/edgar/data/864749/000086474999000011/0000864749-99-000011-index.html",
    "finalLink": "https://www.sec.gov/Archives/edgar/data/864749/000086474999000011/"
  },
  {
    "date": "1999-04-02",
    "symbol": "TRMB",
    "reportedCurrency": "USD",
    "cik": "0000864749",
    "fillingDate": "1999-05-13",
    "acceptedDate": "1999-05-13 00:00:00",
    "calendarYear": "1999",
    "period": "Q1",
    "revenue": 68800000,
    "costOfRevenue": 33200000,
    "grossProfit": 35600000,
    "grossProfitRatio": 0.5174418605,
    "researchAndDevelopmentExpenses": 8500000,
    "generalAndAdministrativeExpenses": 0,
    "sellingAndMarketingExpenses": 0,
    "sellingGeneralAndAdministrativeExpenses": 23300000,
    "otherExpenses": 0,
    "operatingExpenses": 31800000,
    "costAndExpenses": 65000000,
    "interestIncome": 0,
    "interestExpense": 0,
    "depreciationAndAmortization": -600000,
    "ebitda": 3200000,
    "ebitdaratio": 0.0465116279,
    "operatingIncome": 3800000,
    "operatingIncomeRatio": 0.0552325581,
    "totalOtherIncomeExpensesNet": -270000,
    "incomeBeforeTax": 3500000,
    "incomeBeforeTaxRatio": 0.050872093,
    "incomeTaxExpense": 500000,
    "netIncome": 3000000,
    "netIncomeRatio": 0.0436046512,
    "eps": 0.0233,
    "epsdiluted": 0.0233,
    "weightedAverageShsOut": 128507175,
    "weightedAverageShsOutDil": 128507175,
    "link": "https://www.sec.gov/Archives/edgar/data/864749/000086474999000007/0000864749-99-000007-index.html",
    "finalLink": "https://www.sec.gov/Archives/edgar/data/864749/"
  },
  {
    "date": "1999-01-01",
    "symbol": "TRMB",
    "reportedCurrency": "USD",
    "cik": "0000864749",
    "fillingDate": "1999-03-29",
    "acceptedDate": "1999-03-29 00:00:00",
    "calendarYear": "1998",
    "period": "Q4",
    "revenue": 59300000,
    "costOfRevenue": 20000000,
    "grossProfit": 39300000,
    "grossProfitRatio": 0.6627318718,
    "researchAndDevelopmentExpenses": 11000000,
    "generalAndAdministrativeExpenses": 0,
    "sellingAndMarketingExpenses": 0,
    "sellingGeneralAndAdministrativeExpenses": 24400000,
    "otherExpenses": 12500000,
    "operatingExpenses": 47900000,
    "costAndExpenses": 67900000,
    "interestIncome": 0,
    "interestExpense": 0,
    "depreciationAndAmortization": 7200000,
    "ebitda": -1400000,
    "ebitdaratio": -0.023608769,
    "operatingIncome": -8600000,
    "operatingIncomeRatio": -0.1450252951,
    "totalOtherIncomeExpensesNet": -9200000,
    "incomeBeforeTax": -17800000,
    "incomeBeforeTaxRatio": -0.3001686341,
    "incomeTaxExpense": 300000,
    "netIncome": -18100000,
    "netIncomeRatio": -0.305227656,
    "eps": -0.14,
    "epsdiluted": -0.14,
    "weightedAverageShsOut": 128507175,
    "weightedAverageShsOutDil": 128507175,
    "link": "https://www.sec.gov/Archives/edgar/data/864749/000086474999000004/0000864749-99-000004-index.html",
    "finalLink": "https://www.sec.gov/Archives/edgar/data/864749/"
  },
  {
    "date": "1998-10-02",
    "symbol": "TRMB",
    "reportedCurrency": "USD",
    "cik": "0000864749",
    "fillingDate": "1998-11-16",
    "acceptedDate": "1998-11-16 00:00:00",
    "calendarYear": "1998",
    "period": "Q3",
    "revenue": 57400000,
    "costOfRevenue": 32600000,
    "grossProfit": 24800000,
    "grossProfitRatio": 0.4320557491,
    "researchAndDevelopmentExpenses": 12100000,
    "generalAndAdministrativeExpenses": 0,
    "sellingAndMarketingExpenses": 0,
    "sellingGeneralAndAdministrativeExpenses": 23700000,
    "otherExpenses": 0,
    "operatingExpenses": 35800000,
    "costAndExpenses": 68400000,
    "interestIncome": 0,
    "interestExpense": 0,
    "depreciationAndAmortization": 1600000,
    "ebitda": -9400000,
    "ebitdaratio": -0.1637630662,
    "operatingIncome": -11000000,
    "operatingIncomeRatio": -0.1916376307,
    "totalOtherIncomeExpensesNet": -3800000,
    "incomeBeforeTax": -14800000,
    "incomeBeforeTaxRatio": -0.2578397213,
    "incomeTaxExpense": 400000,
    "netIncome": -37500000,
    "netIncomeRatio": -0.6533101045,
    "eps": -0.28,
    "epsdiluted": -0.28,
    "weightedAverageShsOut": 133504676,
    "weightedAverageShsOutDil": 133504676,
    "link": "https://www.sec.gov/Archives/edgar/data/864749/000086474998000013/0000864749-98-000013-index.html",
    "finalLink": "https://www.sec.gov/Archives/edgar/data/864749/"
  },
  {
    "date": "1998-07-03",
    "symbol": "TRMB",
    "reportedCurrency": "USD",
    "cik": "0000864749",
    "fillingDate": "1998-08-14",
    "acceptedDate": "1998-08-14 00:00:00",
    "calendarYear": "1998",
    "period": "Q2",
    "revenue": 75900000,
    "costOfRevenue": 39600000,
    "grossProfit": 36300000,
    "grossProfitRatio": 0.4782608696,
    "researchAndDevelopmentExpenses": 11800000,
    "generalAndAdministrativeExpenses": 0,
    "sellingAndMarketingExpenses": 0,
    "sellingGeneralAndAdministrativeExpenses": 24400000,
    "otherExpenses": 0,
    "operatingExpenses": 36200000,
    "costAndExpenses": 75800000,
    "interestIncome": 0,
    "interestExpense": 0,
    "depreciationAndAmortization": -1200000,
    "ebitda": 1600000,
    "ebitdaratio": 0.0210803689,
    "operatingIncome": 100000,
    "operatingIncomeRatio": 0.0013175231,
    "totalOtherIncomeExpensesNet": 500000,
    "incomeBeforeTax": 500000,
    "incomeBeforeTaxRatio": 0.0065876153,
    "incomeTaxExpense": 200000,
    "netIncome": 300000,
    "netIncomeRatio": 0.0039525692,
    "eps": 0.0017,
    "epsdiluted": 0.0017,
    "weightedAverageShsOut": 142428786,
    "weightedAverageShsOutDil": 142428786,
    "link": "https://www.sec.gov/Archives/edgar/data/864749/000086474998000012/0000864749-98-000012-index.html",
    "finalLink": "https://www.sec.gov/Archives/edgar/data/864749/"
  },
  {
    "date": "1998-04-03",
    "symbol": "TRMB",
    "reportedCurrency": "USD",
    "cik": "0000864749",
    "fillingDate": "1998-05-15",
    "acceptedDate": "1998-05-15 00:00:00",
    "calendarYear": "1998",
    "period": "Q1",
    "revenue": 76600000,
    "costOfRevenue": 38600000,
    "grossProfit": 38000000,
    "grossProfitRatio": 0.4960835509,
    "researchAndDevelopmentExpenses": 11800000,
    "generalAndAdministrativeExpenses": 0,
    "sellingAndMarketingExpenses": 0,
    "sellingGeneralAndAdministrativeExpenses": 24000000,
    "otherExpenses": 0,
    "operatingExpenses": 35800000,
    "costAndExpenses": 74400000,
    "interestIncome": 0,
    "interestExpense": 0,
    "depreciationAndAmortization": -1100000,
    "ebitda": 4300000,
    "ebitdaratio": 0.0561357702,
    "operatingIncome": 2200000,
    "operatingIncomeRatio": 0.0287206266,
    "totalOtherIncomeExpensesNet": -1900000,
    "incomeBeforeTax": 2400000,
    "incomeBeforeTaxRatio": 0.0313315927,
    "incomeTaxExpense": 500000,
    "netIncome": 1900000,
    "netIncomeRatio": 0.0248041775,
    "eps": 0.015,
    "epsdiluted": 0.0133,
    "weightedAverageShsOut": 126603365,
    "weightedAverageShsOutDil": 142428786,
    "link": "https://www.sec.gov/Archives/edgar/data/864749/000086474998000008/0000864749-98-000008-index.html",
    "finalLink": "https://www.sec.gov/Archives/edgar/data/864749/"
  },
  {
    "date": "1998-01-02",
    "symbol": "TRMB",
    "reportedCurrency": "USD",
    "cik": "0000864749",
    "fillingDate": "1998-03-30",
    "acceptedDate": "1998-03-30 00:00:00",
    "calendarYear": "1997",
    "period": "Q4",
    "revenue": 78100000,
    "costOfRevenue": 28100000,
    "grossProfit": 50000000,
    "grossProfitRatio": 0.6402048656,
    "researchAndDevelopmentExpenses": 11700000,
    "generalAndAdministrativeExpenses": 0,
    "sellingAndMarketingExpenses": 0,
    "sellingGeneralAndAdministrativeExpenses": 23400000,
    "otherExpenses": 12200000,
    "operatingExpenses": 47300000,
    "costAndExpenses": 75400000,
    "interestIncome": 0,
    "interestExpense": 0,
    "depreciationAndAmortization": -1200000,
    "ebitda": 1500000,
    "ebitdaratio": 0.019206146,
    "operatingIncome": 2700000,
    "operatingIncomeRatio": 0.0345710627,
    "totalOtherIncomeExpensesNet": 300000,
    "incomeBeforeTax": 3000000,
    "incomeBeforeTaxRatio": 0.0384122919,
    "incomeTaxExpense": 600000,
    "netIncome": 2400000,
    "netIncomeRatio": 0.0307298335,
    "eps": 0.017,
    "epsdiluted": 0.017,
    "weightedAverageShsOut": 142428786,
    "weightedAverageShsOutDil": 142428786,
    "link": "https://www.sec.gov/Archives/edgar/data/864749/000086474998000004/0000864749-98-000004-index.html",
    "finalLink": "https://www.sec.gov/Archives/edgar/data/864749/"
  },
  {
    "date": "1997-09-30",
    "symbol": "TRMB",
    "reportedCurrency": "USD",
    "cik": "0000864749",
    "fillingDate": "1997-11-12",
    "acceptedDate": "1997-11-12 00:00:00",
    "calendarYear": "1997",
    "period": "Q3",
    "revenue": 64700000,
    "costOfRevenue": 30500000,
    "grossProfit": 34200000,
    "grossProfitRatio": 0.5285935085,
    "researchAndDevelopmentExpenses": 9900000,
    "generalAndAdministrativeExpenses": 0,
    "sellingAndMarketingExpenses": 0,
    "sellingGeneralAndAdministrativeExpenses": 22700000,
    "otherExpenses": 0,
    "operatingExpenses": 32600000,
    "costAndExpenses": 63100000,
    "interestIncome": 0,
    "interestExpense": 0,
    "depreciationAndAmortization": -1200000,
    "ebitda": 4000000,
    "ebitdaratio": 0.0618238022,
    "operatingIncome": 1600000,
    "operatingIncomeRatio": 0.0247295209,
    "totalOtherIncomeExpensesNet": -2000000,
    "incomeBeforeTax": 2000000,
    "incomeBeforeTaxRatio": 0.0309119011,
    "incomeTaxExpense": 400000,
    "netIncome": 1600000,
    "netIncomeRatio": 0.0247295209,
    "eps": 0.0117,
    "epsdiluted": 0.0117,
    "weightedAverageShsOut": 137074320,
    "weightedAverageShsOutDil": 137074320,
    "link": "https://www.sec.gov/Archives/edgar/data/864749/000086474997000015/0000864749-97-000015-index.html",
    "finalLink": "https://www.sec.gov/Archives/edgar/data/864749/"
  },
  {
    "date": "1997-06-30",
    "symbol": "TRMB",
    "reportedCurrency": "USD",
    "cik": "0000864749",
    "fillingDate": "1997-08-14",
    "acceptedDate": "1997-08-14 00:00:00",
    "calendarYear": "1997",
    "period": "Q2",
    "revenue": 68900000,
    "costOfRevenue": 32300000,
    "grossProfit": 36600000,
    "grossProfitRatio": 0.5312046444,
    "researchAndDevelopmentExpenses": 10100000,
    "generalAndAdministrativeExpenses": 0,
    "sellingAndMarketingExpenses": 0,
    "sellingGeneralAndAdministrativeExpenses": 22200000,
    "otherExpenses": 0,
    "operatingExpenses": 32300000,
    "costAndExpenses": 64600000,
    "interestIncome": 0,
    "interestExpense": 0,
    "depreciationAndAmortization": -1200000,
    "ebitda": 3100000,
    "ebitdaratio": 0.0449927431,
    "operatingIncome": 4300000,
    "operatingIncomeRatio": 0.0624092888,
    "totalOtherIncomeExpensesNet": 400000,
    "incomeBeforeTax": 4700000,
    "incomeBeforeTaxRatio": 0.0682148041,
    "incomeTaxExpense": 800000,
    "netIncome": 3900000,
    "netIncomeRatio": 0.0566037736,
    "eps": 0.03,
    "epsdiluted": 0.0283,
    "weightedAverageShsOut": 129935032,
    "weightedAverageShsOutDil": 137578270,
    "link": "https://www.sec.gov/Archives/edgar/data/864749/000086474997000012/0000864749-97-000012-index.html",
    "finalLink": "https://www.sec.gov/Archives/edgar/data/864749/"
  },
  {
    "date": "1997-03-31",
    "symbol": "TRMB",
    "reportedCurrency": "USD",
    "cik": "0000864749",
    "fillingDate": "1997-05-14",
    "acceptedDate": "1997-05-14 00:00:00",
    "calendarYear": "1997",
    "period": "Q1",
    "revenue": 60600000,
    "costOfRevenue": 29000000,
    "grossProfit": 31600000,
    "grossProfitRatio": 0.5214521452,
    "researchAndDevelopmentExpenses": 9000000,
    "generalAndAdministrativeExpenses": 0,
    "sellingAndMarketingExpenses": 0,
    "sellingGeneralAndAdministrativeExpenses": 20800000,
    "otherExpenses": 0,
    "operatingExpenses": 29800000,
    "costAndExpenses": 58800000,
    "interestIncome": 0,
    "interestExpense": 0,
    "depreciationAndAmortization": -1200000,
    "ebitda": 600000,
    "ebitdaratio": 0.0099009901,
    "operatingIncome": 1800000,
    "operatingIncomeRatio": 0.0297029703,
    "totalOtherIncomeExpensesNet": 100000,
    "incomeBeforeTax": 1900000,
    "incomeBeforeTaxRatio": 0.0313531353,
    "incomeTaxExpense": 500000,
    "netIncome": 1400000,
    "netIncomeRatio": 0.0231023102,
    "eps": 0.01,
    "epsdiluted": 0.01,
    "weightedAverageShsOut": 139930035,
    "weightedAverageShsOutDil": 139930035,
    "link": "https://www.sec.gov/Archives/edgar/data/864749/000086474997000006/0000864749-97-000006-index.html",
    "finalLink": "https://www.sec.gov/Archives/edgar/data/864749/"
  },
  {
    "date": "1996-12-31",
    "symbol": "TRMB",
    "reportedCurrency": "USD",
    "cik": "0000864749",
    "fillingDate": "1997-03-26",
    "acceptedDate": "1997-03-26 00:00:00",
    "calendarYear": "1996",
    "period": "Q4",
    "revenue": 64300000,
    "costOfRevenue": 22000000,
    "grossProfit": 42300000,
    "grossProfitRatio": 0.6578538103,
    "researchAndDevelopmentExpenses": 8800000,
    "generalAndAdministrativeExpenses": 0,
    "sellingAndMarketingExpenses": 0,
    "sellingGeneralAndAdministrativeExpenses": 19900000,
    "otherExpenses": 10100000,
    "operatingExpenses": 38800000,
    "costAndExpenses": 60800000,
    "interestIncome": 0,
    "interestExpense": 0,
    "depreciationAndAmortization": 900000,
    "ebitda": 3500000,
    "ebitdaratio": 0.0544323484,
    "operatingIncome": 3500000,
    "operatingIncomeRatio": 0.0544323484,
    "totalOtherIncomeExpensesNet": -2100000,
    "incomeBeforeTax": 1400000,
    "incomeBeforeTaxRatio": 0.0217729393,
    "incomeTaxExpense": 200000,
    "netIncome": 1200000,
    "netIncomeRatio": 0.0186625194,
    "eps": 0.0086,
    "epsdiluted": 0.0086,
    "weightedAverageShsOut": 139930035,
    "weightedAverageShsOutDil": 139930035,
    "link": "https://www.sec.gov/Archives/edgar/data/864749/000086474997000003/0000864749-97-000003-index.html",
    "finalLink": "https://www.sec.gov/Archives/edgar/data/864749/"
  },
  {
    "date": "1996-09-30",
    "symbol": "TRMB",
    "reportedCurrency": "USD",
    "cik": "0000864749",
    "fillingDate": "1996-11-14",
    "acceptedDate": "1996-11-14 00:00:00",
    "calendarYear": "1996",
    "period": "Q3",
    "revenue": 54100000,
    "costOfRevenue": 27500000,
    "grossProfit": 26600000,
    "grossProfitRatio": 0.4916820702,
    "researchAndDevelopmentExpenses": 9900000,
    "generalAndAdministrativeExpenses": 0,
    "sellingAndMarketingExpenses": 0,
    "sellingGeneralAndAdministrativeExpenses": 25200000,
    "otherExpenses": 0,
    "operatingExpenses": 35100000,
    "costAndExpenses": 62600000,
    "interestIncome": 0,
    "interestExpense": 0,
    "depreciationAndAmortization": -1100000,
    "ebitda": -9600000,
    "ebitdaratio": -0.1774491682,
    "operatingIncome": -8500000,
    "operatingIncomeRatio": -0.157116451,
    "totalOtherIncomeExpensesNet": 100000,
    "incomeBeforeTax": -8400000,
    "incomeBeforeTaxRatio": -0.1552680222,
    "incomeTaxExpense": 400000,
    "netIncome": -8800000,
    "netIncomeRatio": -0.1626617375,
    "eps": -0.0667,
    "epsdiluted": -0.0667,
    "weightedAverageShsOut": 131934033,
    "weightedAverageShsOutDil": 131934033,
    "link": "https://www.sec.gov/Archives/edgar/data/864749/000086474996000012/0000864749-96-000012-index.html",
    "finalLink": "https://www.sec.gov/Archives/edgar/data/864749/"
  },
  {
    "date": "1996-06-30",
    "symbol": "TRMB",
    "reportedCurrency": "USD",
    "cik": "0000864749",
    "fillingDate": "1996-08-13",
    "acceptedDate": "1996-08-13 00:00:00",
    "calendarYear": "1996",
    "period": "Q2",
    "revenue": 58600000,
    "costOfRevenue": 27000000,
    "grossProfit": 31600000,
    "grossProfitRatio": 0.5392491468,
    "researchAndDevelopmentExpenses": 9100000,
    "generalAndAdministrativeExpenses": 0,
    "sellingAndMarketingExpenses": 0,
    "sellingGeneralAndAdministrativeExpenses": 25900000,
    "otherExpenses": 0,
    "operatingExpenses": 35000000,
    "costAndExpenses": 62000000,
    "interestIncome": 0,
    "interestExpense": 0,
    "depreciationAndAmortization": -1200000,
    "ebitda": -4600000,
    "ebitdaratio": -0.0784982935,
    "operatingIncome": -3400000,
    "operatingIncomeRatio": -0.0580204778,
    "totalOtherIncomeExpensesNet": 200000,
    "incomeBeforeTax": -3200000,
    "incomeBeforeTaxRatio": -0.0546075085,
    "incomeTaxExpense": -600000,
    "netIncome": -2600000,
    "netIncomeRatio": -0.0443686007,
    "eps": -0.02,
    "epsdiluted": -0.02,
    "weightedAverageShsOut": 129935032,
    "weightedAverageShsOutDil": 129935032,
    "link": "https://www.sec.gov/Archives/edgar/data/864749/000086474996000008/0000864749-96-000008-index.html",
    "finalLink": "https://www.sec.gov/Archives/edgar/data/864749/"
  },
  {
    "date": "1996-03-31",
    "symbol": "TRMB",
    "reportedCurrency": "USD",
    "cik": "0000864749",
    "fillingDate": "1996-03-31",
    "acceptedDate": "1996-03-31 00:00:00",
    "calendarYear": "1996",
    "period": "Q1",
    "revenue": 56700000,
    "costOfRevenue": 26000000,
    "grossProfit": 30700000,
    "grossProfitRatio": 0.5414462081,
    "researchAndDevelopmentExpenses": 8700000,
    "generalAndAdministrativeExpenses": 0,
    "sellingAndMarketingExpenses": 0,
    "sellingGeneralAndAdministrativeExpenses": 23500000,
    "otherExpenses": 0,
    "operatingExpenses": 32200000,
    "costAndExpenses": 58200000,
    "interestIncome": 0,
    "interestExpense": 0,
    "depreciationAndAmortization": -1100000,
    "ebitda": -2600000,
    "ebitdaratio": -0.0458553792,
    "operatingIncome": -1500000,
    "operatingIncomeRatio": -0.0264550265,
    "totalOtherIncomeExpensesNet": 100000,
    "incomeBeforeTax": -1400000,
    "incomeBeforeTaxRatio": -0.024691358,
    "incomeTaxExpense": -300000,
    "netIncome": -1100000,
    "netIncomeRatio": -0.0194003527,
    "eps": -0.0083,
    "epsdiluted": -0.0083,
    "weightedAverageShsOut": 131934033,
    "weightedAverageShsOutDil": 131934033,
    "link": null,
    "finalLink": null
  },
  {
    "date": "1995-12-31",
    "symbol": "TRMB",
    "reportedCurrency": "USD",
    "cik": "0000864749",
    "fillingDate": "1995-12-31",
    "acceptedDate": "1995-12-31 00:00:00",
    "calendarYear": "1995",
    "period": "Q4",
    "revenue": 63700000,
    "costOfRevenue": 23400000,
    "grossProfit": 40300000,
    "grossProfitRatio": 0.6326530612,
    "researchAndDevelopmentExpenses": 700000,
    "generalAndAdministrativeExpenses": 0,
    "sellingAndMarketingExpenses": 0,
    "sellingGeneralAndAdministrativeExpenses": 31000000,
    "otherExpenses": 8000000,
    "operatingExpenses": 39700000,
    "costAndExpenses": 63100000,
    "interestIncome": 0,
    "interestExpense": 0,
    "depreciationAndAmortization": -1300000,
    "ebitda": -700000,
    "ebitdaratio": -0.010989011,
    "operatingIncome": 600000,
    "operatingIncomeRatio": 0.0094191523,
    "totalOtherIncomeExpensesNet": 300000,
    "incomeBeforeTax": 900000,
    "incomeBeforeTaxRatio": 0.0141287284,
    "incomeTaxExpense": 200000,
    "netIncome": 700000,
    "netIncomeRatio": 0.010989011,
    "eps": 0.0053,
    "epsdiluted": 0.0053,
    "weightedAverageShsOut": 131934033,
    "weightedAverageShsOutDil": 131934033,
    "link": null,
    "finalLink": null
  },
  {
    "date": "1995-09-30",
    "symbol": "TRMB",
    "reportedCurrency": "USD",
    "cik": "0000864749",
    "fillingDate": "1995-09-30",
    "acceptedDate": "1995-09-30 00:00:00",
    "calendarYear": "1995",
    "period": "Q3",
    "revenue": 62800000,
    "costOfRevenue": 27500000,
    "grossProfit": 35300000,
    "grossProfitRatio": 0.5621019108,
    "researchAndDevelopmentExpenses": 8200000,
    "generalAndAdministrativeExpenses": 0,
    "sellingAndMarketingExpenses": 0,
    "sellingGeneralAndAdministrativeExpenses": 22400000,
    "otherExpenses": 0,
    "operatingExpenses": 30600000,
    "costAndExpenses": 58100000,
    "interestIncome": 0,
    "interestExpense": 0,
    "depreciationAndAmortization": -1300000,
    "ebitda": 3400000,
    "ebitdaratio": 0.0541401274,
    "operatingIncome": 4700000,
    "operatingIncomeRatio": 0.0748407643,
    "totalOtherIncomeExpensesNet": 300000,
    "incomeBeforeTax": 5000000,
    "incomeBeforeTaxRatio": 0.0796178344,
    "incomeTaxExpense": 700000,
    "netIncome": 4300000,
    "netIncomeRatio": 0.0684713376,
    "eps": 0.0334,
    "epsdiluted": 0.0334,
    "weightedAverageShsOut": 128935532,
    "weightedAverageShsOutDil": 128935532,
    "link": null,
    "finalLink": null
  }
]