[
  {
    "date": "2025-01-03",
    "symbol": "TRMB",
    "reportedCurrency": "USD",
    "cik": "0000864749",
    "fillingDate": "2025-04-25",
    "acceptedDate": "2025-04-25 15:04:22",
    "calendarYear": "2024",
    "period": "FY",
    "revenue": 3683300000,
    "costOfRevenue": 1287000000,
    "grossProfit": 2396300000,
    "grossProfitRatio": 0.6505850732,
    "researchAndDevelopmentExpenses": 662300000,
    "generalAndAdministrativeExpenses": 547900000,
    "sellingAndMarketingExpenses": 603800000,
    "sellingGeneralAndAdministrativeExpenses": 1151700000,
    "otherExpenses": 121600000,
    "operatingExpenses": 1935600000,
    "costAndExpenses": 3222600000,
    "interestIncome": 0,
    "interestExpense": 90700000,
    "depreciationAndAmortization": 232000000,
    "ebitda": 2328600000,
    "ebitdaratio": 0.6322048163,
    "operatingIncome": 460700000,
    "operatingIncomeRatio": 0.125078055,
    "totalOtherIncomeExpensesNet": 1545200000,
    "incomeBeforeTax": 2005900000,
    "incomeBeforeTaxRatio": 0.5445931637,
    "incomeTaxExpense": 501500000,
    "netIncome": 1504400000,
    "netIncomeRatio": 0.4084380854,
    "eps": 6.13,
    "epsdiluted": 6.09,
    "weightedAverageShsOut": 245500000,
    "weightedAverageShsOutDil": 247200000,
    "link": "https://www.sec.gov/Archives/edgar/data/864749/000086474925000090/0000864749-25-000090-index.htm",
    "finalLink": "https://www.sec.gov/Archives/edgar/data/864749/000086474925000090/trmb-20250103.htm"
  },
  {
    "date": "2023-12-29",
    "symbol": "TRMB",
    "reportedCurrency": "USD",
    "cik": "0000864749",
    "fillingDate": "2024-02-26",
    "acceptedDate": "2024-02-26 16:35:46",
    "calendarYear": "2023",
    "period": "FY",
    "revenue": 3798700000,
    "costOfRevenue": 1465900000,
    "grossProfit": 2332800000,
    "grossProfitRatio": 0.6141048253,
    "researchAndDevelopmentExpenses": 664300000,
    "generalAndAdministrativeExpenses": 487500000,
    "sellingAndMarketingExpenses": 583000000,
    "sellingGeneralAndAdministrativeExpenses": 1070500000,
    "otherExpenses": 149200000,
    "operatingExpenses": 1884000000,
    "costAndExpenses": 3349900000,
    "interestIncome": 0,
    "interestExpense": 161000000,
    "depreciationAndAmortization": 250600000,
    "ebitda": 768600000,
    "ebitdaratio": 0.2023323769,
    "operatingIncome": 448800000,
    "operatingIncomeRatio": 0.1181456814,
    "totalOtherIncomeExpensesNet": -91800000,
    "incomeBeforeTax": 357000000,
    "incomeBeforeTaxRatio": 0.0939795193,
    "incomeTaxExpense": 45700000,
    "netIncome": 311300000,
    "netIncomeRatio": 0.0819490878,
    "eps": 1.26,
    "epsdiluted": 1.25,
    "weightedAverageShsOut": 247900000,
    "weightedAverageShsOutDil": 249100000,
    "link": "https://www.sec.gov/Archives/edgar/data/864749/000086474924000047/0000864749-24-000047-index.htm",
    "finalLink": "https://www.sec.gov/Archives/edgar/data/864749/000086474924000047/trmb-20231229.htm"
  },
  {
    "date": "2022-12-30",
    "symbol": "TRMB",
    "reportedCurrency": "USD",
    "cik": "0000864749",
    "fillingDate": "2023-02-17",
    "acceptedDate": "2023-02-17 16:55:04",
    "calendarYear": "2022",
    "period": "FY",
    "revenue": 3676300000,
    "costOfRevenue": 1570700000,
    "grossProfit": 2105600000,
    "grossProfitRatio": 0.5727497756,
    "researchAndDevelopmentExpenses": 542100000,
    "generalAndAdministrativeExpenses": 422200000,
    "sellingAndMarketingExpenses": 553600000,
    "sellingGeneralAndAdministrativeExpenses": 975800000,
    "otherExpenses": 76800000,
    "operatingExpenses": 1594700000,
    "costAndExpenses": 3165400000,
    "interestIncome": 0,
    "interestExpense": 71100000,
    "depreciationAndAmortization": 171800000,
    "ebitda": 747400000,
    "ebitdaratio": 0.2033022332,
    "operatingIncome": 510900000,
    "operatingIncomeRatio": 0.1389712483,
    "totalOtherIncomeExpensesNet": 58200000,
    "incomeBeforeTax": 569100000,
    "incomeBeforeTaxRatio": 0.1548023828,
    "incomeTaxExpense": 119400000,
    "netIncome": 449700000,
    "netIncomeRatio": 0.1223240758,
    "eps": 1.81,
    "epsdiluted": 1.8,
    "weightedAverageShsOut": 248600000,
    "weightedAverageShsOutDil": 250200000,
    "link": "https://www.sec.gov/Archives/edgar/data/864749/000086474923000012/0000864749-23-000012-index.htm",
    "finalLink": "https://www.sec.gov/Archives/edgar/data/864749/000086474923000012/trmb-20221230.htm"
  },
  {
    "date": "2021-12-31",
    "symbol": "TRMB",
    "reportedCurrency": "USD",
    "cik": "0000864749",
    "fillingDate": "2022-02-23",
    "acceptedDate": "2022-02-22 20:13:12",
    "calendarYear": "2021",
    "period": "FY",
    "revenue": 3659100000,
    "costOfRevenue": 1624400000,
    "grossProfit": 2034700000,
    "grossProfitRatio": 0.5560656992,
    "researchAndDevelopmentExpenses": 536600000,
    "generalAndAdministrativeExpenses": 369100000,
    "sellingAndMarketingExpenses": 506800000,
    "sellingGeneralAndAdministrativeExpenses": 875900000,
    "otherExpenses": 50900000,
    "operatingExpenses": 1463400000,
    "costAndExpenses": 3087800000,
    "interestIncome": 0,
    "interestExpense": 65400000,
    "depreciationAndAmortization": 205800000,
    "ebitda": 845800000,
    "ebitdaratio": 0.2311497363,
    "operatingIncome": 561000000,
    "operatingIncomeRatio": 0.1533163893,
    "totalOtherIncomeExpensesNet": 13600000,
    "incomeBeforeTax": 574600000,
    "incomeBeforeTaxRatio": 0.1570331502,
    "incomeTaxExpense": 81800000,
    "netIncome": 492800000,
    "netIncomeRatio": 0.1346779263,
    "eps": 1.96,
    "epsdiluted": 1.94,
    "weightedAverageShsOut": 251400000,
    "weightedAverageShsOutDil": 254300000,
    "link": "https://www.sec.gov/Archives/edgar/data/864749/000086474922000044/0000864749-22-000044-index.htm",
    "finalLink": "https://www.sec.gov/Archives/edgar/data/864749/000086474922000044/trmb-20211231.htm"
  },
  {
    "date": "2021-01-01",
    "symbol": "TRMB",
    "reportedCurrency": "USD",
    "cik": "0000864749",
    "fillingDate": "2021-02-26",
    "acceptedDate": "2021-02-26 16:47:39",
    "calendarYear": "2020",
    "period": "FY",
    "revenue": 3147700000,
    "costOfRevenue": 1392800000,
    "grossProfit": 1754900000,
    "grossProfitRatio": 0.5575181879,
    "researchAndDevelopmentExpenses": 475900000,
    "generalAndAdministrativeExpenses": 300900000,
    "sellingAndMarketingExpenses": 467000000,
    "sellingGeneralAndAdministrativeExpenses": 767900000,
    "otherExpenses": 91300000,
    "operatingExpenses": 1335100000,
    "costAndExpenses": 2727900000,
    "interestIncome": 0,
    "interestExpense": 77600000,
    "depreciationAndAmortization": 220300000,
    "ebitda": 692900000,
    "ebitdaratio": 0.2201289831,
    "operatingIncome": 419800000,
    "operatingIncomeRatio": 0.1333672205,
    "totalOtherIncomeExpensesNet": -24800000,
    "incomeBeforeTax": 395000000,
    "incomeBeforeTaxRatio": 0.1254884519,
    "incomeTaxExpense": 4400000,
    "netIncome": 389900000,
    "netIncomeRatio": 0.1238682212,
    "eps": 1.56,
    "epsdiluted": 1.55,
    "weightedAverageShsOut": 250500000,
    "weightedAverageShsOutDil": 252300000,
    "link": "https://www.sec.gov/Archives/edgar/data/864749/000086474921000029/0000864749-21-000029-index.htm",
    "finalLink": "https://www.sec.gov/Archives/edgar/data/864749/000086474921000029/trmb-20210101.htm"
  },
  {
    "date": "2020-01-03",
    "symbol": "TRMB",
    "reportedCurrency": "USD",
    "cik": "0000864749",
    "fillingDate": "2020-02-28",
    "acceptedDate": "2020-02-28 15:46:26",
    "calendarYear": "2019",
    "period": "FY",
    "revenue": 3264300000,
    "costOfRevenue": 1483400000,
    "grossProfit": 1780900000,
    "grossProfitRatio": 0.5455687284,
    "researchAndDevelopmentExpenses": 469700000,
    "generalAndAdministrativeExpenses": 330600000,
    "sellingAndMarketingExpenses": 504200000,
    "sellingGeneralAndAdministrativeExpenses": 834800000,
    "otherExpenses": 73700000,
    "operatingExpenses": 1378200000,
    "costAndExpenses": 2861600000,
    "interestIncome": 0,
    "interestExpense": 82400000,
    "depreciationAndAmortization": 229500000,
    "ebitda": 656700000,
    "ebitdaratio": 0.2011763625,
    "operatingIncome": 375900000,
    "operatingIncomeRatio": 0.1151548571,
    "totalOtherIncomeExpensesNet": -31100000,
    "incomeBeforeTax": 344800000,
    "incomeBeforeTaxRatio": 0.1056275465,
    "incomeTaxExpense": -169700000,
    "netIncome": 514300000,
    "netIncomeRatio": 0.157552921,
    "eps": 2.05,
    "epsdiluted": 2.03,
    "weightedAverageShsOut": 250800000,
    "weightedAverageShsOutDil": 252900000,
    "link": "https://www.sec.gov/Archives/edgar/data/864749/000086474920000029/0000864749-20-000029-index.htm",
    "finalLink": "https://www.sec.gov/Archives/edgar/data/864749/000086474920000029/trmb201910k.htm"
  },
  {
    "date": "2018-12-28",
    "symbol": "TRMB",
    "reportedCurrency": "USD",
    "cik": "0000864749",
    "fillingDate": "2019-02-22",
    "acceptedDate": "2019-02-21 20:05:10",
    "calendarYear": "2018",
    "period": "FY",
    "revenue": 3108400000,
    "costOfRevenue": 1427400000,
    "grossProfit": 1681000000,
    "grossProfitRatio": 0.5407926908,
    "researchAndDevelopmentExpenses": 446100000,
    "generalAndAdministrativeExpenses": 349800000,
    "sellingAndMarketingExpenses": 479800000,
    "sellingGeneralAndAdministrativeExpenses": 829600000,
    "otherExpenses": 1300000,
    "operatingExpenses": 1352100000,
    "costAndExpenses": 2779500000,
    "interestIncome": 0,
    "interestExpense": 73200000,
    "depreciationAndAmortization": 238800000,
    "ebitda": 590000000,
    "ebitdaratio": 0.1898082615,
    "operatingIncome": 320700000,
    "operatingIncomeRatio": 0.1031720499,
    "totalOtherIncomeExpensesNet": -42700000,
    "incomeBeforeTax": 278000000,
    "incomeBeforeTaxRatio": 0.0894350791,
    "incomeTaxExpense": -5300000,
    "netIncome": 282800000,
    "netIncomeRatio": 0.0909792819,
    "eps": 1.13,
    "epsdiluted": 1.12,
    "weightedAverageShsOut": 250000000,
    "weightedAverageShsOutDil": 253400000,
    "link": "https://www.sec.gov/Archives/edgar/data/864749/000086474919000006/0000864749-19-000006-index.htm",
    "finalLink": "https://www.sec.gov/Archives/edgar/data/864749/000086474919000006/trmb201810k.htm"
  },
  {
    "date": "2017-12-29",
    "symbol": "TRMB",
    "reportedCurrency": "USD",
    "cik": "0000864749",
    "fillingDate": "2018-02-27",
    "acceptedDate": "2018-02-26 18:52:15",
    "calendarYear": "2017",
    "period": "FY",
    "revenue": 2654200000,
    "costOfRevenue": 1261600000,
    "grossProfit": 1392600000,
    "grossProfitRatio": 0.524677869,
    "researchAndDevelopmentExpenses": 370200000,
    "generalAndAdministrativeExpenses": 302300000,
    "sellingAndMarketingExpenses": 404200000,
    "sellingGeneralAndAdministrativeExpenses": 706500000,
    "otherExpenses": 5300000,
    "operatingExpenses": 1139700000,
    "costAndExpenses": 2401300000,
    "interestIncome": 0,
    "interestExpense": 25000000,
    "depreciationAndAmortization": 204700000,
    "ebitda": 478100000,
    "ebitdaratio": 0.1801296059,
    "operatingIncome": 246000000,
    "operatingIncomeRatio": 0.0926832944,
    "totalOtherIncomeExpensesNet": -72500000,
    "incomeBeforeTax": 259100000,
    "incomeBeforeTaxRatio": 0.0976188682,
    "incomeTaxExpense": 137900000,
    "netIncome": 121100000,
    "netIncomeRatio": 0.0456258006,
    "eps": 0.48,
    "epsdiluted": 0.47,
    "weightedAverageShsOut": 252100000,
    "weightedAverageShsOutDil": 256700000,
    "link": "https://www.sec.gov/Archives/edgar/data/864749/000086474918000010/0000864749-18-000010-index.htm",
    "finalLink": "https://www.sec.gov/Archives/edgar/data/864749/000086474918000010/trmb201710k.htm"
  },
  {
    "date": "2016-12-30",
    "symbol": "TRMB",
    "reportedCurrency": "USD",
    "cik": "0000864749",
    "fillingDate": "2017-02-24",
    "acceptedDate": "2017-02-24 17:27:06",
    "calendarYear": "2016",
    "period": "FY",
    "revenue": 2362200000,
    "costOfRevenue": 1124200000,
    "grossProfit": 1238000000,
    "grossProfitRatio": 0.5240877148,
    "researchAndDevelopmentExpenses": 349600000,
    "generalAndAdministrativeExpenses": 256000000,
    "sellingAndMarketingExpenses": 377600000,
    "sellingGeneralAndAdministrativeExpenses": 633600000,
    "otherExpenses": 5900000,
    "operatingExpenses": 1045400000,
    "costAndExpenses": 2169600000,
    "interestIncome": 0,
    "interestExpense": 25900000,
    "depreciationAndAmortization": 187800000,
    "ebitda": 388300000,
    "ebitdaratio": 0.1643806621,
    "operatingIncome": 181000000,
    "operatingIncomeRatio": 0.0766234866,
    "totalOtherIncomeExpensesNet": -4300000,
    "incomeBeforeTax": 176700000,
    "incomeBeforeTaxRatio": 0.0748031496,
    "incomeTaxExpense": 44500000,
    "netIncome": 132400000,
    "netIncomeRatio": 0.0560494454,
    "eps": 0.53,
    "epsdiluted": 0.52,
    "weightedAverageShsOut": 250500000,
    "weightedAverageShsOutDil": 253900000,
    "link": "https://www.sec.gov/Archives/edgar/data/864749/000086474917000007/0000864749-17-000007-index.htm",
    "finalLink": "https://www.sec.gov/Archives/edgar/data/864749/000086474917000007/trmb201610k.htm"
  },
  {
    "date": "2016-01-01",
    "symbol": "TRMB",
    "reportedCurrency": "USD",
    "cik": "0000864749",
    "fillingDate": "2016-02-24",
    "acceptedDate": "2016-02-24 16:56:02",
    "calendarYear": "2015",
    "period": "FY",
    "revenue": 2290400000,
    "costOfRevenue": 1088200000,
    "grossProfit": 1202200000,
    "grossProfitRatio": 0.5248864827,
    "researchAndDevelopmentExpenses": 336700000,
    "generalAndAdministrativeExpenses": 255300000,
    "sellingAndMarketingExpenses": 374600000,
    "sellingGeneralAndAdministrativeExpenses": 629900000,
    "otherExpenses": 4900000,
    "operatingExpenses": 1036400000,
    "costAndExpenses": 2124600000,
    "interestIncome": 0,
    "interestExpense": 25600000,
    "depreciationAndAmortization": 199100000,
    "ebitda": 376200000,
    "ebitdaratio": 0.1642507859,
    "operatingIncome": 154400000,
    "operatingIncomeRatio": 0.0674118058,
    "totalOtherIncomeExpensesNet": -2600000,
    "incomeBeforeTax": 151800000,
    "incomeBeforeTaxRatio": 0.0662766329,
    "incomeTaxExpense": 31100000,
    "netIncome": 121100000,
    "netIncomeRatio": 0.0528728606,
    "eps": 0.47,
    "epsdiluted": 0.47,
    "weightedAverageShsOut": 255800000,
    "weightedAverageShsOutDil": 258500000,
    "link": "https://www.sec.gov/Archives/edgar/data/864749/000086474916000092/0000864749-16-000092-index.htm",
    "finalLink": "https://www.sec.gov/Archives/edgar/data/864749/000086474916000092/trmb201510k.htm"
  },
  {
    "date": "2015-01-02",
    "symbol": "TRMB",
    "reportedCurrency": "USD",
    "cik": "0000864749",
    "fillingDate": "2015-02-25",
    "acceptedDate": "2015-02-24 20:09:12",
    "calendarYear": "2014",
    "period": "FY",
    "revenue": 2395546000,
    "costOfRevenue": 1104702000,
    "grossProfit": 1290844000,
    "grossProfitRatio": 0.5388516856,
    "researchAndDevelopmentExpenses": 317992000,
    "generalAndAdministrativeExpenses": 247120000,
    "sellingAndMarketingExpenses": 387569000,
    "sellingGeneralAndAdministrativeExpenses": 634689000,
    "otherExpenses": 16589000,
    "operatingExpenses": 1028280000,
    "costAndExpenses": 2132982000,
    "interestIncome": 0,
    "interestExpense": 18681000,
    "depreciationAndAmortization": 191641000,
    "ebitda": 476337000,
    "ebitdaratio": 0.198842769,
    "operatingIncome": 260823000,
    "operatingIncomeRatio": 0.10887831,
    "totalOtherIncomeExpensesNet": 5215000,
    "incomeBeforeTax": 266015000,
    "incomeBeforeTaxRatio": 0.1110456656,
    "incomeTaxExpense": 52127000,
    "netIncome": 214118000,
    "netIncomeRatio": 0.0893817109,
    "eps": 0.82,
    "epsdiluted": 0.81,
    "weightedAverageShsOut": 260103000,
    "weightedAverageShsOutDil": 264456000,
    "link": "https://www.sec.gov/Archives/edgar/data/864749/000086474915000002/0000864749-15-000002-index.htm",
    "finalLink": "https://www.sec.gov/Archives/edgar/data/864749/000086474915000002/trmb201410k.htm"
  },
  {
    "date": "2014-01-03",
    "symbol": "TRMB",
    "reportedCurrency": "USD",
    "cik": "0000864749",
    "fillingDate": "2014-02-25",
    "acceptedDate": "2014-02-25 14:06:18",
    "calendarYear": "2013",
    "period": "FY",
    "revenue": 2288124000,
    "costOfRevenue": 1084302000,
    "grossProfit": 1203822000,
    "grossProfitRatio": 0.5261174657,
    "researchAndDevelopmentExpenses": 299421000,
    "generalAndAdministrativeExpenses": 216876000,
    "sellingAndMarketingExpenses": 348106000,
    "sellingGeneralAndAdministrativeExpenses": 564982000,
    "otherExpenses": -1017000,
    "operatingExpenses": 946125000,
    "costAndExpenses": 2030427000,
    "interestIncome": 0,
    "interestExpense": 17582000,
    "depreciationAndAmortization": 189577000,
    "ebitda": 460023000,
    "ebitdaratio": 0.2010481075,
    "operatingIncome": 251737000,
    "operatingIncomeRatio": 0.11001895,
    "totalOtherIncomeExpensesNet": 1164000,
    "incomeBeforeTax": 252864000,
    "incomeBeforeTaxRatio": 0.1105114933,
    "incomeTaxExpense": 34698000,
    "netIncome": 218855000,
    "netIncomeRatio": 0.0956482254,
    "eps": 0.85,
    "epsdiluted": 0.84,
    "weightedAverageShsOut": 256648000,
    "weightedAverageShsOutDil": 261206000,
    "link": "https://www.sec.gov/Archives/edgar/data/864749/000086474914000021/0000864749-14-000021-index.htm",
    "finalLink": "https://www.sec.gov/Archives/edgar/data/864749/000086474914000021/trmb201310k.htm"
  },
  {
    "date": "2012-12-28",
    "symbol": "TRMB",
    "reportedCurrency": "USD",
    "cik": "0000864749",
    "fillingDate": "2013-02-25",
    "acceptedDate": "2013-02-25 17:07:39",
    "calendarYear": "2012",
    "period": "FY",
    "revenue": 2040113000,
    "costOfRevenue": 993936000,
    "grossProfit": 1046177000,
    "grossProfitRatio": 0.5128034575,
    "researchAndDevelopmentExpenses": 256458000,
    "generalAndAdministrativeExpenses": 195802000,
    "sellingAndMarketingExpenses": 313692000,
    "sellingGeneralAndAdministrativeExpenses": 509494000,
    "otherExpenses": 11012000,
    "operatingExpenses": 831382000,
    "costAndExpenses": 1825318000,
    "interestIncome": 0,
    "interestExpense": 16357000,
    "depreciationAndAmortization": 149398000,
    "ebitda": 395179000,
    "ebitdaratio": 0.1937044664,
    "operatingIncome": 212568000,
    "operatingIncomeRatio": 0.1041942285,
    "totalOtherIncomeExpensesNet": -22313000,
    "incomeBeforeTax": 229424000,
    "incomeBeforeTaxRatio": 0.1124565159,
    "incomeTaxExpense": 39708000,
    "netIncome": 191060000,
    "netIncomeRatio": 0.0936516752,
    "eps": 0.76,
    "epsdiluted": 0.75,
    "weightedAverageShsOut": 251132000,
    "weightedAverageShsOutDil": 256774000,
    "link": "https://www.sec.gov/Archives/edgar/data/864749/000086474913000005/0000864749-13-000005-index.htm",
    "finalLink": "https://www.sec.gov/Archives/edgar/data/864749/000086474913000005/trmb201210k.htm"
  },
  {
    "date": "2011-12-30",
    "symbol": "TRMB",
    "reportedCurrency": "USD",
    "cik": "0000864749",
    "fillingDate": "2012-03-02",
    "acceptedDate": "2012-03-01 17:37:04",
    "calendarYear": "2011",
    "period": "FY",
    "revenue": 1644065000,
    "costOfRevenue": 814484000,
    "grossProfit": 829581000,
    "grossProfitRatio": 0.5045913635,
    "researchAndDevelopmentExpenses": 197007000,
    "generalAndAdministrativeExpenses": 158375000,
    "sellingAndMarketingExpenses": 266804000,
    "sellingGeneralAndAdministrativeExpenses": 425179000,
    "otherExpenses": 48705000,
    "operatingExpenses": 670891000,
    "costAndExpenses": 1485375000,
    "interestIncome": 1364000,
    "interestExpense": 8641000,
    "depreciationAndAmortization": 105669000,
    "ebitda": 281764000,
    "ebitdaratio": 0.1713825183,
    "operatingIncome": 156402000,
    "operatingIncomeRatio": 0.0951312752,
    "totalOtherIncomeExpensesNet": 11052000,
    "incomeBeforeTax": 167454000,
    "incomeBeforeTaxRatio": 0.1018536372,
    "incomeTaxExpense": 18545000,
    "netIncome": 150755000,
    "netIncomeRatio": 0.0916964962,
    "eps": 0.62,
    "epsdiluted": 0.6,
    "weightedAverageShsOut": 245450000,
    "weightedAverageShsOutDil": 252266000,
    "link": "https://www.sec.gov/Archives/edgar/data/864749/000119312512092527/0001193125-12-092527-index.htm",
    "finalLink": "https://www.sec.gov/Archives/edgar/data/864749/000119312512092527/d310070d10ka.htm"
  },
  {
    "date": "2010-12-31",
    "symbol": "TRMB",
    "reportedCurrency": "USD",
    "cik": "0000864749",
    "fillingDate": "2011-03-01",
    "acceptedDate": "2011-02-28 19:01:18",
    "calendarYear": "2010",
    "period": "FY",
    "revenue": 1293937000,
    "costOfRevenue": 648436000,
    "grossProfit": 645501000,
    "grossProfitRatio": 0.4988658644,
    "researchAndDevelopmentExpenses": 150089000,
    "generalAndAdministrativeExpenses": 118352000,
    "sellingAndMarketingExpenses": 215127000,
    "sellingGeneralAndAdministrativeExpenses": 333479000,
    "otherExpenses": 32739000,
    "operatingExpenses": 516307000,
    "costAndExpenses": 1164743000,
    "interestIncome": 1083000,
    "interestExpense": 1752000,
    "depreciationAndAmortization": 75837000,
    "ebitda": 218676000,
    "ebitdaratio": 0.1690005,
    "operatingIncome": 127602000,
    "operatingIncomeRatio": 0.0986153113,
    "totalOtherIncomeExpensesNet": 13485000,
    "incomeBeforeTax": 141087000,
    "incomeBeforeTaxRatio": 0.1090369933,
    "incomeTaxExpense": 37474000,
    "netIncome": 103660000,
    "netIncomeRatio": 0.080112092,
    "eps": 0.43,
    "epsdiluted": 0.42,
    "weightedAverageShsOut": 240704000,
    "weightedAverageShsOutDil": 247596000,
    "link": "https://www.sec.gov/Archives/edgar/data/864749/000119312511050403/0001193125-11-050403-index.htm",
    "finalLink": "https://www.sec.gov/Archives/edgar/data/864749/000119312511050403/d10k.htm"
  },
  {
    "date": "2010-01-01",
    "symbol": "TRMB",
    "reportedCurrency": "USD",
    "cik": "0000864749",
    "fillingDate": "2010-02-26",
    "acceptedDate": "2010-02-26 17:24:06",
    "calendarYear": "2009",
    "period": "FY",
    "revenue": 1126259000,
    "costOfRevenue": 576391000,
    "grossProfit": 549868000,
    "grossProfitRatio": 0.4882251773,
    "researchAndDevelopmentExpenses": 136639000,
    "generalAndAdministrativeExpenses": 100830000,
    "sellingAndMarketingExpenses": 189859000,
    "sellingGeneralAndAdministrativeExpenses": 290689000,
    "otherExpenses": 30335000,
    "operatingExpenses": 457663000,
    "costAndExpenses": 1034054000,
    "interestIncome": 783000,
    "interestExpense": 1812000,
    "depreciationAndAmortization": 71467000,
    "ebitda": 160900000,
    "ebitdaratio": 0.1428623434,
    "operatingIncome": 85820000,
    "operatingIncomeRatio": 0.0761991691,
    "totalOtherIncomeExpensesNet": 1801000,
    "incomeBeforeTax": 87621000,
    "incomeBeforeTaxRatio": 0.0777982684,
    "incomeTaxExpense": 23658000,
    "netIncome": 63446000,
    "netIncomeRatio": 0.0563334011,
    "eps": 0.27,
    "epsdiluted": 0.26,
    "weightedAverageShsOut": 239628000,
    "weightedAverageShsOutDil": 244416000,
    "link": "https://www.sec.gov/Archives/edgar/data/864749/000114036110008828/0001140361-10-008828-index.htm",
    "finalLink": "https://www.sec.gov/Archives/edgar/data/864749/000114036110008828/form10-k.htm"
  },
  {
    "date": "2009-01-02",
    "symbol": "TRMB",
    "reportedCurrency": "USD",
    "cik": "0000864749",
    "fillingDate": "2009-03-03",
    "acceptedDate": "2009-03-02 20:36:00",
    "calendarYear": "2008",
    "period": "FY",
    "revenue": 1329234000,
    "costOfRevenue": 680098000,
    "grossProfit": 649136000,
    "grossProfitRatio": 0.4883534427,
    "researchAndDevelopmentExpenses": 148265000,
    "generalAndAdministrativeExpenses": 0,
    "sellingAndMarketingExpenses": 0,
    "sellingGeneralAndAdministrativeExpenses": 290313000,
    "otherExpenses": 22376000,
    "operatingExpenses": 460954000,
    "costAndExpenses": 1141052000,
    "interestIncome": 2044000,
    "interestExpense": 2760000,
    "depreciationAndAmortization": 64282000,
    "ebitda": 258295000,
    "ebitdaratio": 0.1943186828,
    "operatingIncome": 185460000,
    "operatingIncomeRatio": 0.1395239664,
    "totalOtherIncomeExpensesNet": 5983000,
    "incomeBeforeTax": 191962000,
    "incomeBeforeTaxRatio": 0.1444155055,
    "incomeTaxExpense": 50490000,
    "netIncome": 141472000,
    "netIncomeRatio": 0.1064312228,
    "eps": 0.59,
    "epsdiluted": 0.57,
    "weightedAverageShsOut": 241428000,
    "weightedAverageShsOutDil": 248470000,
    "link": "https://www.sec.gov/Archives/edgar/data/864749/000114036109005551/0001140361-09-005551-index.htm",
    "finalLink": "https://www.sec.gov/Archives/edgar/data/864749/000114036109005551/form10k.htm"
  },
  {
    "date": "2007-12-28",
    "symbol": "TRMB",
    "reportedCurrency": "USD",
    "cik": "0000864749",
    "fillingDate": "2008-02-26",
    "acceptedDate": "2008-02-26 14:33:13",
    "calendarYear": "2007",
    "period": "FY",
    "revenue": 1222270000,
    "costOfRevenue": 609365000,
    "grossProfit": 612905000,
    "grossProfitRatio": 0.5014481252,
    "researchAndDevelopmentExpenses": 131468000,
    "generalAndAdministrativeExpenses": 0,
    "sellingAndMarketingExpenses": 0,
    "sellingGeneralAndAdministrativeExpenses": 279067000,
    "otherExpenses": 18966000,
    "operatingExpenses": 429501000,
    "costAndExpenses": 1038866000,
    "interestIncome": 0,
    "interestExpense": 0,
    "depreciationAndAmortization": 56174000,
    "ebitda": 239578000,
    "ebitdaratio": 0.1960107014,
    "operatingIncome": 178267000,
    "operatingIncomeRatio": 0.1458491168,
    "totalOtherIncomeExpensesNet": 5489000,
    "incomeBeforeTax": 183756000,
    "incomeBeforeTaxRatio": 0.1503399413,
    "incomeTaxExpense": 66382000,
    "netIncome": 117374000,
    "netIncomeRatio": 0.0960295188,
    "eps": 0.49,
    "epsdiluted": 0.47,
    "weightedAverageShsOut": 238560000,
    "weightedAverageShsOutDil": 248820000,
    "link": "https://www.sec.gov/Archives/edgar/data/864749/000114036108005047/0001140361-08-005047-index.htm",
    "finalLink": "https://www.sec.gov/Archives/edgar/data/864749/000114036108005047/form10k.htm"
  },
  {
    "date": "2006-12-29",
    "symbol": "TRMB",
    "reportedCurrency": "USD",
    "cik": "0000864749",
    "fillingDate": "2007-02-23",
    "acceptedDate": "2007-02-23 16:19:45",
    "calendarYear": "2006",
    "period": "FY",
    "revenue": 940150000,
    "costOfRevenue": 479069000,
    "grossProfit": 461081000,
    "grossProfitRatio": 0.4904334415,
    "researchAndDevelopmentExpenses": 103840000,
    "generalAndAdministrativeExpenses": 0,
    "sellingAndMarketingExpenses": 0,
    "sellingGeneralAndAdministrativeExpenses": 212039000,
    "otherExpenses": 7906000,
    "operatingExpenses": 323785000,
    "costAndExpenses": 802854000,
    "interestIncome": 0,
    "interestExpense": 0,
    "depreciationAndAmortization": 26962000,
    "ebitda": 164258000,
    "ebitdaratio": 0.1747146732,
    "operatingIncome": 135366000,
    "operatingIncomeRatio": 0.1439834069,
    "totalOtherIncomeExpensesNet": 12726000,
    "incomeBeforeTax": 148092000,
    "incomeBeforeTaxRatio": 0.1575195448,
    "incomeTaxExpense": 44434000,
    "netIncome": 103658000,
    "netIncomeRatio": 0.1102568739,
    "eps": 0.47,
    "epsdiluted": 0.45,
    "weightedAverageShsOut": 220088000,
    "weightedAverageShsOutDil": 232144000,
    "link": "https://www.sec.gov/Archives/edgar/data/864749/000114036107004196/0001140361-07-004196-index.htm",
    "finalLink": "https://www.sec.gov/Archives/edgar/data/864749/000114036107004196/form10-k.htm"
  },
  {
    "date": "2005-12-31",
    "symbol": "TRMB",
    "reportedCurrency": "USD",
    "cik": "0000864749",
    "fillingDate": "2005-12-30",
    "acceptedDate": "2005-12-29 19:00:00",
    "calendarYear": "2005",
    "period": "FY",
    "revenue": 774913000,
    "costOfRevenue": 385108000,
    "grossProfit": 389805000,
    "grossProfitRatio": 0.5030306628,
    "researchAndDevelopmentExpenses": 84276000,
    "generalAndAdministrativeExpenses": 0,
    "sellingAndMarketingExpenses": 0,
    "sellingGeneralAndAdministrativeExpenses": 172352000,
    "otherExpenses": 6855000,
    "operatingExpenses": 263483000,
    "costAndExpenses": 648591000,
    "interestIncome": 0,
    "interestExpense": 0,
    "depreciationAndAmortization": 18961000,
    "ebitda": 145283000,
    "ebitdaratio": 0.187482982,
    "operatingIncome": 124944000,
    "operatingIncomeRatio": 0.1612361646,
    "totalOtherIncomeExpensesNet": -156000,
    "incomeBeforeTax": 124788000,
    "incomeBeforeTaxRatio": 0.1610348517,
    "incomeTaxExpense": 39933000,
    "netIncome": 84855000,
    "netIncomeRatio": 0.1095026151,
    "eps": 0.4,
    "epsdiluted": 0.38,
    "weightedAverageShsOut": 212864000,
    "weightedAverageShsOutDil": 227276000,
    "link": "",
    "finalLink": ""
  },
  {
    "date": "2004-12-31",
    "symbol": "TRMB",
    "reportedCurrency": "USD",
    "cik": "0000864749",
    "fillingDate": "2005-03-15",
    "acceptedDate": "2005-03-15 14:02:31",
    "calendarYear": "2004",
    "period": "FY",
    "revenue": 668808000,
    "costOfRevenue": 343998000,
    "grossProfit": 324810000,
    "grossProfitRatio": 0.4856550759,
    "researchAndDevelopmentExpenses": 77558000,
    "generalAndAdministrativeExpenses": 0,
    "sellingAndMarketingExpenses": 0,
    "sellingGeneralAndAdministrativeExpenses": 152748000,
    "otherExpenses": 8327000,
    "operatingExpenses": 238633000,
    "costAndExpenses": 582631000,
    "interestIncome": 0,
    "interestExpense": 0,
    "depreciationAndAmortization": 17871000,
    "ebitda": 104048000,
    "ebitdaratio": 0.1555723018,
    "operatingIncome": 85625000,
    "operatingIncomeRatio": 0.1280262796,
    "totalOtherIncomeExpensesNet": -10701000,
    "incomeBeforeTax": 74924000,
    "incomeBeforeTaxRatio": 0.1120261719,
    "incomeTaxExpense": 7244000,
    "netIncome": 67680000,
    "netIncomeRatio": 0.1011949618,
    "eps": 0.33,
    "epsdiluted": 0.31,
    "weightedAverageShsOut": 204652000,
    "weightedAverageShsOutDil": 219792000,
    "link": "https://www.sec.gov/Archives/edgar/data/864749/000086474905000025/0000864749-05-000025-index.htm",
    "finalLink": "https://www.sec.gov/Archives/edgar/data/864749/000086474905000025/form10k-031405.txt"
  },
  {
    "date": "2004-01-02",
    "symbol": "TRMB",
    "reportedCurrency": "USD",
    "cik": "0000864749",
    "fillingDate": "2004-03-25",
    "acceptedDate": "2004-03-25 17:00:31",
    "calendarYear": "2003",
    "period": "FY",
    "revenue": 540903000,
    "costOfRevenue": 272873000,
    "grossProfit": 268030000,
    "grossProfitRatio": 0.4955232269,
    "researchAndDevelopmentExpenses": 67641000,
    "generalAndAdministrativeExpenses": 0,
    "sellingAndMarketingExpenses": 0,
    "sellingGeneralAndAdministrativeExpenses": 137123000,
    "otherExpenses": 7312000,
    "operatingExpenses": 212076000,
    "costAndExpenses": 484949000,
    "interestIncome": 0,
    "interestExpense": 0,
    "depreciationAndAmortization": 20295000,
    "ebitda": 76249000,
    "ebitdaratio": 0.1409661252,
    "operatingIncome": 53935000,
    "operatingIncomeRatio": 0.0997128875,
    "totalOtherIncomeExpensesNet": -18350000,
    "incomeBeforeTax": 35585000,
    "incomeBeforeTaxRatio": 0.0657881358,
    "incomeTaxExpense": -2900000,
    "netIncome": 38485000,
    "netIncomeRatio": 0.0711495407,
    "eps": 0.2,
    "epsdiluted": 0.19,
    "weightedAverageShsOut": 190020000,
    "weightedAverageShsOutDil": 200048000,
    "link": "https://www.sec.gov/Archives/edgar/data/864749/000086474904000021/0000864749-04-000021-index.htm",
    "finalLink": "https://www.sec.gov/Archives/edgar/data/864749/000086474904000021/form10ka.txt"
  },
  {
    "date": "2003-01-03",
    "symbol": "TRMB",
    "reportedCurrency": "USD",
    "cik": "0000864749",
    "fillingDate": "2003-03-07",
    "acceptedDate": "2003-03-07 16:32:26",
    "calendarYear": "2002",
    "period": "FY",
    "revenue": 466602000,
    "costOfRevenue": 232170000,
    "grossProfit": 234432000,
    "grossProfitRatio": 0.5024239073,
    "researchAndDevelopmentExpenses": 61232000,
    "generalAndAdministrativeExpenses": 0,
    "sellingAndMarketingExpenses": 0,
    "sellingGeneralAndAdministrativeExpenses": 129978000,
    "otherExpenses": 8300000,
    "operatingExpenses": 199510000,
    "costAndExpenses": 431680000,
    "interestIncome": 0,
    "interestExpense": 0,
    "depreciationAndAmortization": 19154000,
    "ebitda": 54076000,
    "ebitdaratio": 0.1158932023,
    "operatingIncome": 33823000,
    "operatingIncomeRatio": 0.0724879019,
    "totalOtherIncomeExpensesNet": -19999000,
    "incomeBeforeTax": 13824000,
    "incomeBeforeTaxRatio": 0.0296269626,
    "incomeTaxExpense": 3500000,
    "netIncome": 10324000,
    "netIncomeRatio": 0.0221259232,
    "eps": 0.06,
    "epsdiluted": 0.06,
    "weightedAverageShsOut": 171440000,
    "weightedAverageShsOutDil": 174312000,
    "link": "https://www.sec.gov/Archives/edgar/data/864749/000086474903000007/0000864749-03-000007-index.htm",
    "finalLink": "https://www.sec.gov/Archives/edgar/data/864749/000086474903000007/from10k030703.txt"
  },
  {
    "date": "2001-12-28",
    "symbol": "TRMB",
    "reportedCurrency": "USD",
    "cik": "0000864749",
    "fillingDate": "2002-04-08",
    "acceptedDate": "2002-04-08 00:00:00",
    "calendarYear": "2001",
    "period": "FY",
    "revenue": 475292000,
    "costOfRevenue": 238057000,
    "grossProfit": 237235000,
    "grossProfitRatio": 0.4991352684,
    "researchAndDevelopmentExpenses": 62881000,
    "generalAndAdministrativeExpenses": 0,
    "sellingAndMarketingExpenses": 0,
    "sellingGeneralAndAdministrativeExpenses": 141185000,
    "otherExpenses": 32988000,
    "operatingExpenses": 237054000,
    "costAndExpenses": 475111000,
    "interestIncome": 0,
    "interestExpense": 0,
    "depreciationAndAmortization": 41524000,
    "ebitda": 41705000,
    "ebitdaratio": 0.0877460593,
    "operatingIncome": 181000,
    "operatingIncomeRatio": 0.0003808185,
    "totalOtherIncomeExpensesNet": -21773000,
    "incomeBeforeTax": -21592000,
    "incomeBeforeTaxRatio": -0.0454289153,
    "incomeTaxExpense": 1900000,
    "netIncome": -22879000,
    "netIncomeRatio": -0.0481367244,
    "eps": -0.15,
    "epsdiluted": -0.15,
    "weightedAverageShsOut": 148364000,
    "weightedAverageShsOutDil": 148364000,
    "link": "https://www.sec.gov/Archives/edgar/data/864749/000086474902000021/0000864749-02-000021-index.htm",
    "finalLink": "https://www.sec.gov/Archives/edgar/data/864749/000086474902000021/frm10.txt"
  },
  {
    "date": "2000-12-29",
    "symbol": "TRMB",
    "reportedCurrency": "USD",
    "cik": "0000864749",
    "fillingDate": "2001-03-29",
    "acceptedDate": "2001-03-29 00:00:00",
    "calendarYear": "2000",
    "period": "FY",
    "revenue": 369798000,
    "costOfRevenue": 165723000,
    "grossProfit": 204075000,
    "grossProfitRatio": 0.5518553372,
    "researchAndDevelopmentExpenses": 46520000,
    "generalAndAdministrativeExpenses": 0,
    "sellingAndMarketingExpenses": 0,
    "sellingGeneralAndAdministrativeExpenses": 110415000,
    "otherExpenses": 20921000,
    "operatingExpenses": 177856000,
    "costAndExpenses": 343579000,
    "interestIncome": 0,
    "interestExpense": 0,
    "depreciationAndAmortization": 20921000,
    "ebitda": 47140000,
    "ebitdaratio": 0.1274749999,
    "operatingIncome": 26219000,
    "operatingIncomeRatio": 0.0709008702,
    "totalOtherIncomeExpensesNet": -10459000,
    "incomeBeforeTax": 15760000,
    "incomeBeforeTaxRatio": 0.0426178616,
    "incomeTaxExpense": 1575000,
    "netIncome": 14185000,
    "netIncomeRatio": 0.0383587797,
    "eps": 0.1,
    "epsdiluted": 0.0925,
    "weightedAverageShsOut": 141608000,
    "weightedAverageShsOutDil": 155856000,
    "link": "https://www.sec.gov/Archives/edgar/data/864749/000086474901000002/0000864749-01-000002-index.htm",
    "finalLink": "https://www.sec.gov/Archives/edgar/data/864749/000086474901000002/0000864749-01-000002-0001.txt"
  },
  {
    "date": "1999-12-31",
    "symbol": "TRMB",
    "reportedCurrency": "USD",
    "cik": "0000864749",
    "fillingDate": "2000-03-27",
    "acceptedDate": "2000-03-27 00:00:00",
    "calendarYear": "1999",
    "period": "FY",
    "revenue": 271400000,
    "costOfRevenue": 118000000,
    "grossProfit": 153400000,
    "grossProfitRatio": 0.5652173913,
    "researchAndDevelopmentExpenses": 36500000,
    "generalAndAdministrativeExpenses": 0,
    "sellingAndMarketingExpenses": 0,
    "sellingGeneralAndAdministrativeExpenses": 87300000,
    "otherExpenses": 9100000,
    "operatingExpenses": 132900000,
    "costAndExpenses": 250900000,
    "interestIncome": 0,
    "interestExpense": 0,
    "depreciationAndAmortization": 9100000,
    "ebitda": 29600000,
    "ebitdaratio": 0.109064112,
    "operatingIncome": 20500000,
    "operatingIncomeRatio": 0.0755342668,
    "totalOtherIncomeExpensesNet": 300000,
    "incomeBeforeTax": 20800000,
    "incomeBeforeTaxRatio": 0.0766396463,
    "incomeTaxExpense": 2100000,
    "netIncome": 21600000,
    "netIncomeRatio": 0.079587325,
    "eps": 0.16,
    "epsdiluted": 0.16,
    "weightedAverageShsOut": 134544000,
    "weightedAverageShsOutDil": 137112000,
    "link": "https://www.sec.gov/Archives/edgar/data/864749/000086474900000004/0000864749-00-000004-index.html",
    "finalLink": "https://www.sec.gov/Archives/edgar/data/864749/000086474900000004/"
  },
  {
    "date": "1999-01-01",
    "symbol": "TRMB",
    "reportedCurrency": "USD",
    "cik": "0000864749",
    "fillingDate": "1999-03-29",
    "acceptedDate": "1999-03-29 00:00:00",
    "calendarYear": "1998",
    "period": "FY",
    "revenue": 260300000,
    "costOfRevenue": 122200000,
    "grossProfit": 138100000,
    "grossProfitRatio": 0.5305416827,
    "researchAndDevelopmentExpenses": 44800000,
    "generalAndAdministrativeExpenses": 0,
    "sellingAndMarketingExpenses": 0,
    "sellingGeneralAndAdministrativeExpenses": 93600000,
    "otherExpenses": 12500000,
    "operatingExpenses": 150900000,
    "costAndExpenses": 273100000,
    "interestIncome": 0,
    "interestExpense": 0,
    "depreciationAndAmortization": 12500000,
    "ebitda": -1200000,
    "ebitdaratio": -0.0046100653,
    "operatingIncome": -12800000,
    "operatingIncomeRatio": -0.04917403,
    "totalOtherIncomeExpensesNet": -12300000,
    "incomeBeforeTax": -25200000,
    "incomeBeforeTaxRatio": -0.0968113715,
    "incomeTaxExpense": 1400000,
    "netIncome": -53400000,
    "netIncomeRatio": -0.2051479063,
    "eps": -0.4,
    "epsdiluted": -0.4,
    "weightedAverageShsOut": 134820000,
    "weightedAverageShsOutDil": 134820000,
    "link": "https://www.sec.gov/Archives/edgar/data/864749/000086474999000004/0000864749-99-000004-index.html",
    "finalLink": "https://www.sec.gov/Archives/edgar/data/864749/"
  },
  {
    "date": "1998-01-02",
    "symbol": "TRMB",
    "reportedCurrency": "USD",
    "cik": "0000864749",
    "fillingDate": "1998-03-30",
    "acceptedDate": "1998-03-30 00:00:00",
    "calendarYear": "1997",
    "period": "FY",
    "revenue": 272300000,
    "costOfRevenue": 119900000,
    "grossProfit": 152400000,
    "grossProfitRatio": 0.559676827,
    "researchAndDevelopmentExpenses": 40700000,
    "generalAndAdministrativeExpenses": 0,
    "sellingAndMarketingExpenses": 0,
    "sellingGeneralAndAdministrativeExpenses": 89100000,
    "otherExpenses": 12200000,
    "operatingExpenses": 142000000,
    "costAndExpenses": 261900000,
    "interestIncome": 0,
    "interestExpense": 0,
    "depreciationAndAmortization": 12200000,
    "ebitda": 30900000,
    "ebitdaratio": 0.1134777819,
    "operatingIncome": 10400000,
    "operatingIncomeRatio": 0.0381931693,
    "totalOtherIncomeExpensesNet": 1200000,
    "incomeBeforeTax": 11600000,
    "incomeBeforeTaxRatio": 0.0426000734,
    "incomeTaxExpense": 2300000,
    "netIncome": 9300000,
    "netIncomeRatio": 0.0341535072,
    "eps": 0.07,
    "epsdiluted": 0.0667,
    "weightedAverageShsOut": 132790747,
    "weightedAverageShsOutDil": 139430285,
    "link": "https://www.sec.gov/Archives/edgar/data/864749/000086474998000004/0000864749-98-000004-index.html",
    "finalLink": "https://www.sec.gov/Archives/edgar/data/864749/"
  },
  {
    "date": "1996-12-31",
    "symbol": "TRMB",
    "reportedCurrency": "USD",
    "cik": "0000864749",
    "fillingDate": "1997-03-26",
    "acceptedDate": "1997-03-26 00:00:00",
    "calendarYear": "1996",
    "period": "FY",
    "revenue": 233700000,
    "costOfRevenue": 102500000,
    "grossProfit": 131200000,
    "grossProfitRatio": 0.5614035088,
    "researchAndDevelopmentExpenses": 36700000,
    "generalAndAdministrativeExpenses": 0,
    "sellingAndMarketingExpenses": 0,
    "sellingGeneralAndAdministrativeExpenses": 94500000,
    "otherExpenses": 10100000,
    "operatingExpenses": 141300000,
    "costAndExpenses": 243800000,
    "interestIncome": 0,
    "interestExpense": 0,
    "depreciationAndAmortization": 10100000,
    "ebitda": 5500000,
    "ebitdaratio": 0.0235344459,
    "operatingIncome": -10100000,
    "operatingIncomeRatio": -0.0432178006,
    "totalOtherIncomeExpensesNet": 4200000,
    "incomeBeforeTax": -11600000,
    "incomeBeforeTaxRatio": -0.0496362858,
    "incomeTaxExpense": -300000,
    "netIncome": -11300000,
    "netIncomeRatio": -0.0483525888,
    "eps": -0.0858,
    "epsdiluted": -0.0858,
    "weightedAverageShsOut": 131698856,
    "weightedAverageShsOutDil": 131698856,
    "link": "https://www.sec.gov/Archives/edgar/data/864749/000086474997000003/0000864749-97-000003-index.html",
    "finalLink": "https://www.sec.gov/Archives/edgar/data/864749/"
  },
  {
    "date": "1995-12-31",
    "symbol": "TRMB",
    "reportedCurrency": "USD",
    "cik": "0000864749",
    "fillingDate": "1995-12-31",
    "acceptedDate": "1995-12-31 00:00:00",
    "calendarYear": "1995",
    "period": "FY",
    "revenue": 235400000,
    "costOfRevenue": 94600000,
    "grossProfit": 140800000,
    "grossProfitRatio": 0.5981308411,
    "researchAndDevelopmentExpenses": 24800000,
    "generalAndAdministrativeExpenses": 0,
    "sellingAndMarketingExpenses": 0,
    "sellingGeneralAndAdministrativeExpenses": 94600000,
    "otherExpenses": 8000000,
    "operatingExpenses": 127400000,
    "costAndExpenses": 222000000,
    "interestIncome": 0,
    "interestExpense": 0,
    "depreciationAndAmortization": 8000000,
    "ebitda": 21400000,
    "ebitdaratio": 0.0909090909,
    "operatingIncome": 13400000,
    "operatingIncomeRatio": 0.056924384,
    "totalOtherIncomeExpensesNet": 700000,
    "incomeBeforeTax": 14100000,
    "incomeBeforeTaxRatio": 0.0598980459,
    "incomeTaxExpense": 2800000,
    "netIncome": 11300000,
    "netIncomeRatio": 0.0480033985,
    "eps": 0.0934,
    "epsdiluted": 0.0884,
    "weightedAverageShsOut": 121010923,
    "weightedAverageShsOutDil": 127860598,
    "link": null,
    "finalLink": null
  },
  {
    "date": "1994-12-31",
    "symbol": "TRMB",
    "reportedCurrency": "USD",
    "cik": "0000864749",
    "fillingDate": "1994-12-31",
    "acceptedDate": "1994-12-31 00:00:00",
    "calendarYear": "1994",
    "period": "FY",
    "revenue": 175600000,
    "costOfRevenue": 61800000,
    "grossProfit": 113800000,
    "grossProfitRatio": 0.6480637813,
    "researchAndDevelopmentExpenses": 0,
    "generalAndAdministrativeExpenses": 0,
    "sellingAndMarketingExpenses": 0,
    "sellingGeneralAndAdministrativeExpenses": 91100000,
    "otherExpenses": 7500000,
    "operatingExpenses": 98600000,
    "costAndExpenses": 160400000,
    "interestIncome": 0,
    "interestExpense": 0,
    "depreciationAndAmortization": 7500000,
    "ebitda": 22700000,
    "ebitdaratio": 0.1292710706,
    "operatingIncome": 15200000,
    "operatingIncomeRatio": 0.0865603645,
    "totalOtherIncomeExpensesNet": -3000000,
    "incomeBeforeTax": 12200000,
    "incomeBeforeTaxRatio": 0.069476082,
    "incomeTaxExpense": 2200000,
    "netIncome": 10000000,
    "netIncomeRatio": 0.0569476082,
    "eps": 0.0917,
    "epsdiluted": 0.0884,
    "weightedAverageShsOut": 109036391,
    "weightedAverageShsOutDil": 113150972,
    "link": null,
    "finalLink": null
  },
  {
    "date": "1993-12-31",
    "symbol": "TRMB",
    "reportedCurrency": "USD",
    "cik": "0000864749",
    "fillingDate": "1993-12-31",
    "acceptedDate": "1993-12-31 00:00:00",
    "calendarYear": "1993",
    "period": "FY",
    "revenue": 149500000,
    "costOfRevenue": 60300000,
    "grossProfit": 89200000,
    "grossProfitRatio": 0.5966555184,
    "researchAndDevelopmentExpenses": 0,
    "generalAndAdministrativeExpenses": 0,
    "sellingAndMarketingExpenses": 0,
    "sellingGeneralAndAdministrativeExpenses": 73900000,
    "otherExpenses": 7500000,
    "operatingExpenses": 81400000,
    "costAndExpenses": 141700000,
    "interestIncome": 0,
    "interestExpense": 0,
    "depreciationAndAmortization": 7500000,
    "ebitda": 15300000,
    "ebitdaratio": 0.1023411371,
    "operatingIncome": 7800000,
    "operatingIncomeRatio": 0.052173913,
    "totalOtherIncomeExpensesNet": -3600000,
    "incomeBeforeTax": 4200000,
    "incomeBeforeTaxRatio": 0.0280936455,
    "incomeTaxExpense": 800000,
    "netIncome": 3400000,
    "netIncomeRatio": 0.0227424749,
    "eps": 0.0334,
    "epsdiluted": 0.0317,
    "weightedAverageShsOut": 101949025,
    "weightedAverageShsOutDil": 107314764,
    "link": null,
    "finalLink": null
  },
  {
    "date": "1992-12-31",
    "symbol": "TRMB",
    "reportedCurrency": "USD",
    "cik": "0000864749",
    "fillingDate": "1992-12-31",
    "acceptedDate": "1992-12-31 00:00:00",
    "calendarYear": "1992",
    "period": "FY",
    "revenue": 127600000,
    "costOfRevenue": 61400000,
    "grossProfit": 66200000,
    "grossProfitRatio": 0.5188087774,
    "researchAndDevelopmentExpenses": 0,
    "generalAndAdministrativeExpenses": 0,
    "sellingAndMarketingExpenses": 0,
    "sellingGeneralAndAdministrativeExpenses": 73600000,
    "otherExpenses": 7600000,
    "operatingExpenses": 81200000,
    "costAndExpenses": 142600000,
    "interestIncome": 0,
    "interestExpense": 0,
    "depreciationAndAmortization": 7600000,
    "ebitda": -7400000,
    "ebitdaratio": -0.0579937304,
    "operatingIncome": -15000000,
    "operatingIncomeRatio": -0.1175548589,
    "totalOtherIncomeExpensesNet": -8700000,
    "incomeBeforeTax": -23700000,
    "incomeBeforeTaxRatio": -0.1857366771,
    "incomeTaxExpense": -700000,
    "netIncome": -25300000,
    "netIncomeRatio": -0.1982758621,
    "eps": -0.25,
    "epsdiluted": -0.25,
    "weightedAverageShsOut": 100479562,
    "weightedAverageShsOutDil": 100479562,
    "link": null,
    "finalLink": null
  },
  {
    "date": "1991-12-31",
    "symbol": "TRMB",
    "reportedCurrency": "USD",
    "cik": "0000864749",
    "fillingDate": "1991-12-31",
    "acceptedDate": "1991-12-31 00:00:00",
    "calendarYear": "1991",
    "period": "FY",
    "revenue": 151000000,
    "costOfRevenue": 62400000,
    "grossProfit": 88600000,
    "grossProfitRatio": 0.5867549669,
    "researchAndDevelopmentExpenses": 0,
    "generalAndAdministrativeExpenses": 0,
    "sellingAndMarketingExpenses": 0,
    "sellingGeneralAndAdministrativeExpenses": 73200000,
    "otherExpenses": 5500000,
    "operatingExpenses": 78700000,
    "costAndExpenses": 141100000,
    "interestIncome": 0,
    "interestExpense": 0,
    "depreciationAndAmortization": 5500000,
    "ebitda": 15400000,
    "ebitdaratio": 0.101986755,
    "operatingIncome": 9900000,
    "operatingIncomeRatio": 0.0655629139,
    "totalOtherIncomeExpensesNet": -900000,
    "incomeBeforeTax": 9000000,
    "incomeBeforeTaxRatio": 0.059602649,
    "incomeTaxExpense": 2000000,
    "netIncome": 7000000,
    "netIncomeRatio": 0.0463576159,
    "eps": 0.0667,
    "epsdiluted": 0.0667,
    "weightedAverageShsOut": 104947526,
    "weightedAverageShsOutDil": 104947526,
    "link": null,
    "finalLink": null
  },
  {
    "date": "1990-12-31",
    "symbol": "TRMB",
    "reportedCurrency": "USD",
    "cik": "0000864749",
    "fillingDate": "1990-12-31",
    "acceptedDate": "1990-12-31 00:00:00",
    "calendarYear": "1990",
    "period": "FY",
    "revenue": 63300000,
    "costOfRevenue": 26400000,
    "grossProfit": 36900000,
    "grossProfitRatio": 0.5829383886,
    "researchAndDevelopmentExpenses": 0,
    "generalAndAdministrativeExpenses": 0,
    "sellingAndMarketingExpenses": 0,
    "sellingGeneralAndAdministrativeExpenses": 31000000,
    "otherExpenses": 2800000,
    "operatingExpenses": 33800000,
    "costAndExpenses": 60200000,
    "interestIncome": 0,
    "interestExpense": 0,
    "depreciationAndAmortization": 2800000,
    "ebitda": 5900000,
    "ebitdaratio": 0.093206951,
    "operatingIncome": 3100000,
    "operatingIncomeRatio": 0.0489731438,
    "totalOtherIncomeExpensesNet": -200000,
    "incomeBeforeTax": 2900000,
    "incomeBeforeTaxRatio": 0.0458135861,
    "incomeTaxExpense": 700000,
    "netIncome": 2200000,
    "netIncomeRatio": 0.0347551343,
    "eps": 0.0233,
    "epsdiluted": 0.0233,
    "weightedAverageShsOut": 94238595,
    "weightedAverageShsOutDil": 94238595,
    "link": null,
    "finalLink": null
  },
  {
    "date": "1989-12-31",
    "symbol": "TRMB",
    "reportedCurrency": "USD",
    "cik": "0000864749",
    "fillingDate": "1989-12-31",
    "acceptedDate": "1989-12-31 00:00:00",
    "calendarYear": "1989",
    "period": "FY",
    "revenue": 27900000,
    "costOfRevenue": 11200000,
    "grossProfit": 16700000,
    "grossProfitRatio": 0.5985663082,
    "researchAndDevelopmentExpenses": 0,
    "generalAndAdministrativeExpenses": 0,
    "sellingAndMarketingExpenses": 0,
    "sellingGeneralAndAdministrativeExpenses": 17900000,
    "otherExpenses": 1100000,
    "operatingExpenses": 19000000,
    "costAndExpenses": 30200000,
    "interestIncome": 0,
    "interestExpense": 0,
    "depreciationAndAmortization": 1100000,
    "ebitda": -1200000,
    "ebitdaratio": -0.0430107527,
    "operatingIncome": -2300000,
    "operatingIncomeRatio": -0.082437276,
    "totalOtherIncomeExpensesNet": 3200000,
    "incomeBeforeTax": 900000,
    "incomeBeforeTaxRatio": 0.0322580645,
    "incomeTaxExpense": 400000,
    "netIncome": 500000,
    "netIncomeRatio": 0.017921147,
    "eps": 0.0057,
    "epsdiluted": 0.0083,
    "weightedAverageShsOut": 88365816,
    "weightedAverageShsOutDil": 88365816,
    "link": null,
    "finalLink": null
  },
  {
    "date": "1988-12-31",
    "symbol": "TRMB",
    "reportedCurrency": "USD",
    "cik": "0000864749",
    "fillingDate": "1988-12-31",
    "acceptedDate": "1988-12-30 19:00:00",
    "calendarYear": "1988",
    "period": "FY",
    "revenue": 18000000,
    "costOfRevenue": 6200000,
    "grossProfit": 11800000,
    "grossProfitRatio": 0.6555555556,
    "researchAndDevelopmentExpenses": 0,
    "generalAndAdministrativeExpenses": 0,
    "sellingAndMarketingExpenses": 0,
    "sellingGeneralAndAdministrativeExpenses": 12200000,
    "otherExpenses": 600000,
    "operatingExpenses": 12800000,
    "costAndExpenses": 19000000,
    "interestIncome": 0,
    "interestExpense": 0,
    "depreciationAndAmortization": 600000,
    "ebitda": -400000,
    "ebitdaratio": -0.0222222222,
    "operatingIncome": -1000000,
    "operatingIncomeRatio": -0.0555555556,
    "totalOtherIncomeExpensesNet": 1800000,
    "incomeBeforeTax": 800000,
    "incomeBeforeTaxRatio": 0.0444444444,
    "incomeTaxExpense": 200000,
    "netIncome": 600000,
    "netIncomeRatio": 0.0333333333,
    "eps": 0.0068,
    "epsdiluted": 0.01,
    "weightedAverageShsOut": 88365816,
    "weightedAverageShsOutDil": 88365816,
    "link": "",
    "finalLink": ""
  }
]