[
  {
    "date": "2025-06-30",
    "symbol": "TRV",
    "reportedCurrency": "USD",
    "cik": "0000086312",
    "fillingDate": "2025-07-17",
    "acceptedDate": "2025-07-17 07:00:31",
    "calendarYear": "2025",
    "period": "Q2",
    "revenue": 12116000000,
    "costOfRevenue": 8591000000,
    "grossProfit": 3525000000,
    "grossProfitRatio": 0.2909376032,
    "researchAndDevelopmentExpenses": 0,
    "generalAndAdministrativeExpenses": 1545000000,
    "sellingAndMarketingExpenses": 0,
    "sellingGeneralAndAdministrativeExpenses": 1545000000,
    "otherExpenses": 0,
    "operatingExpenses": 1545000000,
    "costAndExpenses": 10136000000,
    "interestIncome": 0,
    "interestExpense": 99000000,
    "depreciationAndAmortization": 164000000,
    "ebitda": 2144000000,
    "ebitdaratio": 0.1769560911,
    "operatingIncome": 1980000000,
    "operatingIncomeRatio": 0.1634202707,
    "totalOtherIncomeExpensesNet": -99000000,
    "incomeBeforeTax": 1881000000,
    "incomeBeforeTaxRatio": 0.1552492572,
    "incomeTaxExpense": 372000000,
    "netIncome": 1509000000,
    "netIncomeRatio": 0.1245460548,
    "eps": 6.63,
    "epsdiluted": 6.53,
    "weightedAverageShsOut": 225900000,
    "weightedAverageShsOutDil": 229300000,
    "link": "https://www.sec.gov/Archives/edgar/data/86312/000008631225000047/0000086312-25-000047-index.htm",
    "finalLink": "https://www.sec.gov/Archives/edgar/data/86312/000008631225000047/trv-20250630.htm"
  },
  {
    "date": "2025-03-31",
    "symbol": "TRV",
    "reportedCurrency": "USD",
    "cik": "0000086312",
    "fillingDate": "2025-04-16",
    "acceptedDate": "2025-04-16 06:59:46",
    "calendarYear": "2025",
    "period": "Q1",
    "revenue": 11810000000,
    "costOfRevenue": 9784000000,
    "grossProfit": 2026000000,
    "grossProfitRatio": 0.1715495343,
    "researchAndDevelopmentExpenses": 0,
    "generalAndAdministrativeExpenses": 1459000000,
    "sellingAndMarketingExpenses": 0,
    "sellingGeneralAndAdministrativeExpenses": 1459000000,
    "otherExpenses": 0,
    "operatingExpenses": 1459000000,
    "costAndExpenses": 11243000000,
    "interestIncome": 0,
    "interestExpense": 99000000,
    "depreciationAndAmortization": 188000000,
    "ebitda": 755000000,
    "ebitdaratio": 0.0639288738,
    "operatingIncome": 567000000,
    "operatingIncomeRatio": 0.0480101609,
    "totalOtherIncomeExpensesNet": -99000000,
    "incomeBeforeTax": 468000000,
    "incomeBeforeTaxRatio": 0.0396274344,
    "incomeTaxExpense": 73000000,
    "netIncome": 395000000,
    "netIncomeRatio": 0.033446232,
    "eps": 1.73,
    "epsdiluted": 1.7,
    "weightedAverageShsOut": 226900000,
    "weightedAverageShsOutDil": 230400000,
    "link": "https://www.sec.gov/Archives/edgar/data/86312/000008631225000029/0000086312-25-000029-index.htm",
    "finalLink": "https://www.sec.gov/Archives/edgar/data/86312/000008631225000029/trv-20250331.htm"
  },
  {
    "date": "2024-12-31",
    "symbol": "TRV",
    "reportedCurrency": "USD",
    "cik": "0000086312",
    "fillingDate": "2025-02-13",
    "acceptedDate": "2025-02-13 06:48:49",
    "calendarYear": "2024",
    "period": "Q4",
    "revenue": 12013000000,
    "costOfRevenue": 7841000000,
    "grossProfit": 4172000000,
    "grossProfitRatio": 0.3472904354,
    "researchAndDevelopmentExpenses": 0,
    "generalAndAdministrativeExpenses": 1475000000,
    "sellingAndMarketingExpenses": 0,
    "sellingGeneralAndAdministrativeExpenses": 1475000000,
    "otherExpenses": 5000000,
    "operatingExpenses": 1480000000,
    "costAndExpenses": 9321000000,
    "interestIncome": 0,
    "interestExpense": 98000000,
    "depreciationAndAmortization": 163000000,
    "ebitda": 2855000000,
    "ebitdaratio": 0.2376592025,
    "operatingIncome": 2692000000,
    "operatingIncomeRatio": 0.2240905686,
    "totalOtherIncomeExpensesNet": -98000000,
    "incomeBeforeTax": 2594000000,
    "incomeBeforeTaxRatio": 0.2159327395,
    "incomeTaxExpense": 512000000,
    "netIncome": 2082000000,
    "netIncomeRatio": 0.1733122451,
    "eps": 9.11,
    "epsdiluted": 8.96,
    "weightedAverageShsOut": 226900000,
    "weightedAverageShsOutDil": 230700000,
    "link": "https://www.sec.gov/Archives/edgar/data/86312/000008631225000012/0000086312-25-000012-index.htm",
    "finalLink": "https://www.sec.gov/Archives/edgar/data/86312/000008631225000012/trv-20241231.htm"
  },
  {
    "date": "2024-09-30",
    "symbol": "TRV",
    "reportedCurrency": "USD",
    "cik": "0000086312",
    "fillingDate": "2024-10-17",
    "acceptedDate": "2024-10-17 07:01:01",
    "calendarYear": "2024",
    "period": "Q3",
    "revenue": 11904000000,
    "costOfRevenue": 8786000000,
    "grossProfit": 3118000000,
    "grossProfitRatio": 0.2619287634,
    "researchAndDevelopmentExpenses": 0,
    "generalAndAdministrativeExpenses": 1460000000,
    "sellingAndMarketingExpenses": 0,
    "sellingGeneralAndAdministrativeExpenses": 1460000000,
    "otherExpenses": 0,
    "operatingExpenses": 1460000000,
    "costAndExpenses": 10246000000,
    "interestIncome": 0,
    "interestExpense": 98000000,
    "depreciationAndAmortization": 174000000,
    "ebitda": 1832000000,
    "ebitdaratio": 0.1538978495,
    "operatingIncome": 1658000000,
    "operatingIncomeRatio": 0.139280914,
    "totalOtherIncomeExpensesNet": -98000000,
    "incomeBeforeTax": 1560000000,
    "incomeBeforeTaxRatio": 0.1310483871,
    "incomeTaxExpense": 300000000,
    "netIncome": 1260000000,
    "netIncomeRatio": 0.1058467742,
    "eps": 5.5,
    "epsdiluted": 5.42,
    "weightedAverageShsOut": 227400000,
    "weightedAverageShsOutDil": 230600000,
    "link": "https://www.sec.gov/Archives/edgar/data/86312/000008631224000059/0000086312-24-000059-index.htm",
    "finalLink": "https://www.sec.gov/Archives/edgar/data/86312/000008631224000059/trv-20240930.htm"
  },
  {
    "date": "2024-06-30",
    "symbol": "TRV",
    "reportedCurrency": "USD",
    "cik": "0000086312",
    "fillingDate": "2024-07-19",
    "acceptedDate": "2024-07-19 07:00:47",
    "calendarYear": "2024",
    "period": "Q2",
    "revenue": 11283000000,
    "costOfRevenue": 9051000000,
    "grossProfit": 2232000000,
    "grossProfitRatio": 0.1978197288,
    "researchAndDevelopmentExpenses": 0,
    "generalAndAdministrativeExpenses": 1478000000,
    "sellingAndMarketingExpenses": 0,
    "sellingGeneralAndAdministrativeExpenses": 1478000000,
    "otherExpenses": 0,
    "operatingExpenses": 1478000000,
    "costAndExpenses": 10529000000,
    "interestIncome": 0,
    "interestExpense": 98000000,
    "depreciationAndAmortization": 182000000,
    "ebitda": 936000000,
    "ebitdaratio": 0.0829566605,
    "operatingIncome": 754000000,
    "operatingIncomeRatio": 0.0668261987,
    "totalOtherIncomeExpensesNet": -98000000,
    "incomeBeforeTax": 656000000,
    "incomeBeforeTaxRatio": 0.0581405655,
    "incomeTaxExpense": 122000000,
    "netIncome": 534000000,
    "netIncomeRatio": 0.0473278383,
    "eps": 2.31,
    "epsdiluted": 2.29,
    "weightedAverageShsOut": 228600000,
    "weightedAverageShsOutDil": 231500000,
    "link": "https://www.sec.gov/Archives/edgar/data/86312/000008631224000051/0000086312-24-000051-index.htm",
    "finalLink": "https://www.sec.gov/Archives/edgar/data/86312/000008631224000051/trv-20240630.htm"
  },
  {
    "date": "2024-03-31",
    "symbol": "TRV",
    "reportedCurrency": "USD",
    "cik": "0000086312",
    "fillingDate": "2024-04-17",
    "acceptedDate": "2024-04-17 08:00:40",
    "calendarYear": "2024",
    "period": "Q1",
    "revenue": 11228000000,
    "costOfRevenue": 8354000000,
    "grossProfit": 2874000000,
    "grossProfitRatio": 0.2559672248,
    "researchAndDevelopmentExpenses": 0,
    "generalAndAdministrativeExpenses": 1406000000,
    "sellingAndMarketingExpenses": 0,
    "sellingGeneralAndAdministrativeExpenses": 1406000000,
    "otherExpenses": 0,
    "operatingExpenses": 1406000000,
    "costAndExpenses": 9760000000,
    "interestIncome": 0,
    "interestExpense": 98000000,
    "depreciationAndAmortization": 196000000,
    "ebitda": 1664000000,
    "ebitdaratio": 0.1482009263,
    "operatingIncome": 1468000000,
    "operatingIncomeRatio": 0.1307445672,
    "totalOtherIncomeExpensesNet": -98000000,
    "incomeBeforeTax": 1370000000,
    "incomeBeforeTaxRatio": 0.1220163876,
    "incomeTaxExpense": 247000000,
    "netIncome": 1123000000,
    "netIncomeRatio": 0.1000178126,
    "eps": 4.87,
    "epsdiluted": 4.81,
    "weightedAverageShsOut": 229000000,
    "weightedAverageShsOutDil": 232000000,
    "link": "https://www.sec.gov/Archives/edgar/data/86312/000008631224000032/0000086312-24-000032-index.htm",
    "finalLink": "https://www.sec.gov/Archives/edgar/data/86312/000008631224000032/trv-20240331.htm"
  },
  {
    "date": "2023-12-31",
    "symbol": "TRV",
    "reportedCurrency": "USD",
    "cik": "0000086312",
    "fillingDate": "2024-02-15",
    "acceptedDate": "2024-02-15 06:57:30",
    "calendarYear": "2023",
    "period": "Q4",
    "revenue": 10936000000,
    "costOfRevenue": 7521000000,
    "grossProfit": 3415000000,
    "grossProfitRatio": 0.3122713972,
    "researchAndDevelopmentExpenses": 0,
    "generalAndAdministrativeExpenses": 1289000000,
    "sellingAndMarketingExpenses": 0,
    "sellingGeneralAndAdministrativeExpenses": 1289000000,
    "otherExpenses": 9000000,
    "operatingExpenses": 1298000000,
    "costAndExpenses": 8819000000,
    "interestIncome": 0,
    "interestExpense": 98000000,
    "depreciationAndAmortization": 170000000,
    "ebitda": 2287000000,
    "ebitdaratio": 0.209125823,
    "operatingIncome": 2117000000,
    "operatingIncomeRatio": 0.1935808339,
    "totalOtherIncomeExpensesNet": -98000000,
    "incomeBeforeTax": 2019000000,
    "incomeBeforeTaxRatio": 0.184619605,
    "incomeTaxExpense": 393000000,
    "netIncome": 1626000000,
    "netIncomeRatio": 0.148683248,
    "eps": 7.07,
    "epsdiluted": 6.98,
    "weightedAverageShsOut": 228400000,
    "weightedAverageShsOutDil": 231100000,
    "link": "https://www.sec.gov/Archives/edgar/data/86312/000008631224000012/0000086312-24-000012-index.htm",
    "finalLink": "https://www.sec.gov/Archives/edgar/data/86312/000008631224000012/trv-20231231.htm"
  },
  {
    "date": "2023-09-30",
    "symbol": "TRV",
    "reportedCurrency": "USD",
    "cik": "0000086312",
    "fillingDate": "2023-10-18",
    "acceptedDate": "2023-10-18 07:00:25",
    "calendarYear": "2023",
    "period": "Q3",
    "revenue": 10635000000,
    "costOfRevenue": 8753000000,
    "grossProfit": 1882000000,
    "grossProfitRatio": 0.1769628585,
    "researchAndDevelopmentExpenses": 0,
    "generalAndAdministrativeExpenses": 1312000000,
    "sellingAndMarketingExpenses": 0,
    "sellingGeneralAndAdministrativeExpenses": 1312000000,
    "otherExpenses": 0,
    "operatingExpenses": 1312000000,
    "costAndExpenses": 10065000000,
    "interestIncome": 0,
    "interestExpense": 98000000,
    "depreciationAndAmortization": 169000000,
    "ebitda": 739000000,
    "ebitdaratio": 0.0694875411,
    "operatingIncome": 570000000,
    "operatingIncomeRatio": 0.053596615,
    "totalOtherIncomeExpensesNet": -98000000,
    "incomeBeforeTax": 472000000,
    "incomeBeforeTaxRatio": 0.0443817583,
    "incomeTaxExpense": 68000000,
    "netIncome": 404000000,
    "netIncomeRatio": 0.0379877762,
    "eps": 1.75,
    "epsdiluted": 1.74,
    "weightedAverageShsOut": 228800000,
    "weightedAverageShsOutDil": 231100000,
    "link": "https://www.sec.gov/Archives/edgar/data/86312/000008631223000063/0000086312-23-000063-index.htm",
    "finalLink": "https://www.sec.gov/Archives/edgar/data/86312/000008631223000063/trv-20230930.htm"
  },
  {
    "date": "2023-06-30",
    "symbol": "TRV",
    "reportedCurrency": "USD",
    "cik": "0000086312",
    "fillingDate": "2023-07-20",
    "acceptedDate": "2023-07-20 07:00:22",
    "calendarYear": "2023",
    "period": "Q2",
    "revenue": 10098000000,
    "costOfRevenue": 8746000000,
    "grossProfit": 1352000000,
    "grossProfitRatio": 0.1338878986,
    "researchAndDevelopmentExpenses": 0,
    "generalAndAdministrativeExpenses": 1308000000,
    "sellingAndMarketingExpenses": 0,
    "sellingGeneralAndAdministrativeExpenses": 1308000000,
    "otherExpenses": 0,
    "operatingExpenses": 1308000000,
    "costAndExpenses": 10054000000,
    "interestIncome": 0,
    "interestExpense": 92000000,
    "depreciationAndAmortization": 179000000,
    "ebitda": 223000000,
    "ebitdaratio": 0.0220835809,
    "operatingIncome": 44000000,
    "operatingIncomeRatio": 0.0043572985,
    "totalOtherIncomeExpensesNet": -92000000,
    "incomeBeforeTax": -48000000,
    "incomeBeforeTaxRatio": -0.0047534165,
    "incomeTaxExpense": -34000000,
    "netIncome": -14000000,
    "netIncomeRatio": -0.0013864132,
    "eps": -0.0609,
    "epsdiluted": -0.0609,
    "weightedAverageShsOut": 229700000,
    "weightedAverageShsOutDil": 229700000,
    "link": "https://www.sec.gov/Archives/edgar/data/86312/000008631223000053/0000086312-23-000053-index.htm",
    "finalLink": "https://www.sec.gov/Archives/edgar/data/86312/000008631223000053/trv-20230630.htm"
  },
  {
    "date": "2023-03-31",
    "symbol": "TRV",
    "reportedCurrency": "USD",
    "cik": "0000086312",
    "fillingDate": "2023-04-19",
    "acceptedDate": "2023-04-19 07:00:39",
    "calendarYear": "2023",
    "period": "Q1",
    "revenue": 9704000000,
    "costOfRevenue": 7421000000,
    "grossProfit": 2283000000,
    "grossProfitRatio": 0.2352638087,
    "researchAndDevelopmentExpenses": 0,
    "generalAndAdministrativeExpenses": 1267000000,
    "sellingAndMarketingExpenses": 0,
    "sellingGeneralAndAdministrativeExpenses": 1267000000,
    "otherExpenses": 0,
    "operatingExpenses": 1267000000,
    "costAndExpenses": 8688000000,
    "interestIncome": 0,
    "interestExpense": 88000000,
    "depreciationAndAmortization": 204000000,
    "ebitda": 1220000000,
    "ebitdaratio": 0.125721352,
    "operatingIncome": 1016000000,
    "operatingIncomeRatio": 0.1046990932,
    "totalOtherIncomeExpensesNet": -88000000,
    "incomeBeforeTax": 928000000,
    "incomeBeforeTaxRatio": 0.0956306678,
    "incomeTaxExpense": -47000000,
    "netIncome": 975000000,
    "netIncomeRatio": 0.1004740313,
    "eps": 4.18,
    "epsdiluted": 4.13,
    "weightedAverageShsOut": 231700000,
    "weightedAverageShsOutDil": 234400000,
    "link": "https://www.sec.gov/Archives/edgar/data/86312/000008631223000037/0000086312-23-000037-index.htm",
    "finalLink": "https://www.sec.gov/Archives/edgar/data/86312/000008631223000037/trv-20230331.htm"
  },
  {
    "date": "2022-12-31",
    "symbol": "TRV",
    "reportedCurrency": "USD",
    "cik": "0000086312",
    "fillingDate": "2023-02-16",
    "acceptedDate": "2023-02-16 06:49:14",
    "calendarYear": "2022",
    "period": "Q4",
    "revenue": 9639000000,
    "costOfRevenue": 7358000000,
    "grossProfit": 2281000000,
    "grossProfitRatio": 0.2366428053,
    "researchAndDevelopmentExpenses": 0,
    "generalAndAdministrativeExpenses": 1203000000,
    "sellingAndMarketingExpenses": 0,
    "sellingGeneralAndAdministrativeExpenses": 1203000000,
    "otherExpenses": 3000000,
    "operatingExpenses": 1206000000,
    "costAndExpenses": 8564000000,
    "interestIncome": 0,
    "interestExpense": 88000000,
    "depreciationAndAmortization": 187000000,
    "ebitda": 1262000000,
    "ebitdaratio": 0.1309264447,
    "operatingIncome": 1075000000,
    "operatingIncomeRatio": 0.1115260919,
    "totalOtherIncomeExpensesNet": -88000000,
    "incomeBeforeTax": 987000000,
    "incomeBeforeTaxRatio": 0.1023965142,
    "incomeTaxExpense": 168000000,
    "netIncome": 819000000,
    "netIncomeRatio": 0.0849673203,
    "eps": 3.49,
    "epsdiluted": 3.44,
    "weightedAverageShsOut": 233200000,
    "weightedAverageShsOutDil": 236300000,
    "link": "https://www.sec.gov/Archives/edgar/data/86312/000008631223000011/0000086312-23-000011-index.htm",
    "finalLink": "https://www.sec.gov/Archives/edgar/data/86312/000008631223000011/trv-20221231.htm"
  },
  {
    "date": "2022-09-30",
    "symbol": "TRV",
    "reportedCurrency": "USD",
    "cik": "0000086312",
    "fillingDate": "2022-10-19",
    "acceptedDate": "2022-10-19 07:01:06",
    "calendarYear": "2022",
    "period": "Q3",
    "revenue": 9312000000,
    "costOfRevenue": 7494000000,
    "grossProfit": 1818000000,
    "grossProfitRatio": 0.1952319588,
    "researchAndDevelopmentExpenses": 0,
    "generalAndAdministrativeExpenses": 1193000000,
    "sellingAndMarketingExpenses": 0,
    "sellingGeneralAndAdministrativeExpenses": 1193000000,
    "otherExpenses": 9000000,
    "operatingExpenses": 1202000000,
    "costAndExpenses": 8696000000,
    "interestIncome": 0,
    "interestExpense": 88000000,
    "depreciationAndAmortization": 195000000,
    "ebitda": 811000000,
    "ebitdaratio": 0.0870919244,
    "operatingIncome": 616000000,
    "operatingIncomeRatio": 0.0661512027,
    "totalOtherIncomeExpensesNet": -88000000,
    "incomeBeforeTax": 528000000,
    "incomeBeforeTaxRatio": 0.0567010309,
    "incomeTaxExpense": 74000000,
    "netIncome": 454000000,
    "netIncomeRatio": 0.0487542955,
    "eps": 1.93,
    "epsdiluted": 1.91,
    "weightedAverageShsOut": 235400000,
    "weightedAverageShsOutDil": 237900000,
    "link": "https://www.sec.gov/Archives/edgar/data/86312/000008631222000065/0000086312-22-000065-index.htm",
    "finalLink": "https://www.sec.gov/Archives/edgar/data/86312/000008631222000065/trv-20220930.htm"
  },
  {
    "date": "2022-06-30",
    "symbol": "TRV",
    "reportedCurrency": "USD",
    "cik": "0000086312",
    "fillingDate": "2022-07-21",
    "acceptedDate": "2022-07-21 07:02:45",
    "calendarYear": "2022",
    "period": "Q2",
    "revenue": 9136000000,
    "costOfRevenue": 7168000000,
    "grossProfit": 1968000000,
    "grossProfitRatio": 0.2154115587,
    "researchAndDevelopmentExpenses": 0,
    "generalAndAdministrativeExpenses": 1223000000,
    "sellingAndMarketingExpenses": 0,
    "sellingGeneralAndAdministrativeExpenses": 1223000000,
    "otherExpenses": 0,
    "operatingExpenses": 1223000000,
    "costAndExpenses": 8391000000,
    "interestIncome": 0,
    "interestExpense": 88000000,
    "depreciationAndAmortization": 210000000,
    "ebitda": 955000000,
    "ebitdaratio": 0.1045315236,
    "operatingIncome": 745000000,
    "operatingIncomeRatio": 0.0815455342,
    "totalOtherIncomeExpensesNet": -88000000,
    "incomeBeforeTax": 657000000,
    "incomeBeforeTaxRatio": 0.07191331,
    "incomeTaxExpense": 106000000,
    "netIncome": 551000000,
    "netIncomeRatio": 0.0603108581,
    "eps": 2.31,
    "epsdiluted": 2.29,
    "weightedAverageShsOut": 238400000,
    "weightedAverageShsOutDil": 241100000,
    "link": "https://www.sec.gov/Archives/edgar/data/86312/000008631222000055/0000086312-22-000055-index.htm",
    "finalLink": "https://www.sec.gov/Archives/edgar/data/86312/000008631222000055/trv-20220630.htm"
  },
  {
    "date": "2022-03-31",
    "symbol": "TRV",
    "reportedCurrency": "USD",
    "cik": "0000086312",
    "fillingDate": "2022-04-19",
    "acceptedDate": "2022-04-19 07:03:12",
    "calendarYear": "2022",
    "period": "Q1",
    "revenue": 8809000000,
    "costOfRevenue": 6349000000,
    "grossProfit": 2460000000,
    "grossProfitRatio": 0.2792598479,
    "researchAndDevelopmentExpenses": 0,
    "generalAndAdministrativeExpenses": 1191000000,
    "sellingAndMarketingExpenses": 0,
    "sellingGeneralAndAdministrativeExpenses": 1191000000,
    "otherExpenses": 0,
    "operatingExpenses": 1191000000,
    "costAndExpenses": 7540000000,
    "interestIncome": 0,
    "interestExpense": 87000000,
    "depreciationAndAmortization": 234000000,
    "ebitda": 1503000000,
    "ebitdaratio": 0.1706209558,
    "operatingIncome": 1269000000,
    "operatingIncomeRatio": 0.1440572142,
    "totalOtherIncomeExpensesNet": -87000000,
    "incomeBeforeTax": 1182000000,
    "incomeBeforeTaxRatio": 0.1341809513,
    "incomeTaxExpense": 164000000,
    "netIncome": 1018000000,
    "netIncomeRatio": 0.1155636281,
    "eps": 4.23,
    "epsdiluted": 4.18,
    "weightedAverageShsOut": 240900000,
    "weightedAverageShsOutDil": 243700000,
    "link": "https://www.sec.gov/Archives/edgar/data/86312/000008631222000029/0000086312-22-000029-index.htm",
    "finalLink": "https://www.sec.gov/Archives/edgar/data/86312/000008631222000029/trv-20220331.htm"
  },
  {
    "date": "2021-12-31",
    "symbol": "TRV",
    "reportedCurrency": "USD",
    "cik": "0000086312",
    "fillingDate": "2022-02-17",
    "acceptedDate": "2022-02-17 06:48:48",
    "calendarYear": "2021",
    "period": "Q4",
    "revenue": 9011000000,
    "costOfRevenue": 6120000000,
    "grossProfit": 2891000000,
    "grossProfitRatio": 0.3208300965,
    "researchAndDevelopmentExpenses": 0,
    "generalAndAdministrativeExpenses": 1153000000,
    "sellingAndMarketingExpenses": 0,
    "sellingGeneralAndAdministrativeExpenses": 1153000000,
    "otherExpenses": 0,
    "operatingExpenses": 1153000000,
    "costAndExpenses": 7273000000,
    "interestIncome": 0,
    "interestExpense": 88000000,
    "depreciationAndAmortization": 208000000,
    "ebitda": 1946000000,
    "ebitdaratio": 0.2159582732,
    "operatingIncome": 1738000000,
    "operatingIncomeRatio": 0.1928753745,
    "totalOtherIncomeExpensesNet": -88000000,
    "incomeBeforeTax": 1650000000,
    "incomeBeforeTaxRatio": 0.1831095328,
    "incomeTaxExpense": 317000000,
    "netIncome": 1333000000,
    "netIncomeRatio": 0.1479303074,
    "eps": 5.43,
    "epsdiluted": 5.37,
    "weightedAverageShsOut": 243800000,
    "weightedAverageShsOutDil": 246400000,
    "link": "https://www.sec.gov/Archives/edgar/data/86312/000008631222000013/0000086312-22-000013-index.htm",
    "finalLink": "https://www.sec.gov/Archives/edgar/data/86312/000008631222000013/trv-20211231.htm"
  },
  {
    "date": "2021-09-30",
    "symbol": "TRV",
    "reportedCurrency": "USD",
    "cik": "0000086312",
    "fillingDate": "2021-10-19",
    "acceptedDate": "2021-10-19 07:01:23",
    "calendarYear": "2021",
    "period": "Q3",
    "revenue": 8805000000,
    "costOfRevenue": 6745000000,
    "grossProfit": 2060000000,
    "grossProfitRatio": 0.2339579784,
    "researchAndDevelopmentExpenses": 0,
    "generalAndAdministrativeExpenses": 1187000000,
    "sellingAndMarketingExpenses": 0,
    "sellingGeneralAndAdministrativeExpenses": 1187000000,
    "otherExpenses": 0,
    "operatingExpenses": 1187000000,
    "costAndExpenses": 7932000000,
    "interestIncome": 0,
    "interestExpense": 87000000,
    "depreciationAndAmortization": 212000000,
    "ebitda": 1085000000,
    "ebitdaratio": 0.1232254401,
    "operatingIncome": 873000000,
    "operatingIncomeRatio": 0.0991482112,
    "totalOtherIncomeExpensesNet": -87000000,
    "incomeBeforeTax": 786000000,
    "incomeBeforeTaxRatio": 0.0892674617,
    "incomeTaxExpense": 124000000,
    "netIncome": 662000000,
    "netIncomeRatio": 0.0751845542,
    "eps": 2.65,
    "epsdiluted": 2.62,
    "weightedAverageShsOut": 247700000,
    "weightedAverageShsOutDil": 250100000,
    "link": "https://www.sec.gov/Archives/edgar/data/86312/000008631221000042/0000086312-21-000042-index.htm",
    "finalLink": "https://www.sec.gov/Archives/edgar/data/86312/000008631221000042/trv-20210930.htm"
  },
  {
    "date": "2021-06-30",
    "symbol": "TRV",
    "reportedCurrency": "USD",
    "cik": "0000086312",
    "fillingDate": "2021-07-20",
    "acceptedDate": "2021-07-20 07:03:34",
    "calendarYear": "2021",
    "period": "Q2",
    "revenue": 8687000000,
    "costOfRevenue": 6299000000,
    "grossProfit": 2388000000,
    "grossProfitRatio": 0.2748935191,
    "researchAndDevelopmentExpenses": 0,
    "generalAndAdministrativeExpenses": 1174000000,
    "sellingAndMarketingExpenses": 0,
    "sellingGeneralAndAdministrativeExpenses": 1174000000,
    "otherExpenses": 0,
    "operatingExpenses": 1174000000,
    "costAndExpenses": 7473000000,
    "interestIncome": 0,
    "interestExpense": 83000000,
    "depreciationAndAmortization": 215000000,
    "ebitda": 1429000000,
    "ebitdaratio": 0.1644986762,
    "operatingIncome": 1214000000,
    "operatingIncomeRatio": 0.1397490503,
    "totalOtherIncomeExpensesNet": -83000000,
    "incomeBeforeTax": 1131000000,
    "incomeBeforeTaxRatio": 0.1301945436,
    "incomeTaxExpense": 197000000,
    "netIncome": 934000000,
    "netIncomeRatio": 0.1075169794,
    "eps": 3.7,
    "epsdiluted": 3.66,
    "weightedAverageShsOut": 250700000,
    "weightedAverageShsOutDil": 253100000,
    "link": "https://www.sec.gov/Archives/edgar/data/86312/000008631221000034/0000086312-21-000034-index.htm",
    "finalLink": "https://www.sec.gov/Archives/edgar/data/86312/000008631221000034/trv-20210630.htm"
  },
  {
    "date": "2021-03-31",
    "symbol": "TRV",
    "reportedCurrency": "USD",
    "cik": "0000086312",
    "fillingDate": "2021-04-20",
    "acceptedDate": "2021-04-20 07:03:40",
    "calendarYear": "2021",
    "period": "Q1",
    "revenue": 8313000000,
    "costOfRevenue": 6177000000,
    "grossProfit": 2136000000,
    "grossProfitRatio": 0.2569469506,
    "researchAndDevelopmentExpenses": 0,
    "generalAndAdministrativeExpenses": 1163000000,
    "sellingAndMarketingExpenses": 0,
    "sellingGeneralAndAdministrativeExpenses": 1163000000,
    "otherExpenses": 0,
    "operatingExpenses": 1163000000,
    "costAndExpenses": 7340000000,
    "interestIncome": 0,
    "interestExpense": 82000000,
    "depreciationAndAmortization": 235000000,
    "ebitda": 1208000000,
    "ebitdaratio": 0.1453145675,
    "operatingIncome": 973000000,
    "operatingIncomeRatio": 0.1170455912,
    "totalOtherIncomeExpensesNet": -82000000,
    "incomeBeforeTax": 891000000,
    "incomeBeforeTaxRatio": 0.1071815229,
    "incomeTaxExpense": 158000000,
    "netIncome": 733000000,
    "netIncomeRatio": 0.0881751474,
    "eps": 2.89,
    "epsdiluted": 2.87,
    "weightedAverageShsOut": 252100000,
    "weightedAverageShsOutDil": 254100000,
    "link": "https://www.sec.gov/Archives/edgar/data/86312/000008631221000018/0000086312-21-000018-index.htm",
    "finalLink": "https://www.sec.gov/Archives/edgar/data/86312/000008631221000018/trv-20210331.htm"
  },
  {
    "date": "2020-12-31",
    "symbol": "TRV",
    "reportedCurrency": "USD",
    "cik": "0000086312",
    "fillingDate": "2021-02-11",
    "acceptedDate": "2021-02-11 06:49:05",
    "calendarYear": "2020",
    "period": "Q4",
    "revenue": 8397000000,
    "costOfRevenue": 5556000000,
    "grossProfit": 2841000000,
    "grossProfitRatio": 0.3383351197,
    "researchAndDevelopmentExpenses": 0,
    "generalAndAdministrativeExpenses": 1142000000,
    "sellingAndMarketingExpenses": 0,
    "sellingGeneralAndAdministrativeExpenses": 1142000000,
    "otherExpenses": 0,
    "operatingExpenses": 1142000000,
    "costAndExpenses": 6698000000,
    "interestIncome": 0,
    "interestExpense": 83000000,
    "depreciationAndAmortization": 212000000,
    "ebitda": 1911000000,
    "ebitdaratio": 0.227581279,
    "operatingIncome": 1699000000,
    "operatingIncomeRatio": 0.202334167,
    "totalOtherIncomeExpensesNet": -83000000,
    "incomeBeforeTax": 1616000000,
    "incomeBeforeTaxRatio": 0.1924496844,
    "incomeTaxExpense": 306000000,
    "netIncome": 1310000000,
    "netIncomeRatio": 0.1560080981,
    "eps": 5.13,
    "epsdiluted": 5.1,
    "weightedAverageShsOut": 253400000,
    "weightedAverageShsOutDil": 254800000,
    "link": "https://www.sec.gov/Archives/edgar/data/86312/000008631221000011/0000086312-21-000011-index.htm",
    "finalLink": "https://www.sec.gov/Archives/edgar/data/86312/000008631221000011/trv-20201231.htm"
  },
  {
    "date": "2020-09-30",
    "symbol": "TRV",
    "reportedCurrency": "USD",
    "cik": "0000086312",
    "fillingDate": "2020-10-20",
    "acceptedDate": "2020-10-20 07:09:15",
    "calendarYear": "2020",
    "period": "Q3",
    "revenue": 8275000000,
    "costOfRevenue": 6093000000,
    "grossProfit": 2182000000,
    "grossProfitRatio": 0.2636858006,
    "researchAndDevelopmentExpenses": 0,
    "generalAndAdministrativeExpenses": 1109000000,
    "sellingAndMarketingExpenses": 0,
    "sellingGeneralAndAdministrativeExpenses": 1109000000,
    "otherExpenses": 0,
    "operatingExpenses": 1109000000,
    "costAndExpenses": 7202000000,
    "interestIncome": 0,
    "interestExpense": 87000000,
    "depreciationAndAmortization": 186000000,
    "ebitda": 1259000000,
    "ebitdaratio": 0.1521450151,
    "operatingIncome": 1073000000,
    "operatingIncomeRatio": 0.1296676737,
    "totalOtherIncomeExpensesNet": -87000000,
    "incomeBeforeTax": 986000000,
    "incomeBeforeTaxRatio": 0.1191540785,
    "incomeTaxExpense": 159000000,
    "netIncome": 827000000,
    "netIncomeRatio": 0.099939577,
    "eps": 3.24,
    "epsdiluted": 3.23,
    "weightedAverageShsOut": 253300000,
    "weightedAverageShsOutDil": 254300000,
    "link": "https://www.sec.gov/Archives/edgar/data/86312/000008631220000049/0000086312-20-000049-index.htm",
    "finalLink": "https://www.sec.gov/Archives/edgar/data/86312/000008631220000049/trv-20200930.htm"
  },
  {
    "date": "2020-06-30",
    "symbol": "TRV",
    "reportedCurrency": "USD",
    "cik": "0000086312",
    "fillingDate": "2020-07-23",
    "acceptedDate": "2020-07-23 07:04:13",
    "calendarYear": "2020",
    "period": "Q2",
    "revenue": 7401000000,
    "costOfRevenue": 6280000000,
    "grossProfit": 1121000000,
    "grossProfitRatio": 0.1514660181,
    "researchAndDevelopmentExpenses": 0,
    "generalAndAdministrativeExpenses": 1121000000,
    "sellingAndMarketingExpenses": 0,
    "sellingGeneralAndAdministrativeExpenses": 1121000000,
    "otherExpenses": 0,
    "operatingExpenses": 1121000000,
    "costAndExpenses": 7401000000,
    "interestIncome": 0,
    "interestExpense": 85000000,
    "depreciationAndAmortization": 29917995,
    "ebitda": 188000000,
    "ebitdaratio": 0.0254019727,
    "operatingIncome": 0,
    "operatingIncomeRatio": 0,
    "totalOtherIncomeExpensesNet": -85000000,
    "incomeBeforeTax": -85000000,
    "incomeBeforeTaxRatio": -0.0114849345,
    "incomeTaxExpense": -45000000,
    "netIncome": -40000000,
    "netIncomeRatio": -0.005404675,
    "eps": -0.16,
    "epsdiluted": -0.16,
    "weightedAverageShsOut": 251600000,
    "weightedAverageShsOutDil": 251600000,
    "link": "https://www.sec.gov/Archives/edgar/data/86312/000008631220000039/0000086312-20-000039-index.htm",
    "finalLink": "https://www.sec.gov/Archives/edgar/data/86312/000008631220000039/trv-20200630.htm"
  },
  {
    "date": "2020-03-31",
    "symbol": "TRV",
    "reportedCurrency": "USD",
    "cik": "0000086312",
    "fillingDate": "2020-04-21",
    "acceptedDate": "2020-04-21 07:04:56",
    "calendarYear": "2020",
    "period": "Q1",
    "revenue": 7908000000,
    "costOfRevenue": 5967000000,
    "grossProfit": 1941000000,
    "grossProfitRatio": 0.245447648,
    "researchAndDevelopmentExpenses": 0,
    "generalAndAdministrativeExpenses": 1137000000,
    "sellingAndMarketingExpenses": 0,
    "sellingGeneralAndAdministrativeExpenses": 1137000000,
    "otherExpenses": 0,
    "operatingExpenses": 1137000000,
    "costAndExpenses": 7104000000,
    "interestIncome": 0,
    "interestExpense": 84000000,
    "depreciationAndAmortization": 203000000,
    "ebitda": 1007000000,
    "ebitdaratio": 0.1273394031,
    "operatingIncome": 804000000,
    "operatingIncomeRatio": 0.1016691958,
    "totalOtherIncomeExpensesNet": -84000000,
    "incomeBeforeTax": 720000000,
    "incomeBeforeTaxRatio": 0.091047041,
    "incomeTaxExpense": 120000000,
    "netIncome": 600000000,
    "netIncomeRatio": 0.0758725341,
    "eps": 2.34,
    "epsdiluted": 2.33,
    "weightedAverageShsOut": 254400000,
    "weightedAverageShsOutDil": 255900000,
    "link": "https://www.sec.gov/Archives/edgar/data/86312/000008631220000021/0000086312-20-000021-index.htm",
    "finalLink": "https://www.sec.gov/Archives/edgar/data/86312/000008631220000021/trv-3312020x10q.htm"
  },
  {
    "date": "2019-12-31",
    "symbol": "TRV",
    "reportedCurrency": "USD",
    "cik": "0000086312",
    "fillingDate": "2020-02-13",
    "acceptedDate": "2020-02-13 06:52:02",
    "calendarYear": "2019",
    "period": "Q4",
    "revenue": 8063000000,
    "costOfRevenue": 5821000000,
    "grossProfit": 2242000000,
    "grossProfitRatio": 0.2780602753,
    "researchAndDevelopmentExpenses": 0,
    "generalAndAdministrativeExpenses": 1085000000,
    "sellingAndMarketingExpenses": 0,
    "sellingGeneralAndAdministrativeExpenses": 1085000000,
    "otherExpenses": 0,
    "operatingExpenses": 1085000000,
    "costAndExpenses": 6906000000,
    "interestIncome": 0,
    "interestExpense": 83000000,
    "depreciationAndAmortization": 182000000,
    "ebitda": 1339000000,
    "ebitdaratio": 0.1660672206,
    "operatingIncome": 1157000000,
    "operatingIncomeRatio": 0.1434949771,
    "totalOtherIncomeExpensesNet": -83000000,
    "incomeBeforeTax": 1074000000,
    "incomeBeforeTaxRatio": 0.1332010418,
    "incomeTaxExpense": 201000000,
    "netIncome": 873000000,
    "netIncomeRatio": 0.1082723552,
    "eps": 3.37,
    "epsdiluted": 3.35,
    "weightedAverageShsOut": 256800000,
    "weightedAverageShsOutDil": 259000000,
    "link": "https://www.sec.gov/Archives/edgar/data/86312/000008631220000011/0000086312-20-000011-index.htm",
    "finalLink": "https://www.sec.gov/Archives/edgar/data/86312/000008631220000011/trv-12312019x10k.htm"
  },
  {
    "date": "2019-09-30",
    "symbol": "TRV",
    "reportedCurrency": "USD",
    "cik": "0000086312",
    "fillingDate": "2019-10-22",
    "acceptedDate": "2019-10-22 07:09:31",
    "calendarYear": "2019",
    "period": "Q3",
    "revenue": 8013000000,
    "costOfRevenue": 6399000000,
    "grossProfit": 1614000000,
    "grossProfitRatio": 0.2014226881,
    "researchAndDevelopmentExpenses": 0,
    "generalAndAdministrativeExpenses": 1098000000,
    "sellingAndMarketingExpenses": 0,
    "sellingGeneralAndAdministrativeExpenses": 1098000000,
    "otherExpenses": 0,
    "operatingExpenses": 1098000000,
    "costAndExpenses": 7497000000,
    "interestIncome": 0,
    "interestExpense": 84000000,
    "depreciationAndAmortization": 180000000,
    "ebitda": 696000000,
    "ebitdaratio": 0.0868588544,
    "operatingIncome": 516000000,
    "operatingIncomeRatio": 0.0643953575,
    "totalOtherIncomeExpensesNet": -84000000,
    "incomeBeforeTax": 432000000,
    "incomeBeforeTaxRatio": 0.0539123924,
    "incomeTaxExpense": 36000000,
    "netIncome": 396000000,
    "netIncomeRatio": 0.049419693,
    "eps": 1.52,
    "epsdiluted": 1.5,
    "weightedAverageShsOut": 259200000,
    "weightedAverageShsOutDil": 261800000,
    "link": "https://www.sec.gov/Archives/edgar/data/86312/000008631219000046/0000086312-19-000046-index.htm",
    "finalLink": "https://www.sec.gov/Archives/edgar/data/86312/000008631219000046/trv-9302019x10q.htm"
  },
  {
    "date": "2019-06-30",
    "symbol": "TRV",
    "reportedCurrency": "USD",
    "cik": "0000086312",
    "fillingDate": "2019-07-23",
    "acceptedDate": "2019-07-23 07:09:56",
    "calendarYear": "2019",
    "period": "Q2",
    "revenue": 7834000000,
    "costOfRevenue": 5955000000,
    "grossProfit": 1879000000,
    "grossProfitRatio": 0.2398519275,
    "researchAndDevelopmentExpenses": 0,
    "generalAndAdministrativeExpenses": 1125000000,
    "sellingAndMarketingExpenses": 0,
    "sellingGeneralAndAdministrativeExpenses": 1125000000,
    "otherExpenses": 0,
    "operatingExpenses": 1125000000,
    "costAndExpenses": 7080000000,
    "interestIncome": 0,
    "interestExpense": 89000000,
    "depreciationAndAmortization": 190000000,
    "ebitda": 944000000,
    "ebitdaratio": 0.1205003829,
    "operatingIncome": 754000000,
    "operatingIncomeRatio": 0.0962471279,
    "totalOtherIncomeExpensesNet": -89000000,
    "incomeBeforeTax": 665000000,
    "incomeBeforeTaxRatio": 0.0848863926,
    "incomeTaxExpense": 108000000,
    "netIncome": 557000000,
    "netIncomeRatio": 0.0711003319,
    "eps": 2.11,
    "epsdiluted": 2.1,
    "weightedAverageShsOut": 261300000,
    "weightedAverageShsOutDil": 263700000,
    "link": "https://www.sec.gov/Archives/edgar/data/86312/000008631219000035/0000086312-19-000035-index.htm",
    "finalLink": "https://www.sec.gov/Archives/edgar/data/86312/000008631219000035/trv-6302019x10q.htm"
  },
  {
    "date": "2019-03-31",
    "symbol": "TRV",
    "reportedCurrency": "USD",
    "cik": "0000086312",
    "fillingDate": "2019-04-18",
    "acceptedDate": "2019-04-18 07:07:52",
    "calendarYear": "2019",
    "period": "Q1",
    "revenue": 7671000000,
    "costOfRevenue": 5559000000,
    "grossProfit": 2112000000,
    "grossProfitRatio": 0.2753226437,
    "researchAndDevelopmentExpenses": 0,
    "generalAndAdministrativeExpenses": 1057000000,
    "sellingAndMarketingExpenses": 0,
    "sellingGeneralAndAdministrativeExpenses": 1057000000,
    "otherExpenses": 0,
    "operatingExpenses": 1057000000,
    "costAndExpenses": 6616000000,
    "interestIncome": 0,
    "interestExpense": 88000000,
    "depreciationAndAmortization": 211000000,
    "ebitda": 1266000000,
    "ebitdaratio": 0.1650371529,
    "operatingIncome": 1055000000,
    "operatingIncomeRatio": 0.1375309608,
    "totalOtherIncomeExpensesNet": -88000000,
    "incomeBeforeTax": 967000000,
    "incomeBeforeTaxRatio": 0.1260591839,
    "incomeTaxExpense": 171000000,
    "netIncome": 796000000,
    "netIncomeRatio": 0.1037674358,
    "eps": 3.01,
    "epsdiluted": 2.99,
    "weightedAverageShsOut": 262900000,
    "weightedAverageShsOutDil": 264800000,
    "link": "https://www.sec.gov/Archives/edgar/data/86312/000008631219000021/0000086312-19-000021-index.htm",
    "finalLink": "https://www.sec.gov/Archives/edgar/data/86312/000008631219000021/trv-3312019x10q.htm"
  },
  {
    "date": "2018-12-31",
    "symbol": "TRV",
    "reportedCurrency": "USD",
    "cik": "0000086312",
    "fillingDate": "2019-02-14",
    "acceptedDate": "2019-02-14 08:46:39",
    "calendarYear": "2018",
    "period": "Q4",
    "revenue": 7796000000,
    "costOfRevenue": 5900000000,
    "grossProfit": 1896000000,
    "grossProfitRatio": 0.2432016419,
    "researchAndDevelopmentExpenses": 0,
    "generalAndAdministrativeExpenses": 1063000000,
    "sellingAndMarketingExpenses": 0,
    "sellingGeneralAndAdministrativeExpenses": 1063000000,
    "otherExpenses": 0,
    "operatingExpenses": 1063000000,
    "costAndExpenses": 6963000000,
    "interestIncome": 0,
    "interestExpense": 87000000,
    "depreciationAndAmortization": 194000000,
    "ebitda": 1027000000,
    "ebitdaratio": 0.1317342227,
    "operatingIncome": 833000000,
    "operatingIncomeRatio": 0.1068496665,
    "totalOtherIncomeExpensesNet": -87000000,
    "incomeBeforeTax": 746000000,
    "incomeBeforeTaxRatio": 0.0956900975,
    "incomeTaxExpense": 125000000,
    "netIncome": 621000000,
    "netIncomeRatio": 0.079656234,
    "eps": 2.15,
    "epsdiluted": 2.13,
    "weightedAverageShsOut": 263900000,
    "weightedAverageShsOutDil": 266000000,
    "link": "https://www.sec.gov/Archives/edgar/data/86312/000008631219000009/0000086312-19-000009-index.htm",
    "finalLink": "https://www.sec.gov/Archives/edgar/data/86312/000008631219000009/trv-12312018x10k.htm"
  },
  {
    "date": "2018-09-30",
    "symbol": "TRV",
    "reportedCurrency": "USD",
    "cik": "0000086312",
    "fillingDate": "2018-10-18",
    "acceptedDate": "2018-10-18 07:08:11",
    "calendarYear": "2018",
    "period": "Q3",
    "revenue": 7723000000,
    "costOfRevenue": 5772000000,
    "grossProfit": 1951000000,
    "grossProfitRatio": 0.2526220381,
    "researchAndDevelopmentExpenses": 0,
    "generalAndAdministrativeExpenses": 1059000000,
    "sellingAndMarketingExpenses": 0,
    "sellingGeneralAndAdministrativeExpenses": 1059000000,
    "otherExpenses": 0,
    "operatingExpenses": 1059000000,
    "costAndExpenses": 6831000000,
    "interestIncome": 0,
    "interestExpense": 86000000,
    "depreciationAndAmortization": 198000000,
    "ebitda": 1090000000,
    "ebitdaratio": 0.1411368639,
    "operatingIncome": 892000000,
    "operatingIncomeRatio": 0.1154991584,
    "totalOtherIncomeExpensesNet": -86000000,
    "incomeBeforeTax": 806000000,
    "incomeBeforeTaxRatio": 0.1043635893,
    "incomeTaxExpense": 97000000,
    "netIncome": 709000000,
    "netIncomeRatio": 0.0918037032,
    "eps": 2.65,
    "epsdiluted": 2.62,
    "weightedAverageShsOut": 266100000,
    "weightedAverageShsOutDil": 268400000,
    "link": "https://www.sec.gov/Archives/edgar/data/86312/000008631218000038/0000086312-18-000038-index.htm",
    "finalLink": "https://www.sec.gov/Archives/edgar/data/86312/000008631218000038/trv-9302018x10q.htm"
  },
  {
    "date": "2018-06-30",
    "symbol": "TRV",
    "reportedCurrency": "USD",
    "cik": "0000086312",
    "fillingDate": "2018-07-19",
    "acceptedDate": "2018-07-19 07:07:07",
    "calendarYear": "2018",
    "period": "Q2",
    "revenue": 7477000000,
    "costOfRevenue": 5643000000,
    "grossProfit": 1834000000,
    "grossProfitRatio": 0.2452855423,
    "researchAndDevelopmentExpenses": 0,
    "generalAndAdministrativeExpenses": 1113000000,
    "sellingAndMarketingExpenses": 0,
    "sellingGeneralAndAdministrativeExpenses": 1113000000,
    "otherExpenses": 0,
    "operatingExpenses": 1113000000,
    "costAndExpenses": 6756000000,
    "interestIncome": 0,
    "interestExpense": 90000000,
    "depreciationAndAmortization": 199000000,
    "ebitda": 920000000,
    "ebitdaratio": 0.1230440016,
    "operatingIncome": 721000000,
    "operatingIncomeRatio": 0.0964290491,
    "totalOtherIncomeExpensesNet": -90000000,
    "incomeBeforeTax": 631000000,
    "incomeBeforeTaxRatio": 0.0843921359,
    "incomeTaxExpense": 107000000,
    "netIncome": 524000000,
    "netIncomeRatio": 0.0700815835,
    "eps": 1.93,
    "epsdiluted": 1.92,
    "weightedAverageShsOut": 268700000,
    "weightedAverageShsOutDil": 271100000,
    "link": "https://www.sec.gov/Archives/edgar/data/86312/000008631218000024/0000086312-18-000024-index.htm",
    "finalLink": "https://www.sec.gov/Archives/edgar/data/86312/000008631218000024/trv-6302018x10q.htm"
  },
  {
    "date": "2018-03-31",
    "symbol": "TRV",
    "reportedCurrency": "USD",
    "cik": "0000086312",
    "fillingDate": "2018-04-24",
    "acceptedDate": "2018-04-24 07:11:47",
    "calendarYear": "2018",
    "period": "Q1",
    "revenue": 7286000000,
    "costOfRevenue": 5357000000,
    "grossProfit": 1929000000,
    "grossProfitRatio": 0.2647543234,
    "researchAndDevelopmentExpenses": 0,
    "generalAndAdministrativeExpenses": 1062000000,
    "sellingAndMarketingExpenses": 0,
    "sellingGeneralAndAdministrativeExpenses": 1062000000,
    "otherExpenses": 0,
    "operatingExpenses": 1062000000,
    "costAndExpenses": 6419000000,
    "interestIncome": 0,
    "interestExpense": 89000000,
    "depreciationAndAmortization": 212000000,
    "ebitda": 1079000000,
    "ebitdaratio": 0.1480922317,
    "operatingIncome": 867000000,
    "operatingIncomeRatio": 0.1189953335,
    "totalOtherIncomeExpensesNet": -89000000,
    "incomeBeforeTax": 778000000,
    "incomeBeforeTaxRatio": 0.1067801263,
    "incomeTaxExpense": 109000000,
    "netIncome": 669000000,
    "netIncomeRatio": 0.0918199286,
    "eps": 2.45,
    "epsdiluted": 2.42,
    "weightedAverageShsOut": 271000000,
    "weightedAverageShsOutDil": 273900000,
    "link": "https://www.sec.gov/Archives/edgar/data/86312/000008631218000008/0000086312-18-000008-index.htm",
    "finalLink": "https://www.sec.gov/Archives/edgar/data/86312/000008631218000008/trv-3312018x10q.htm"
  },
  {
    "date": "2017-12-31",
    "symbol": "TRV",
    "reportedCurrency": "USD",
    "cik": "0000086312",
    "fillingDate": "2018-02-15",
    "acceptedDate": "2018-02-15 07:04:51",
    "calendarYear": "2017",
    "period": "Q4",
    "revenue": 7451000000,
    "costOfRevenue": 5414000000,
    "grossProfit": 2037000000,
    "grossProfitRatio": 0.2733861227,
    "researchAndDevelopmentExpenses": 0,
    "generalAndAdministrativeExpenses": 1084000000,
    "sellingAndMarketingExpenses": 0,
    "sellingGeneralAndAdministrativeExpenses": 1084000000,
    "otherExpenses": 0,
    "operatingExpenses": 1084000000,
    "costAndExpenses": 6498000000,
    "interestIncome": 0,
    "interestExpense": 93000000,
    "depreciationAndAmortization": 202000000,
    "ebitda": 1155000000,
    "ebitdaratio": 0.15501275,
    "operatingIncome": 953000000,
    "operatingIncomeRatio": 0.127902295,
    "totalOtherIncomeExpensesNet": -93000000,
    "incomeBeforeTax": 860000000,
    "incomeBeforeTaxRatio": 0.1154207489,
    "incomeTaxExpense": 309000000,
    "netIncome": 551000000,
    "netIncomeRatio": 0.0739498054,
    "eps": 2,
    "epsdiluted": 1.98,
    "weightedAverageShsOut": 272800000,
    "weightedAverageShsOutDil": 275700000,
    "link": "https://www.sec.gov/Archives/edgar/data/86312/000104746918000812/0001047469-18-000812-index.htm",
    "finalLink": "https://www.sec.gov/Archives/edgar/data/86312/000104746918000812/a2234469z10-k.htm"
  },
  {
    "date": "2017-09-30",
    "symbol": "TRV",
    "reportedCurrency": "USD",
    "cik": "0000086312",
    "fillingDate": "2017-10-19",
    "acceptedDate": "2017-10-19 07:09:28",
    "calendarYear": "2017",
    "period": "Q3",
    "revenue": 7325000000,
    "costOfRevenue": 5865000000,
    "grossProfit": 1460000000,
    "grossProfitRatio": 0.1993174061,
    "researchAndDevelopmentExpenses": 0,
    "generalAndAdministrativeExpenses": 1045000000,
    "sellingAndMarketingExpenses": 0,
    "sellingGeneralAndAdministrativeExpenses": 1045000000,
    "otherExpenses": 0,
    "operatingExpenses": 1045000000,
    "costAndExpenses": 6910000000,
    "interestIncome": 0,
    "interestExpense": 95000000,
    "depreciationAndAmortization": 202000000,
    "ebitda": 617000000,
    "ebitdaratio": 0.0842320819,
    "operatingIncome": 415000000,
    "operatingIncomeRatio": 0.0566552901,
    "totalOtherIncomeExpensesNet": -95000000,
    "incomeBeforeTax": 320000000,
    "incomeBeforeTaxRatio": 0.0436860068,
    "incomeTaxExpense": 27000000,
    "netIncome": 293000000,
    "netIncomeRatio": 0.04,
    "eps": 1.06,
    "epsdiluted": 1.05,
    "weightedAverageShsOut": 274100000,
    "weightedAverageShsOutDil": 276600000,
    "link": "https://www.sec.gov/Archives/edgar/data/86312/000110465917062842/0001104659-17-062842-index.htm",
    "finalLink": "https://www.sec.gov/Archives/edgar/data/86312/000110465917062842/a17-20597_110q.htm"
  },
  {
    "date": "2017-06-30",
    "symbol": "TRV",
    "reportedCurrency": "USD",
    "cik": "0000086312",
    "fillingDate": "2017-07-20",
    "acceptedDate": "2017-07-20 07:06:44",
    "calendarYear": "2017",
    "period": "Q2",
    "revenue": 7184000000,
    "costOfRevenue": 5257000000,
    "grossProfit": 1927000000,
    "grossProfitRatio": 0.2682349666,
    "researchAndDevelopmentExpenses": 0,
    "generalAndAdministrativeExpenses": 1045000000,
    "sellingAndMarketingExpenses": 0,
    "sellingGeneralAndAdministrativeExpenses": 1045000000,
    "otherExpenses": 0,
    "operatingExpenses": 1045000000,
    "costAndExpenses": 6302000000,
    "interestIncome": 0,
    "interestExpense": 92000000,
    "depreciationAndAmortization": 198000000,
    "ebitda": 1080000000,
    "ebitdaratio": 0.1503340757,
    "operatingIncome": 882000000,
    "operatingIncomeRatio": 0.1227728285,
    "totalOtherIncomeExpensesNet": -92000000,
    "incomeBeforeTax": 790000000,
    "incomeBeforeTaxRatio": 0.1099665924,
    "incomeTaxExpense": 195000000,
    "netIncome": 595000000,
    "netIncomeRatio": 0.0828229399,
    "eps": 2.13,
    "epsdiluted": 2.11,
    "weightedAverageShsOut": 277500000,
    "weightedAverageShsOutDil": 280000000,
    "link": "https://www.sec.gov/Archives/edgar/data/86312/000110465917045895/0001104659-17-045895-index.htm",
    "finalLink": "https://www.sec.gov/Archives/edgar/data/86312/000110465917045895/a17-13312_110q.htm"
  },
  {
    "date": "2017-03-31",
    "symbol": "TRV",
    "reportedCurrency": "USD",
    "cik": "0000086312",
    "fillingDate": "2017-04-20",
    "acceptedDate": "2017-04-20 07:08:20",
    "calendarYear": "2017",
    "period": "Q1",
    "revenue": 6942000000,
    "costOfRevenue": 5097000000,
    "grossProfit": 1845000000,
    "grossProfitRatio": 0.2657735523,
    "researchAndDevelopmentExpenses": 0,
    "generalAndAdministrativeExpenses": 996000000,
    "sellingAndMarketingExpenses": 0,
    "sellingGeneralAndAdministrativeExpenses": 996000000,
    "otherExpenses": 0,
    "operatingExpenses": 996000000,
    "costAndExpenses": 6093000000,
    "interestIncome": 0,
    "interestExpense": 89000000,
    "depreciationAndAmortization": 211000000,
    "ebitda": 1060000000,
    "ebitdaratio": 0.1526937482,
    "operatingIncome": 849000000,
    "operatingIncomeRatio": 0.1222990493,
    "totalOtherIncomeExpensesNet": -89000000,
    "incomeBeforeTax": 760000000,
    "incomeBeforeTaxRatio": 0.1094785364,
    "incomeTaxExpense": 143000000,
    "netIncome": 617000000,
    "netIncomeRatio": 0.0888792855,
    "eps": 2.19,
    "epsdiluted": 2.17,
    "weightedAverageShsOut": 279700000,
    "weightedAverageShsOutDil": 282400000,
    "link": "https://www.sec.gov/Archives/edgar/data/86312/000110465917024701/0001104659-17-024701-index.htm",
    "finalLink": "https://www.sec.gov/Archives/edgar/data/86312/000110465917024701/a17-8847_110q.htm"
  },
  {
    "date": "2016-12-31",
    "symbol": "TRV",
    "reportedCurrency": "USD",
    "cik": "0000086312",
    "fillingDate": "2017-02-16",
    "acceptedDate": "2017-02-16 07:07:39",
    "calendarYear": "2016",
    "period": "Q4",
    "revenue": 7193000000,
    "costOfRevenue": 4753000000,
    "grossProfit": 2440000000,
    "grossProfitRatio": 0.3392186848,
    "researchAndDevelopmentExpenses": 0,
    "generalAndAdministrativeExpenses": 1048000000,
    "sellingAndMarketingExpenses": 0,
    "sellingGeneralAndAdministrativeExpenses": 1048000000,
    "otherExpenses": 0,
    "operatingExpenses": 1048000000,
    "costAndExpenses": 5801000000,
    "interestIncome": 0,
    "interestExpense": 90000000,
    "depreciationAndAmortization": 202000000,
    "ebitda": 1594000000,
    "ebitdaratio": 0.2216043376,
    "operatingIncome": 1392000000,
    "operatingIncomeRatio": 0.1935214792,
    "totalOtherIncomeExpensesNet": -90000000,
    "incomeBeforeTax": 1302000000,
    "incomeBeforeTaxRatio": 0.1810093146,
    "incomeTaxExpense": 359000000,
    "netIncome": 943000000,
    "netIncomeRatio": 0.1310996802,
    "eps": 3.32,
    "epsdiluted": 3.28,
    "weightedAverageShsOut": 282100000,
    "weightedAverageShsOutDil": 285100000,
    "link": "https://www.sec.gov/Archives/edgar/data/86312/000104746917000695/0001047469-17-000695-index.htm",
    "finalLink": "https://www.sec.gov/Archives/edgar/data/86312/000104746917000695/a2230860z10-k.htm"
  },
  {
    "date": "2016-09-30",
    "symbol": "TRV",
    "reportedCurrency": "USD",
    "cik": "0000086312",
    "fillingDate": "2016-10-20",
    "acceptedDate": "2016-10-20 07:10:33",
    "calendarYear": "2016",
    "period": "Q3",
    "revenue": 6961000000,
    "costOfRevenue": 4868000000,
    "grossProfit": 2093000000,
    "grossProfitRatio": 0.3006751903,
    "researchAndDevelopmentExpenses": 0,
    "generalAndAdministrativeExpenses": 1057000000,
    "sellingAndMarketingExpenses": 0,
    "sellingGeneralAndAdministrativeExpenses": 1057000000,
    "otherExpenses": 0,
    "operatingExpenses": 1057000000,
    "costAndExpenses": 5925000000,
    "interestIncome": 0,
    "interestExpense": 89000000,
    "depreciationAndAmortization": 211000000,
    "ebitda": 1247000000,
    "ebitdaratio": 0.179140928,
    "operatingIncome": 1036000000,
    "operatingIncomeRatio": 0.1488291912,
    "totalOtherIncomeExpensesNet": -89000000,
    "incomeBeforeTax": 947000000,
    "incomeBeforeTaxRatio": 0.1360436719,
    "incomeTaxExpense": 231000000,
    "netIncome": 716000000,
    "netIncomeRatio": 0.1028587847,
    "eps": 2.48,
    "epsdiluted": 2.45,
    "weightedAverageShsOut": 286000000,
    "weightedAverageShsOutDil": 289800000,
    "link": "https://www.sec.gov/Archives/edgar/data/86312/000110465916151040/0001104659-16-151040-index.htm",
    "finalLink": "https://www.sec.gov/Archives/edgar/data/86312/000110465916151040/a16-17149_110q.htm"
  },
  {
    "date": "2016-06-30",
    "symbol": "TRV",
    "reportedCurrency": "USD",
    "cik": "0000086312",
    "fillingDate": "2016-07-21",
    "acceptedDate": "2016-07-21 07:08:37",
    "calendarYear": "2016",
    "period": "Q2",
    "revenue": 6785000000,
    "costOfRevenue": 4751000000,
    "grossProfit": 2034000000,
    "grossProfitRatio": 0.2997789241,
    "researchAndDevelopmentExpenses": 0,
    "generalAndAdministrativeExpenses": 1054000000,
    "sellingAndMarketingExpenses": 0,
    "sellingGeneralAndAdministrativeExpenses": 1054000000,
    "otherExpenses": 0,
    "operatingExpenses": 1054000000,
    "costAndExpenses": 5805000000,
    "interestIncome": 0,
    "interestExpense": 93000000,
    "depreciationAndAmortization": 200000000,
    "ebitda": 1180000000,
    "ebitdaratio": 0.1739130435,
    "operatingIncome": 980000000,
    "operatingIncomeRatio": 0.1444362564,
    "totalOtherIncomeExpensesNet": -93000000,
    "incomeBeforeTax": 887000000,
    "incomeBeforeTaxRatio": 0.1307295505,
    "incomeTaxExpense": 223000000,
    "netIncome": 664000000,
    "netIncomeRatio": 0.0978629329,
    "eps": 2.27,
    "epsdiluted": 2.24,
    "weightedAverageShsOut": 290100000,
    "weightedAverageShsOutDil": 293600000,
    "link": "https://www.sec.gov/Archives/edgar/data/86312/000110465916133593/0001104659-16-133593-index.htm",
    "finalLink": "https://www.sec.gov/Archives/edgar/data/86312/000110465916133593/a16-11537_110q.htm"
  },
  {
    "date": "2016-03-31",
    "symbol": "TRV",
    "reportedCurrency": "USD",
    "cik": "0000086312",
    "fillingDate": "2016-04-21",
    "acceptedDate": "2016-04-21 07:09:19",
    "calendarYear": "2016",
    "period": "Q1",
    "revenue": 6686000000,
    "costOfRevenue": 4683000000,
    "grossProfit": 2003000000,
    "grossProfitRatio": 0.2995812145,
    "researchAndDevelopmentExpenses": 0,
    "generalAndAdministrativeExpenses": 995000000,
    "sellingAndMarketingExpenses": 0,
    "sellingGeneralAndAdministrativeExpenses": 995000000,
    "otherExpenses": 0,
    "operatingExpenses": 995000000,
    "costAndExpenses": 5678000000,
    "interestIncome": 0,
    "interestExpense": 91000000,
    "depreciationAndAmortization": 213000000,
    "ebitda": 1221000000,
    "ebitdaratio": 0.1826204008,
    "operatingIncome": 1008000000,
    "operatingIncomeRatio": 0.1507627879,
    "totalOtherIncomeExpensesNet": -91000000,
    "incomeBeforeTax": 917000000,
    "incomeBeforeTaxRatio": 0.1371522585,
    "incomeTaxExpense": 226000000,
    "netIncome": 691000000,
    "netIncomeRatio": 0.1033502842,
    "eps": 2.33,
    "epsdiluted": 2.3,
    "weightedAverageShsOut": 294200000,
    "weightedAverageShsOutDil": 297900000,
    "link": "https://www.sec.gov/Archives/edgar/data/86312/000110465916113040/0001104659-16-113040-index.htm",
    "finalLink": "https://www.sec.gov/Archives/edgar/data/86312/000110465916113040/a16-6615_110q.htm"
  },
  {
    "date": "2015-12-31",
    "symbol": "TRV",
    "reportedCurrency": "USD",
    "cik": "0000086312",
    "fillingDate": "2016-02-11",
    "acceptedDate": "2016-02-11 07:00:41",
    "calendarYear": "2015",
    "period": "Q4",
    "revenue": 6674000000,
    "costOfRevenue": 4335000000,
    "grossProfit": 2339000000,
    "grossProfitRatio": 0.3504644891,
    "researchAndDevelopmentExpenses": 0,
    "generalAndAdministrativeExpenses": 1035000000,
    "sellingAndMarketingExpenses": 0,
    "sellingGeneralAndAdministrativeExpenses": 1035000000,
    "otherExpenses": 0,
    "operatingExpenses": 1035000000,
    "costAndExpenses": 5370000000,
    "interestIncome": 0,
    "interestExpense": 95000000,
    "depreciationAndAmortization": 198000000,
    "ebitda": 1502000000,
    "ebitdaratio": 0.2250524423,
    "operatingIncome": 1304000000,
    "operatingIncomeRatio": 0.1953850764,
    "totalOtherIncomeExpensesNet": -95000000,
    "incomeBeforeTax": 1209000000,
    "incomeBeforeTaxRatio": 0.1811507342,
    "incomeTaxExpense": 343000000,
    "netIncome": 866000000,
    "netIncomeRatio": 0.129757267,
    "eps": 2.87,
    "epsdiluted": 2.83,
    "weightedAverageShsOut": 299700000,
    "weightedAverageShsOutDil": 303300000,
    "link": "https://www.sec.gov/Archives/edgar/data/86312/000104746916010107/0001047469-16-010107-index.htm",
    "finalLink": "https://www.sec.gov/Archives/edgar/data/86312/000104746916010107/a2227255z10-k.htm"
  },
  {
    "date": "2015-09-30",
    "symbol": "TRV",
    "reportedCurrency": "USD",
    "cik": "0000086312",
    "fillingDate": "2015-10-20",
    "acceptedDate": "2015-10-20 07:08:53",
    "calendarYear": "2015",
    "period": "Q3",
    "revenue": 6798000000,
    "costOfRevenue": 4369000000,
    "grossProfit": 2429000000,
    "grossProfitRatio": 0.3573109738,
    "researchAndDevelopmentExpenses": 0,
    "generalAndAdministrativeExpenses": 1028000000,
    "sellingAndMarketingExpenses": 0,
    "sellingGeneralAndAdministrativeExpenses": 1024000000,
    "otherExpenses": 4000000,
    "operatingExpenses": 1028000000,
    "costAndExpenses": 5397000000,
    "interestIncome": 0,
    "interestExpense": 94000000,
    "depreciationAndAmortization": 191000000,
    "ebitda": 1592000000,
    "ebitdaratio": 0.2341865254,
    "operatingIncome": 1401000000,
    "operatingIncomeRatio": 0.2060900265,
    "totalOtherIncomeExpensesNet": -94000000,
    "incomeBeforeTax": 1307000000,
    "incomeBeforeTaxRatio": 0.1922624301,
    "incomeTaxExpense": 379000000,
    "netIncome": 928000000,
    "netIncomeRatio": 0.1365107385,
    "eps": 3,
    "epsdiluted": 2.97,
    "weightedAverageShsOut": 307600000,
    "weightedAverageShsOutDil": 311000000,
    "link": "https://www.sec.gov/Archives/edgar/data/86312/000110465915071489/0001104659-15-071489-index.htm",
    "finalLink": "https://www.sec.gov/Archives/edgar/data/86312/000110465915071489/a15-18004_110q.htm"
  },
  {
    "date": "2015-06-30",
    "symbol": "TRV",
    "reportedCurrency": "USD",
    "cik": "0000086312",
    "fillingDate": "2015-07-21",
    "acceptedDate": "2015-07-21 07:06:40",
    "calendarYear": "2015",
    "period": "Q2",
    "revenue": 6710000000,
    "costOfRevenue": 4510000000,
    "grossProfit": 2200000000,
    "grossProfitRatio": 0.3278688525,
    "researchAndDevelopmentExpenses": 0,
    "generalAndAdministrativeExpenses": 1032000000,
    "sellingAndMarketingExpenses": 0,
    "sellingGeneralAndAdministrativeExpenses": 1028000000,
    "otherExpenses": 4000000,
    "operatingExpenses": 1032000000,
    "costAndExpenses": 5542000000,
    "interestIncome": 0,
    "interestExpense": 92000000,
    "depreciationAndAmortization": 204000000,
    "ebitda": 1372000000,
    "ebitdaratio": 0.2044709389,
    "operatingIncome": 1168000000,
    "operatingIncomeRatio": 0.1740685544,
    "totalOtherIncomeExpensesNet": -92000000,
    "incomeBeforeTax": 1076000000,
    "incomeBeforeTaxRatio": 0.1603576751,
    "incomeTaxExpense": 264000000,
    "netIncome": 812000000,
    "netIncomeRatio": 0.1210134128,
    "eps": 2.56,
    "epsdiluted": 2.53,
    "weightedAverageShsOut": 314800000,
    "weightedAverageShsOutDil": 318000000,
    "link": "https://www.sec.gov/Archives/edgar/data/86312/000110465915051991/0001104659-15-051991-index.htm",
    "finalLink": "https://www.sec.gov/Archives/edgar/data/86312/000110465915051991/a15-12109_110q.htm"
  },
  {
    "date": "2015-03-31",
    "symbol": "TRV",
    "reportedCurrency": "USD",
    "cik": "0000086312",
    "fillingDate": "2015-04-21",
    "acceptedDate": "2015-04-21 07:15:51",
    "calendarYear": "2015",
    "period": "Q1",
    "revenue": 6629000000,
    "costOfRevenue": 4394000000,
    "grossProfit": 2235000000,
    "grossProfitRatio": 0.3371549253,
    "researchAndDevelopmentExpenses": 0,
    "generalAndAdministrativeExpenses": 995000000,
    "sellingAndMarketingExpenses": 0,
    "sellingGeneralAndAdministrativeExpenses": 992000000,
    "otherExpenses": 3000000,
    "operatingExpenses": 995000000,
    "costAndExpenses": 5389000000,
    "interestIncome": 0,
    "interestExpense": 92000000,
    "depreciationAndAmortization": 225000000,
    "ebitda": 1465000000,
    "ebitdaratio": 0.2209986423,
    "operatingIncome": 1240000000,
    "operatingIncomeRatio": 0.1870568713,
    "totalOtherIncomeExpensesNet": -92000000,
    "incomeBeforeTax": 1148000000,
    "incomeBeforeTaxRatio": 0.1731784583,
    "incomeTaxExpense": 315000000,
    "netIncome": 833000000,
    "netIncomeRatio": 0.1256599789,
    "eps": 2.58,
    "epsdiluted": 2.55,
    "weightedAverageShsOut": 320800000,
    "weightedAverageShsOutDil": 324500000,
    "link": "https://www.sec.gov/Archives/edgar/data/86312/000110465915028880/0001104659-15-028880-index.htm",
    "finalLink": "https://www.sec.gov/Archives/edgar/data/86312/000110465915028880/a15-7890_110q.htm"
  },
  {
    "date": "2014-12-31",
    "symbol": "TRV",
    "reportedCurrency": "USD",
    "cik": "0000086312",
    "fillingDate": "2015-02-12",
    "acceptedDate": "2015-02-12 07:04:17",
    "calendarYear": "2014",
    "period": "Q4",
    "revenue": 6783000000,
    "costOfRevenue": 4192000000,
    "grossProfit": 2591000000,
    "grossProfitRatio": 0.3819843727,
    "researchAndDevelopmentExpenses": 0,
    "generalAndAdministrativeExpenses": 1039000000,
    "sellingAndMarketingExpenses": 0,
    "sellingGeneralAndAdministrativeExpenses": 1039000000,
    "otherExpenses": 0,
    "operatingExpenses": 1039000000,
    "costAndExpenses": 5231000000,
    "interestIncome": 0,
    "interestExpense": 92000000,
    "depreciationAndAmortization": 211000000,
    "ebitda": 1763000000,
    "ebitdaratio": 0.2599144921,
    "operatingIncome": 1552000000,
    "operatingIncomeRatio": 0.2288073124,
    "totalOtherIncomeExpensesNet": -92000000,
    "incomeBeforeTax": 1460000000,
    "incomeBeforeTaxRatio": 0.2152439923,
    "incomeTaxExpense": 422000000,
    "netIncome": 1038000000,
    "netIncomeRatio": 0.1530296329,
    "eps": 3.15,
    "epsdiluted": 3.11,
    "weightedAverageShsOut": 326800000,
    "weightedAverageShsOutDil": 331000000,
    "link": "https://www.sec.gov/Archives/edgar/data/86312/000104746915000743/0001047469-15-000743-index.htm",
    "finalLink": "https://www.sec.gov/Archives/edgar/data/86312/000104746915000743/a2222930z10-k.htm"
  },
  {
    "date": "2014-09-30",
    "symbol": "TRV",
    "reportedCurrency": "USD",
    "cik": "0000086312",
    "fillingDate": "2014-10-21",
    "acceptedDate": "2014-10-21 07:11:17",
    "calendarYear": "2014",
    "period": "Q3",
    "revenue": 6886000000,
    "costOfRevenue": 4504000000,
    "grossProfit": 2382000000,
    "grossProfitRatio": 0.3459192565,
    "researchAndDevelopmentExpenses": 0,
    "generalAndAdministrativeExpenses": 1031000000,
    "sellingAndMarketingExpenses": 0,
    "sellingGeneralAndAdministrativeExpenses": 1031000000,
    "otherExpenses": 0,
    "operatingExpenses": 1031000000,
    "costAndExpenses": 5535000000,
    "interestIncome": 0,
    "interestExpense": 93000000,
    "depreciationAndAmortization": 211000000,
    "ebitda": 1562000000,
    "ebitdaratio": 0.2268370607,
    "operatingIncome": 1351000000,
    "operatingIncomeRatio": 0.1961951786,
    "totalOtherIncomeExpensesNet": -93000000,
    "incomeBeforeTax": 1258000000,
    "incomeBeforeTaxRatio": 0.182689515,
    "incomeTaxExpense": 339000000,
    "netIncome": 919000000,
    "netIncomeRatio": 0.1334591926,
    "eps": 2.72,
    "epsdiluted": 2.69,
    "weightedAverageShsOut": 335100000,
    "weightedAverageShsOutDil": 338900000,
    "link": "https://www.sec.gov/Archives/edgar/data/86312/000110465914072594/0001104659-14-072594-index.htm",
    "finalLink": "https://www.sec.gov/Archives/edgar/data/86312/000110465914072594/a14-19863_110q.htm"
  },
  {
    "date": "2014-06-30",
    "symbol": "TRV",
    "reportedCurrency": "USD",
    "cik": "0000086312",
    "fillingDate": "2014-07-22",
    "acceptedDate": "2014-07-22 07:12:27",
    "calendarYear": "2014",
    "period": "Q2",
    "revenue": 6785000000,
    "costOfRevenue": 4791000000,
    "grossProfit": 1994000000,
    "grossProfitRatio": 0.2938835667,
    "researchAndDevelopmentExpenses": 0,
    "generalAndAdministrativeExpenses": 1001000000,
    "sellingAndMarketingExpenses": 0,
    "sellingGeneralAndAdministrativeExpenses": 1001000000,
    "otherExpenses": 0,
    "operatingExpenses": 1001000000,
    "costAndExpenses": 5792000000,
    "interestIncome": 0,
    "interestExpense": 92000000,
    "depreciationAndAmortization": 215000000,
    "ebitda": 1208000000,
    "ebitdaratio": 0.1780397937,
    "operatingIncome": 993000000,
    "operatingIncomeRatio": 0.1463522476,
    "totalOtherIncomeExpensesNet": -92000000,
    "incomeBeforeTax": 901000000,
    "incomeBeforeTaxRatio": 0.1327929256,
    "incomeTaxExpense": 218000000,
    "netIncome": 683000000,
    "netIncomeRatio": 0.1006632277,
    "eps": 1.98,
    "epsdiluted": 1.95,
    "weightedAverageShsOut": 343000000,
    "weightedAverageShsOutDil": 346700000,
    "link": "https://www.sec.gov/Archives/edgar/data/86312/000110465914052582/0001104659-14-052582-index.htm",
    "finalLink": "https://www.sec.gov/Archives/edgar/data/86312/000110465914052582/a14-14156_110q.htm"
  },
  {
    "date": "2014-03-31",
    "symbol": "TRV",
    "reportedCurrency": "USD",
    "cik": "0000086312",
    "fillingDate": "2014-04-22",
    "acceptedDate": "2014-04-22 07:21:23",
    "calendarYear": "2014",
    "period": "Q1",
    "revenue": 6708000000,
    "costOfRevenue": 4265000000,
    "grossProfit": 2443000000,
    "grossProfitRatio": 0.3641920095,
    "researchAndDevelopmentExpenses": 0,
    "generalAndAdministrativeExpenses": 881000000,
    "sellingAndMarketingExpenses": 0,
    "sellingGeneralAndAdministrativeExpenses": 881000000,
    "otherExpenses": 0,
    "operatingExpenses": 881000000,
    "costAndExpenses": 5146000000,
    "interestIncome": 0,
    "interestExpense": 92000000,
    "depreciationAndAmortization": 227000000,
    "ebitda": 1789000000,
    "ebitdaratio": 0.2666964818,
    "operatingIncome": 1562000000,
    "operatingIncomeRatio": 0.232856291,
    "totalOtherIncomeExpensesNet": -92000000,
    "incomeBeforeTax": 1470000000,
    "incomeBeforeTaxRatio": 0.2191413238,
    "incomeTaxExpense": 418000000,
    "netIncome": 1052000000,
    "netIncomeRatio": 0.1568276685,
    "eps": 2.98,
    "epsdiluted": 2.95,
    "weightedAverageShsOut": 350900000,
    "weightedAverageShsOutDil": 354600000,
    "link": "https://www.sec.gov/Archives/edgar/data/86312/000110465914029036/0001104659-14-029036-index.htm",
    "finalLink": "https://www.sec.gov/Archives/edgar/data/86312/000110465914029036/a14-9765_110q.htm"
  },
  {
    "date": "2013-12-31",
    "symbol": "TRV",
    "reportedCurrency": "USD",
    "cik": "0000086312",
    "fillingDate": "2014-02-13",
    "acceptedDate": "2014-02-13 07:11:29",
    "calendarYear": "2013",
    "period": "Q4",
    "revenue": 6737000000,
    "costOfRevenue": 4297000000,
    "grossProfit": 2440000000,
    "grossProfitRatio": 0.3621790114,
    "researchAndDevelopmentExpenses": 0,
    "generalAndAdministrativeExpenses": 977000000,
    "sellingAndMarketingExpenses": 0,
    "sellingGeneralAndAdministrativeExpenses": 977000000,
    "otherExpenses": 0,
    "operatingExpenses": 977000000,
    "costAndExpenses": 5274000000,
    "interestIncome": 0,
    "interestExpense": 92000000,
    "depreciationAndAmortization": 225000000,
    "ebitda": 1688000000,
    "ebitdaratio": 0.2505566276,
    "operatingIncome": 1463000000,
    "operatingIncomeRatio": 0.2171589728,
    "totalOtherIncomeExpensesNet": -92000000,
    "incomeBeforeTax": 1371000000,
    "incomeBeforeTaxRatio": 0.2035030429,
    "incomeTaxExpense": 383000000,
    "netIncome": 988000000,
    "netIncomeRatio": 0.1466528128,
    "eps": 2.73,
    "epsdiluted": 2.7,
    "weightedAverageShsOut": 359100000,
    "weightedAverageShsOutDil": 363400000,
    "link": "https://www.sec.gov/Archives/edgar/data/86312/000104746914000854/0001047469-14-000854-index.htm",
    "finalLink": "https://www.sec.gov/Archives/edgar/data/86312/000104746914000854/a2218113z10-k.htm"
  },
  {
    "date": "2013-09-30",
    "symbol": "TRV",
    "reportedCurrency": "USD",
    "cik": "0000086312",
    "fillingDate": "2013-10-22",
    "acceptedDate": "2013-10-22 07:05:51",
    "calendarYear": "2013",
    "period": "Q3",
    "revenue": 6452000000,
    "costOfRevenue": 4250000000,
    "grossProfit": 2202000000,
    "grossProfitRatio": 0.3412895226,
    "researchAndDevelopmentExpenses": 0,
    "generalAndAdministrativeExpenses": 934000000,
    "sellingAndMarketingExpenses": 0,
    "sellingGeneralAndAdministrativeExpenses": 934000000,
    "otherExpenses": 0,
    "operatingExpenses": 934000000,
    "costAndExpenses": 5184000000,
    "interestIncome": 0,
    "interestExpense": 91000000,
    "depreciationAndAmortization": 207000000,
    "ebitda": 1475000000,
    "ebitdaratio": 0.2286112833,
    "operatingIncome": 1268000000,
    "operatingIncomeRatio": 0.1965282083,
    "totalOtherIncomeExpensesNet": -91000000,
    "incomeBeforeTax": 1177000000,
    "incomeBeforeTaxRatio": 0.1824240546,
    "incomeTaxExpense": 313000000,
    "netIncome": 864000000,
    "netIncomeRatio": 0.1339119653,
    "eps": 2.33,
    "epsdiluted": 2.3,
    "weightedAverageShsOut": 368900000,
    "weightedAverageShsOutDil": 372900000,
    "link": "https://www.sec.gov/Archives/edgar/data/86312/000110465913076858/0001104659-13-076858-index.htm",
    "finalLink": "https://www.sec.gov/Archives/edgar/data/86312/000110465913076858/a13-19823_110q.htm"
  },
  {
    "date": "2013-06-30",
    "symbol": "TRV",
    "reportedCurrency": "USD",
    "cik": "0000086312",
    "fillingDate": "2013-07-23",
    "acceptedDate": "2013-07-23 07:07:47",
    "calendarYear": "2013",
    "period": "Q2",
    "revenue": 6674000000,
    "costOfRevenue": 4480000000,
    "grossProfit": 2194000000,
    "grossProfitRatio": 0.3287383878,
    "researchAndDevelopmentExpenses": 0,
    "generalAndAdministrativeExpenses": 931000000,
    "sellingAndMarketingExpenses": 0,
    "sellingGeneralAndAdministrativeExpenses": 931000000,
    "otherExpenses": 0,
    "operatingExpenses": 931000000,
    "costAndExpenses": 5411000000,
    "interestIncome": 0,
    "interestExpense": 86000000,
    "depreciationAndAmortization": 216000000,
    "ebitda": 1479000000,
    "ebitdaratio": 0.2216062331,
    "operatingIncome": 1263000000,
    "operatingIncomeRatio": 0.189241834,
    "totalOtherIncomeExpensesNet": -86000000,
    "incomeBeforeTax": 1177000000,
    "incomeBeforeTaxRatio": 0.1763560084,
    "incomeTaxExpense": 252000000,
    "netIncome": 925000000,
    "netIncomeRatio": 0.1385975427,
    "eps": 2.44,
    "epsdiluted": 2.41,
    "weightedAverageShsOut": 375900000,
    "weightedAverageShsOutDil": 379900000,
    "link": "https://www.sec.gov/Archives/edgar/data/86312/000110465913055745/0001104659-13-055745-index.htm",
    "finalLink": "https://www.sec.gov/Archives/edgar/data/86312/000110465913055745/a13-14006_110q.htm"
  },
  {
    "date": "2013-03-31",
    "symbol": "TRV",
    "reportedCurrency": "USD",
    "cik": "0000086312",
    "fillingDate": "2013-04-23",
    "acceptedDate": "2013-04-23 07:08:20",
    "calendarYear": "2013",
    "period": "Q1",
    "revenue": 6328000000,
    "costOfRevenue": 4101000000,
    "grossProfit": 2227000000,
    "grossProfitRatio": 0.3519279393,
    "researchAndDevelopmentExpenses": 0,
    "generalAndAdministrativeExpenses": 915000000,
    "sellingAndMarketingExpenses": 0,
    "sellingGeneralAndAdministrativeExpenses": 915000000,
    "otherExpenses": 0,
    "operatingExpenses": 915000000,
    "costAndExpenses": 5016000000,
    "interestIncome": 0,
    "interestExpense": 92000000,
    "depreciationAndAmortization": 219000000,
    "ebitda": 1531000000,
    "ebitdaratio": 0.2419405815,
    "operatingIncome": 1312000000,
    "operatingIncomeRatio": 0.2073324905,
    "totalOtherIncomeExpensesNet": -92000000,
    "incomeBeforeTax": 1220000000,
    "incomeBeforeTaxRatio": 0.1927939317,
    "incomeTaxExpense": 324000000,
    "netIncome": 896000000,
    "netIncomeRatio": 0.1415929204,
    "eps": 2.36,
    "epsdiluted": 2.33,
    "weightedAverageShsOut": 377700000,
    "weightedAverageShsOutDil": 381900000,
    "link": "https://www.sec.gov/Archives/edgar/data/86312/000110465913031454/0001104659-13-031454-index.htm",
    "finalLink": "https://www.sec.gov/Archives/edgar/data/86312/000110465913031454/a13-10272_110q.htm"
  },
  {
    "date": "2012-12-31",
    "symbol": "TRV",
    "reportedCurrency": "USD",
    "cik": "0000086312",
    "fillingDate": "2013-03-01",
    "acceptedDate": "2013-03-01 07:10:59",
    "calendarYear": "2012",
    "period": "Q4",
    "revenue": 6477000000,
    "costOfRevenue": 5144000000,
    "grossProfit": 1333000000,
    "grossProfitRatio": 0.2058051567,
    "researchAndDevelopmentExpenses": 0,
    "generalAndAdministrativeExpenses": 0,
    "sellingAndMarketingExpenses": 0,
    "sellingGeneralAndAdministrativeExpenses": 929000000,
    "otherExpenses": 0,
    "operatingExpenses": 929000000,
    "costAndExpenses": 6073000000,
    "interestIncome": 0,
    "interestExpense": 93000000,
    "depreciationAndAmortization": 209000000,
    "ebitda": 613000000,
    "ebitdaratio": 0.0946425814,
    "operatingIncome": 404000000,
    "operatingIncomeRatio": 0.0623745561,
    "totalOtherIncomeExpensesNet": -93000000,
    "incomeBeforeTax": 311000000,
    "incomeBeforeTaxRatio": 0.0480160568,
    "incomeTaxExpense": 7000000,
    "netIncome": 304000000,
    "netIncomeRatio": 0.0469353096,
    "eps": 0.79,
    "epsdiluted": 0.78,
    "weightedAverageShsOut": 381000000,
    "weightedAverageShsOutDil": 385300000,
    "link": "https://www.sec.gov/Archives/edgar/data/86312/000104746913001997/0001047469-13-001997-index.htm",
    "finalLink": "https://www.sec.gov/Archives/edgar/data/86312/000104746913001997/a2213309z10-ka.htm"
  },
  {
    "date": "2012-09-30",
    "symbol": "TRV",
    "reportedCurrency": "USD",
    "cik": "0000086312",
    "fillingDate": "2012-10-18",
    "acceptedDate": "2012-10-18 07:08:37",
    "calendarYear": "2012",
    "period": "Q3",
    "revenue": 6512000000,
    "costOfRevenue": 4345000000,
    "grossProfit": 2167000000,
    "grossProfitRatio": 0.3327702703,
    "researchAndDevelopmentExpenses": 0,
    "generalAndAdministrativeExpenses": 904000000,
    "sellingAndMarketingExpenses": 0,
    "sellingGeneralAndAdministrativeExpenses": 904000000,
    "otherExpenses": 0,
    "operatingExpenses": 904000000,
    "costAndExpenses": 5249000000,
    "interestIncome": 0,
    "interestExpense": 93000000,
    "depreciationAndAmortization": 206000000,
    "ebitda": 1469000000,
    "ebitdaratio": 0.2255835381,
    "operatingIncome": 1263000000,
    "operatingIncomeRatio": 0.1939496314,
    "totalOtherIncomeExpensesNet": -93000000,
    "incomeBeforeTax": 1170000000,
    "incomeBeforeTaxRatio": 0.1796683047,
    "incomeTaxExpense": 306000000,
    "netIncome": 864000000,
    "netIncomeRatio": 0.1326781327,
    "eps": 2.23,
    "epsdiluted": 2.21,
    "weightedAverageShsOut": 384000000,
    "weightedAverageShsOutDil": 387900000,
    "link": "https://www.sec.gov/Archives/edgar/data/86312/000110465912069751/0001104659-12-069751-index.htm",
    "finalLink": "https://www.sec.gov/Archives/edgar/data/86312/000110465912069751/a12-20034_110q.htm"
  },
  {
    "date": "2012-06-30",
    "symbol": "TRV",
    "reportedCurrency": "USD",
    "cik": "0000086312",
    "fillingDate": "2012-07-19",
    "acceptedDate": "2012-07-19 07:10:15",
    "calendarYear": "2012",
    "period": "Q2",
    "revenue": 6359000000,
    "costOfRevenue": 4762000000,
    "grossProfit": 1597000000,
    "grossProfitRatio": 0.2511401164,
    "researchAndDevelopmentExpenses": 0,
    "generalAndAdministrativeExpenses": 893000000,
    "sellingAndMarketingExpenses": 0,
    "sellingGeneralAndAdministrativeExpenses": 893000000,
    "otherExpenses": 0,
    "operatingExpenses": 893000000,
    "costAndExpenses": 5655000000,
    "interestIncome": 0,
    "interestExpense": 96000000,
    "depreciationAndAmortization": 196000000,
    "ebitda": 900000000,
    "ebitdaratio": 0.1415316874,
    "operatingIncome": 704000000,
    "operatingIncomeRatio": 0.110709231,
    "totalOtherIncomeExpensesNet": -96000000,
    "incomeBeforeTax": 608000000,
    "incomeBeforeTaxRatio": 0.0956125177,
    "incomeTaxExpense": 109000000,
    "netIncome": 499000000,
    "netIncomeRatio": 0.0784714578,
    "eps": 1.27,
    "epsdiluted": 1.26,
    "weightedAverageShsOut": 388000000,
    "weightedAverageShsOutDil": 391600000,
    "link": "https://www.sec.gov/Archives/edgar/data/86312/000110465912049705/0001104659-12-049705-index.htm",
    "finalLink": "https://www.sec.gov/Archives/edgar/data/86312/000110465912049705/a12-13900_110q.htm"
  },
  {
    "date": "2012-03-31",
    "symbol": "TRV",
    "reportedCurrency": "USD",
    "cik": "0000086312",
    "fillingDate": "2012-04-19",
    "acceptedDate": "2012-04-19 07:21:35",
    "calendarYear": "2012",
    "period": "Q1",
    "revenue": 6392000000,
    "costOfRevenue": 4335000000,
    "grossProfit": 2057000000,
    "grossProfitRatio": 0.3218085106,
    "researchAndDevelopmentExpenses": 0,
    "generalAndAdministrativeExpenses": 884000000,
    "sellingAndMarketingExpenses": 0,
    "sellingGeneralAndAdministrativeExpenses": 884000000,
    "otherExpenses": 0,
    "operatingExpenses": 884000000,
    "costAndExpenses": 5219000000,
    "interestIncome": 0,
    "interestExpense": 96000000,
    "depreciationAndAmortization": 216000000,
    "ebitda": 1389000000,
    "ebitdaratio": 0.2173028786,
    "operatingIncome": 1173000000,
    "operatingIncomeRatio": 0.1835106383,
    "totalOtherIncomeExpensesNet": -96000000,
    "incomeBeforeTax": 1077000000,
    "incomeBeforeTaxRatio": 0.1684918648,
    "incomeTaxExpense": 271000000,
    "netIncome": 806000000,
    "netIncomeRatio": 0.1260951189,
    "eps": 2.04,
    "epsdiluted": 2.02,
    "weightedAverageShsOut": 392000000,
    "weightedAverageShsOutDil": 395800000,
    "link": "https://www.sec.gov/Archives/edgar/data/86312/000110465912026316/0001104659-12-026316-index.htm",
    "finalLink": "https://www.sec.gov/Archives/edgar/data/86312/000110465912026316/a12-8742_110q.htm"
  },
  {
    "date": "2011-12-31",
    "symbol": "TRV",
    "reportedCurrency": "USD",
    "cik": "0000086312",
    "fillingDate": "2012-02-16",
    "acceptedDate": "2012-02-16 06:20:24",
    "calendarYear": "2011",
    "period": "Q4",
    "revenue": 6373000000,
    "costOfRevenue": 4593000000,
    "grossProfit": 1780000000,
    "grossProfitRatio": 0.2793033108,
    "researchAndDevelopmentExpenses": 0,
    "generalAndAdministrativeExpenses": 0,
    "sellingAndMarketingExpenses": 0,
    "sellingGeneralAndAdministrativeExpenses": 906000000,
    "otherExpenses": 0,
    "operatingExpenses": 906000000,
    "costAndExpenses": 5499000000,
    "interestIncome": 0,
    "interestExpense": 96000000,
    "depreciationAndAmortization": 203000000,
    "ebitda": 1077000000,
    "ebitdaratio": 0.1689941943,
    "operatingIncome": 874000000,
    "operatingIncomeRatio": 0.1371410639,
    "totalOtherIncomeExpensesNet": -96000000,
    "incomeBeforeTax": 778000000,
    "incomeBeforeTaxRatio": 0.1220775145,
    "incomeTaxExpense": 160000000,
    "netIncome": 618000000,
    "netIncomeRatio": 0.0969715989,
    "eps": 1.53,
    "epsdiluted": 1.52,
    "weightedAverageShsOut": 392000000,
    "weightedAverageShsOutDil": 395800000,
    "link": "https://www.sec.gov/Archives/edgar/data/86312/000104746912001096/0001047469-12-001096-index.htm",
    "finalLink": "https://www.sec.gov/Archives/edgar/data/86312/000104746912001096/a2207136z10-k.htm"
  },
  {
    "date": "2011-09-30",
    "symbol": "TRV",
    "reportedCurrency": "USD",
    "cik": "0000086312",
    "fillingDate": "2011-10-19",
    "acceptedDate": "2011-10-19 07:12:29",
    "calendarYear": "2011",
    "period": "Q3",
    "revenue": 6407000000,
    "costOfRevenue": 5118000000,
    "grossProfit": 1289000000,
    "grossProfitRatio": 0.2011862026,
    "researchAndDevelopmentExpenses": 0,
    "generalAndAdministrativeExpenses": 0,
    "sellingAndMarketingExpenses": 0,
    "sellingGeneralAndAdministrativeExpenses": 860000000,
    "otherExpenses": 0,
    "operatingExpenses": 860000000,
    "costAndExpenses": 5978000000,
    "interestIncome": 0,
    "interestExpense": 97000000,
    "depreciationAndAmortization": 194000000,
    "ebitda": 623000000,
    "ebitdaratio": 0.0972373966,
    "operatingIncome": 429000000,
    "operatingIncomeRatio": 0.0669580147,
    "totalOtherIncomeExpensesNet": -97000000,
    "incomeBeforeTax": 332000000,
    "incomeBeforeTaxRatio": 0.0518183237,
    "incomeTaxExpense": -1000000,
    "netIncome": 333000000,
    "netIncomeRatio": 0.051974403,
    "eps": 0.8,
    "epsdiluted": 0.79,
    "weightedAverageShsOut": 415000000,
    "weightedAverageShsOutDil": 418500000,
    "link": "https://www.sec.gov/Archives/edgar/data/86312/000110465911056652/0001104659-11-056652-index.htm",
    "finalLink": "https://www.sec.gov/Archives/edgar/data/86312/000110465911056652/a11-25821_110q.htm"
  },
  {
    "date": "2011-06-30",
    "symbol": "TRV",
    "reportedCurrency": "USD",
    "cik": "0000086312",
    "fillingDate": "2011-07-21",
    "acceptedDate": "2011-07-21 06:50:53",
    "calendarYear": "2011",
    "period": "Q2",
    "revenue": 6388000000,
    "costOfRevenue": 6111000000,
    "grossProfit": 277000000,
    "grossProfitRatio": 0.0433625548,
    "researchAndDevelopmentExpenses": 0,
    "generalAndAdministrativeExpenses": 0,
    "sellingAndMarketingExpenses": 0,
    "sellingGeneralAndAdministrativeExpenses": 907000000,
    "otherExpenses": 0,
    "operatingExpenses": 907000000,
    "costAndExpenses": 7018000000,
    "interestIncome": 0,
    "interestExpense": 97000000,
    "depreciationAndAmortization": 197000000,
    "ebitda": -433000000,
    "ebitdaratio": -0.0677833438,
    "operatingIncome": -630000000,
    "operatingIncomeRatio": -0.098622417,
    "totalOtherIncomeExpensesNet": -97000000,
    "incomeBeforeTax": -727000000,
    "incomeBeforeTaxRatio": -0.1138071384,
    "incomeTaxExpense": -363000000,
    "netIncome": -364000000,
    "netIncomeRatio": -0.056981841,
    "eps": -0.87,
    "epsdiluted": -0.87,
    "weightedAverageShsOut": 418600000,
    "weightedAverageShsOutDil": 418600000,
    "link": "https://www.sec.gov/Archives/edgar/data/86312/000110465911040031/0001104659-11-040031-index.htm",
    "finalLink": "https://www.sec.gov/Archives/edgar/data/86312/000110465911040031/a11-14064_110q.htm"
  },
  {
    "date": "2011-03-31",
    "symbol": "TRV",
    "reportedCurrency": "USD",
    "cik": "0000086312",
    "fillingDate": "2011-04-21",
    "acceptedDate": "2011-04-21 06:45:28",
    "calendarYear": "2011",
    "period": "Q1",
    "revenue": 6278000000,
    "costOfRevenue": 4330000000,
    "grossProfit": 1948000000,
    "grossProfitRatio": 0.3102899012,
    "researchAndDevelopmentExpenses": 0,
    "generalAndAdministrativeExpenses": 0,
    "sellingAndMarketingExpenses": 0,
    "sellingGeneralAndAdministrativeExpenses": 883000000,
    "otherExpenses": 0,
    "operatingExpenses": 883000000,
    "costAndExpenses": 5213000000,
    "interestIncome": 0,
    "interestExpense": 96000000,
    "depreciationAndAmortization": 208000000,
    "ebitda": 1273000000,
    "ebitdaratio": 0.2027715833,
    "operatingIncome": 1065000000,
    "operatingIncomeRatio": 0.1696400127,
    "totalOtherIncomeExpensesNet": -96000000,
    "incomeBeforeTax": 969000000,
    "incomeBeforeTaxRatio": 0.1543485186,
    "incomeTaxExpense": 130000000,
    "netIncome": 839000000,
    "netIncomeRatio": 0.133641287,
    "eps": 1.94,
    "epsdiluted": 1.92,
    "weightedAverageShsOut": 428200000,
    "weightedAverageShsOutDil": 434400000,
    "link": "https://www.sec.gov/Archives/edgar/data/86312/000110465911021496/0001104659-11-021496-index.htm",
    "finalLink": "https://www.sec.gov/Archives/edgar/data/86312/000110465911021496/a11-9475_110q.htm"
  },
  {
    "date": "2010-12-31",
    "symbol": "TRV",
    "reportedCurrency": "USD",
    "cik": "0000086312",
    "fillingDate": "2011-02-17",
    "acceptedDate": "2011-02-17 06:47:39",
    "calendarYear": "2010",
    "period": "Q4",
    "revenue": 6332000000,
    "costOfRevenue": 4147000000,
    "grossProfit": 2185000000,
    "grossProfitRatio": 0.3450726469,
    "researchAndDevelopmentExpenses": 0,
    "generalAndAdministrativeExpenses": 0,
    "sellingAndMarketingExpenses": 0,
    "sellingGeneralAndAdministrativeExpenses": 890000000,
    "otherExpenses": 0,
    "operatingExpenses": 890000000,
    "costAndExpenses": 5037000000,
    "interestIncome": 0,
    "interestExpense": 98000000,
    "depreciationAndAmortization": 204000000,
    "ebitda": 1499000000,
    "ebitdaratio": 0.2367340493,
    "operatingIncome": 1295000000,
    "operatingIncomeRatio": 0.2045167404,
    "totalOtherIncomeExpensesNet": -98000000,
    "incomeBeforeTax": 1197000000,
    "incomeBeforeTaxRatio": 0.1890397979,
    "incomeTaxExpense": 303000000,
    "netIncome": 894000000,
    "netIncomeRatio": 0.1411876184,
    "eps": 2.09,
    "epsdiluted": 2.06,
    "weightedAverageShsOut": 428200000,
    "weightedAverageShsOutDil": 434400000,
    "link": "https://www.sec.gov/Archives/edgar/data/86312/000104746911001001/0001047469-11-001001-index.htm",
    "finalLink": "https://www.sec.gov/Archives/edgar/data/86312/000104746911001001/a2201945z10-k.htm"
  },
  {
    "date": "2010-09-30",
    "symbol": "TRV",
    "reportedCurrency": "USD",
    "cik": "0000086312",
    "fillingDate": "2010-10-21",
    "acceptedDate": "2010-10-21 06:33:02",
    "calendarYear": "2010",
    "period": "Q3",
    "revenue": 6482000000,
    "costOfRevenue": 4179000000,
    "grossProfit": 2303000000,
    "grossProfitRatio": 0.3552915767,
    "researchAndDevelopmentExpenses": 0,
    "generalAndAdministrativeExpenses": 0,
    "sellingAndMarketingExpenses": 0,
    "sellingGeneralAndAdministrativeExpenses": 837000000,
    "otherExpenses": 0,
    "operatingExpenses": 837000000,
    "costAndExpenses": 5016000000,
    "interestIncome": 0,
    "interestExpense": 95000000,
    "depreciationAndAmortization": 197000000,
    "ebitda": 1663000000,
    "ebitdaratio": 0.2565566183,
    "operatingIncome": 1466000000,
    "operatingIncomeRatio": 0.226164764,
    "totalOtherIncomeExpensesNet": -95000000,
    "incomeBeforeTax": 1371000000,
    "incomeBeforeTaxRatio": 0.2115087936,
    "incomeTaxExpense": 366000000,
    "netIncome": 1005000000,
    "netIncomeRatio": 0.1550447393,
    "eps": 2.14,
    "epsdiluted": 2.11,
    "weightedAverageShsOut": 465900000,
    "weightedAverageShsOutDil": 472000000,
    "link": "https://www.sec.gov/Archives/edgar/data/86312/000110465910053028/0001104659-10-053028-index.htm",
    "finalLink": "https://www.sec.gov/Archives/edgar/data/86312/000110465910053028/a10-17561_110q.htm"
  },
  {
    "date": "2010-06-30",
    "symbol": "TRV",
    "reportedCurrency": "USD",
    "cik": "0000086312",
    "fillingDate": "2010-07-22",
    "acceptedDate": "2010-07-22 06:55:56",
    "calendarYear": "2010",
    "period": "Q2",
    "revenue": 6179000000,
    "costOfRevenue": 4369000000,
    "grossProfit": 1810000000,
    "grossProfitRatio": 0.2929276582,
    "researchAndDevelopmentExpenses": 0,
    "generalAndAdministrativeExpenses": 0,
    "sellingAndMarketingExpenses": 0,
    "sellingGeneralAndAdministrativeExpenses": 832000000,
    "otherExpenses": 0,
    "operatingExpenses": 832000000,
    "costAndExpenses": 5201000000,
    "interestIncome": 0,
    "interestExpense": 97000000,
    "depreciationAndAmortization": 195000000,
    "ebitda": 1173000000,
    "ebitdaratio": 0.1898365431,
    "operatingIncome": 978000000,
    "operatingIncomeRatio": 0.1582780385,
    "totalOtherIncomeExpensesNet": -97000000,
    "incomeBeforeTax": 881000000,
    "incomeBeforeTaxRatio": 0.1425797055,
    "incomeTaxExpense": 211000000,
    "netIncome": 670000000,
    "netIncomeRatio": 0.1084317851,
    "eps": 1.37,
    "epsdiluted": 1.35,
    "weightedAverageShsOut": 484500000,
    "weightedAverageShsOutDil": 490800000,
    "link": "https://www.sec.gov/Archives/edgar/data/86312/000110465910038985/0001104659-10-038985-index.htm",
    "finalLink": "https://www.sec.gov/Archives/edgar/data/86312/000110465910038985/a10-12921_110q.htm"
  },
  {
    "date": "2010-03-31",
    "symbol": "TRV",
    "reportedCurrency": "USD",
    "cik": "0000086312",
    "fillingDate": "2010-04-23",
    "acceptedDate": "2010-04-23 15:21:46",
    "calendarYear": "2010",
    "period": "Q1",
    "revenue": 6119000000,
    "costOfRevenue": 4317000000,
    "grossProfit": 1802000000,
    "grossProfitRatio": 0.2944925641,
    "researchAndDevelopmentExpenses": 0,
    "generalAndAdministrativeExpenses": 0,
    "sellingAndMarketingExpenses": 0,
    "sellingGeneralAndAdministrativeExpenses": 847000000,
    "otherExpenses": 0,
    "operatingExpenses": 847000000,
    "costAndExpenses": 5164000000,
    "interestIncome": 0,
    "interestExpense": 98000000,
    "depreciationAndAmortization": 216000000,
    "ebitda": 1171000000,
    "ebitdaratio": 0.1913711391,
    "operatingIncome": 955000000,
    "operatingIncomeRatio": 0.1560712535,
    "totalOtherIncomeExpensesNet": -98000000,
    "incomeBeforeTax": 857000000,
    "incomeBeforeTaxRatio": 0.1400555646,
    "incomeTaxExpense": 210000000,
    "netIncome": 647000000,
    "netIncomeRatio": 0.1057362314,
    "eps": 1.26,
    "epsdiluted": 1.25,
    "weightedAverageShsOut": 508400000,
    "weightedAverageShsOutDil": 515100000,
    "link": "https://www.sec.gov/Archives/edgar/data/86312/000110465910021504/0001104659-10-021504-index.htm",
    "finalLink": "https://www.sec.gov/Archives/edgar/data/86312/000110465910021504/a10-6124_110q.htm"
  },
  {
    "date": "2009-12-31",
    "symbol": "TRV",
    "reportedCurrency": "USD",
    "cik": "0000086312",
    "fillingDate": "2010-02-18",
    "acceptedDate": "2010-02-18 06:26:00",
    "calendarYear": "2009",
    "period": "Q4",
    "revenue": 6456000000,
    "costOfRevenue": 3709000000,
    "grossProfit": 2747000000,
    "grossProfitRatio": 0.4254956629,
    "researchAndDevelopmentExpenses": 0,
    "generalAndAdministrativeExpenses": 0,
    "sellingAndMarketingExpenses": 0,
    "sellingGeneralAndAdministrativeExpenses": 856000000,
    "otherExpenses": 0,
    "operatingExpenses": 856000000,
    "costAndExpenses": 4565000000,
    "interestIncome": 0,
    "interestExpense": 98000000,
    "depreciationAndAmortization": 195000000,
    "ebitda": 2086000000,
    "ebitdaratio": 0.323110285,
    "operatingIncome": 1891000000,
    "operatingIncomeRatio": 0.292905824,
    "totalOtherIncomeExpensesNet": -98000000,
    "incomeBeforeTax": 1793000000,
    "incomeBeforeTaxRatio": 0.2777261462,
    "incomeTaxExpense": 508000000,
    "netIncome": 1285000000,
    "netIncomeRatio": 0.199039653,
    "eps": 2.53,
    "epsdiluted": 2.49,
    "weightedAverageShsOut": 508400000,
    "weightedAverageShsOutDil": 515100000,
    "link": "https://www.sec.gov/Archives/edgar/data/86312/000104746910000972/0001047469-10-000972-index.htm",
    "finalLink": "https://www.sec.gov/Archives/edgar/data/86312/000104746910000972/a2196528z10-k.htm"
  },
  {
    "date": "2009-09-30",
    "symbol": "TRV",
    "reportedCurrency": "USD",
    "cik": "0000086312",
    "fillingDate": "2009-10-22",
    "acceptedDate": "2009-10-22 06:54:53",
    "calendarYear": "2009",
    "period": "Q3",
    "revenue": 6327000000,
    "costOfRevenue": 4090000000,
    "grossProfit": 2237000000,
    "grossProfitRatio": 0.3535640904,
    "researchAndDevelopmentExpenses": 0,
    "generalAndAdministrativeExpenses": 0,
    "sellingAndMarketingExpenses": 0,
    "sellingGeneralAndAdministrativeExpenses": 889000000,
    "otherExpenses": 0,
    "operatingExpenses": 889000000,
    "costAndExpenses": 4979000000,
    "interestIncome": 0,
    "interestExpense": 98000000,
    "depreciationAndAmortization": 187000000,
    "ebitda": 1535000000,
    "ebitdaratio": 0.2426110321,
    "operatingIncome": 1348000000,
    "operatingIncomeRatio": 0.2130551604,
    "totalOtherIncomeExpensesNet": -98000000,
    "incomeBeforeTax": 1250000000,
    "incomeBeforeTaxRatio": 0.197565987,
    "incomeTaxExpense": 315000000,
    "netIncome": 935000000,
    "netIncomeRatio": 0.1477793583,
    "eps": 1.66,
    "epsdiluted": 1.65,
    "weightedAverageShsOut": 558400000,
    "weightedAverageShsOutDil": 564100000,
    "link": "https://www.sec.gov/Archives/edgar/data/86312/000110465909059858/0001104659-09-059858-index.htm",
    "finalLink": "https://www.sec.gov/Archives/edgar/data/86312/000110465909059858/a09-31199_110q.htm"
  },
  {
    "date": "2009-06-30",
    "symbol": "TRV",
    "reportedCurrency": "USD",
    "cik": "0000086312",
    "fillingDate": "2009-08-05",
    "acceptedDate": "2009-08-05 15:30:54",
    "calendarYear": "2009",
    "period": "Q2",
    "revenue": 6162000000,
    "costOfRevenue": 4288000000,
    "grossProfit": 1874000000,
    "grossProfitRatio": 0.3041220383,
    "researchAndDevelopmentExpenses": 0,
    "generalAndAdministrativeExpenses": 0,
    "sellingAndMarketingExpenses": 0,
    "sellingGeneralAndAdministrativeExpenses": 839000000,
    "otherExpenses": 0,
    "operatingExpenses": 839000000,
    "costAndExpenses": 5127000000,
    "interestIncome": 0,
    "interestExpense": 94000000,
    "depreciationAndAmortization": 209000000,
    "ebitda": 1244000000,
    "ebitdaratio": 0.2018825057,
    "operatingIncome": 1035000000,
    "operatingIncomeRatio": 0.1679649464,
    "totalOtherIncomeExpensesNet": -94000000,
    "incomeBeforeTax": 941000000,
    "incomeBeforeTaxRatio": 0.152710159,
    "incomeTaxExpense": 201000000,
    "netIncome": 740000000,
    "netIncomeRatio": 0.1200908796,
    "eps": 1.27,
    "epsdiluted": 1.27,
    "weightedAverageShsOut": 575800000,
    "weightedAverageShsOutDil": 579800000,
    "link": "https://www.sec.gov/Archives/edgar/data/86312/000110465909047320/0001104659-09-047320-index.htm",
    "finalLink": "https://www.sec.gov/Archives/edgar/data/86312/000110465909047320/a09-21095_110qa.htm"
  },
  {
    "date": "2009-03-31",
    "symbol": "TRV",
    "reportedCurrency": "USD",
    "cik": "0000086312",
    "fillingDate": "2009-04-30",
    "acceptedDate": "2009-04-30 07:04:36",
    "calendarYear": "2009",
    "period": "Q1",
    "revenue": 5735000000,
    "costOfRevenue": 4134000000,
    "grossProfit": 1601000000,
    "grossProfitRatio": 0.279163034,
    "researchAndDevelopmentExpenses": 0,
    "generalAndAdministrativeExpenses": 0,
    "sellingAndMarketingExpenses": 0,
    "sellingGeneralAndAdministrativeExpenses": 782000000,
    "otherExpenses": 0,
    "operatingExpenses": 782000000,
    "costAndExpenses": 4916000000,
    "interestIncome": 0,
    "interestExpense": 92000000,
    "depreciationAndAmortization": 206000000,
    "ebitda": 1025000000,
    "ebitdaratio": 0.1787271142,
    "operatingIncome": 819000000,
    "operatingIncomeRatio": 0.1428073235,
    "totalOtherIncomeExpensesNet": -92000000,
    "incomeBeforeTax": 727000000,
    "incomeBeforeTaxRatio": 0.1267654752,
    "incomeTaxExpense": 65000000,
    "netIncome": 662000000,
    "netIncomeRatio": 0.1154315606,
    "eps": 1.12,
    "epsdiluted": 1.11,
    "weightedAverageShsOut": 584600000,
    "weightedAverageShsOutDil": 590400000,
    "link": "https://www.sec.gov/Archives/edgar/data/86312/000110465909027256/0001104659-09-027256-index.htm",
    "finalLink": "https://www.sec.gov/Archives/edgar/data/86312/000110465909027256/a09-11643_210q.htm"
  },
  {
    "date": "2008-12-31",
    "symbol": "TRV",
    "reportedCurrency": "USD",
    "cik": "0000086312",
    "fillingDate": "2009-02-19",
    "acceptedDate": "2009-02-19 15:09:19",
    "calendarYear": "2008",
    "period": "Q4",
    "revenue": 5805000000,
    "costOfRevenue": 0,
    "grossProfit": 5805000000,
    "grossProfitRatio": 1,
    "researchAndDevelopmentExpenses": 0,
    "generalAndAdministrativeExpenses": 0,
    "sellingAndMarketingExpenses": 0,
    "sellingGeneralAndAdministrativeExpenses": 800000000,
    "otherExpenses": 3984000000,
    "operatingExpenses": 4784000000,
    "costAndExpenses": 4784000000,
    "interestIncome": 0,
    "interestExpense": 94000000,
    "depreciationAndAmortization": 194000000,
    "ebitda": 1215000000,
    "ebitdaratio": 0.2093023256,
    "operatingIncome": 1021000000,
    "operatingIncomeRatio": 0.1758828596,
    "totalOtherIncomeExpensesNet": -94000000,
    "incomeBeforeTax": 927000000,
    "incomeBeforeTaxRatio": 0.1596899225,
    "incomeTaxExpense": 126000000,
    "netIncome": 801000000,
    "netIncomeRatio": 0.1379844961,
    "eps": 1.37,
    "epsdiluted": 1.36,
    "weightedAverageShsOut": 584600000,
    "weightedAverageShsOutDil": 590400000,
    "link": "https://www.sec.gov/Archives/edgar/data/86312/000104746909001591/0001047469-09-001591-index.htm",
    "finalLink": "https://www.sec.gov/Archives/edgar/data/86312/000104746909001591/a2190694z10-k.htm"
  },
  {
    "date": "2008-09-30",
    "symbol": "TRV",
    "reportedCurrency": "USD",
    "cik": "0000086312",
    "fillingDate": "2008-10-22",
    "acceptedDate": "2008-10-22 07:16:20",
    "calendarYear": "2008",
    "period": "Q3",
    "revenue": 6145000000,
    "costOfRevenue": 4861000000,
    "grossProfit": 1284000000,
    "grossProfitRatio": 0.2089503662,
    "researchAndDevelopmentExpenses": 0,
    "generalAndAdministrativeExpenses": 1001000000,
    "sellingAndMarketingExpenses": 0,
    "sellingGeneralAndAdministrativeExpenses": 1001000000,
    "otherExpenses": 0,
    "operatingExpenses": 1001000000,
    "costAndExpenses": 5862000000,
    "interestIncome": 0,
    "interestExpense": 95000000,
    "depreciationAndAmortization": 213000000,
    "ebitda": 496000000,
    "ebitdaratio": 0.0807160293,
    "operatingIncome": 283000000,
    "operatingIncomeRatio": 0.0460537022,
    "totalOtherIncomeExpensesNet": -95000000,
    "incomeBeforeTax": 188000000,
    "incomeBeforeTaxRatio": 0.0305939788,
    "incomeTaxExpense": -26000000,
    "netIncome": 214000000,
    "netIncomeRatio": 0.034825061,
    "eps": 0.36,
    "epsdiluted": 0.36,
    "weightedAverageShsOut": 586700000,
    "weightedAverageShsOutDil": 594700000,
    "link": "https://www.sec.gov/Archives/edgar/data/86312/000110465908065112/0001104659-08-065112-index.htm",
    "finalLink": "https://www.sec.gov/Archives/edgar/data/86312/000110465908065112/a08-26393_110q.htm"
  },
  {
    "date": "2008-06-30",
    "symbol": "TRV",
    "reportedCurrency": "USD",
    "cik": "0000086312",
    "fillingDate": "2008-07-23",
    "acceptedDate": "2008-07-23 07:04:23",
    "calendarYear": "2008",
    "period": "Q2",
    "revenue": 6295000000,
    "costOfRevenue": 4053000000,
    "grossProfit": 2242000000,
    "grossProfitRatio": 0.3561556791,
    "researchAndDevelopmentExpenses": 0,
    "generalAndAdministrativeExpenses": 864000000,
    "sellingAndMarketingExpenses": 0,
    "sellingGeneralAndAdministrativeExpenses": 864000000,
    "otherExpenses": 0,
    "operatingExpenses": 864000000,
    "costAndExpenses": 4917000000,
    "interestIncome": 0,
    "interestExpense": 91000000,
    "depreciationAndAmortization": 201000000,
    "ebitda": 1579000000,
    "ebitdaratio": 0.2508339952,
    "operatingIncome": 1378000000,
    "operatingIncomeRatio": 0.218903892,
    "totalOtherIncomeExpensesNet": -91000000,
    "incomeBeforeTax": 1287000000,
    "incomeBeforeTaxRatio": 0.2044479746,
    "incomeTaxExpense": 345000000,
    "netIncome": 942000000,
    "netIncomeRatio": 0.1496425735,
    "eps": 1.56,
    "epsdiluted": 1.54,
    "weightedAverageShsOut": 598200000,
    "weightedAverageShsOutDil": 607900000,
    "link": "https://www.sec.gov/Archives/edgar/data/86312/000110465908047023/0001104659-08-047023-index.htm",
    "finalLink": "https://www.sec.gov/Archives/edgar/data/86312/000110465908047023/a08-19427_110q.htm"
  },
  {
    "date": "2008-03-31",
    "symbol": "TRV",
    "reportedCurrency": "USD",
    "cik": "0000086312",
    "fillingDate": "2008-04-24",
    "acceptedDate": "2008-04-24 07:45:19",
    "calendarYear": "2008",
    "period": "Q1",
    "revenue": 6232000000,
    "costOfRevenue": 3975000000,
    "grossProfit": 2257000000,
    "grossProfitRatio": 0.3621630295,
    "researchAndDevelopmentExpenses": 0,
    "generalAndAdministrativeExpenses": 0,
    "sellingAndMarketingExpenses": 0,
    "sellingGeneralAndAdministrativeExpenses": 853000000,
    "otherExpenses": 0,
    "operatingExpenses": 853000000,
    "costAndExpenses": 4828000000,
    "interestIncome": 0,
    "interestExpense": 90000000,
    "depreciationAndAmortization": 213000000,
    "ebitda": 1617000000,
    "ebitdaratio": 0.2594672657,
    "operatingIncome": 1404000000,
    "operatingIncomeRatio": 0.2252888318,
    "totalOtherIncomeExpensesNet": -90000000,
    "incomeBeforeTax": 1314000000,
    "incomeBeforeTaxRatio": 0.2108472401,
    "incomeTaxExpense": 347000000,
    "netIncome": 967000000,
    "netIncomeRatio": 0.1551668806,
    "eps": 1.56,
    "epsdiluted": 1.54,
    "weightedAverageShsOut": 615400000,
    "weightedAverageShsOutDil": 624800000,
    "link": "https://www.sec.gov/Archives/edgar/data/86312/000110465908026286/0001104659-08-026286-index.htm",
    "finalLink": "https://www.sec.gov/Archives/edgar/data/86312/000110465908026286/a08-12067_110q.htm"
  },
  {
    "date": "2007-12-31",
    "symbol": "TRV",
    "reportedCurrency": "USD",
    "cik": "0000086312",
    "fillingDate": "2008-02-21",
    "acceptedDate": "2008-02-21 17:26:26",
    "calendarYear": "2007",
    "period": "Q4",
    "revenue": 6491000000,
    "costOfRevenue": 4093000000,
    "grossProfit": 2398000000,
    "grossProfitRatio": 0.3694346018,
    "researchAndDevelopmentExpenses": 0,
    "generalAndAdministrativeExpenses": 0,
    "sellingAndMarketingExpenses": 0,
    "sellingGeneralAndAdministrativeExpenses": 866000000,
    "otherExpenses": 0,
    "operatingExpenses": 866000000,
    "costAndExpenses": 4959000000,
    "interestIncome": 0,
    "interestExpense": 91000000,
    "depreciationAndAmortization": 206000000,
    "ebitda": 1738000000,
    "ebitdaratio": 0.2677553536,
    "operatingIncome": 1532000000,
    "operatingIncomeRatio": 0.2360191034,
    "totalOtherIncomeExpensesNet": -91000000,
    "incomeBeforeTax": 1441000000,
    "incomeBeforeTaxRatio": 0.2219996919,
    "incomeTaxExpense": 378000000,
    "netIncome": 1063000000,
    "netIncomeRatio": 0.1637652134,
    "eps": 1.73,
    "epsdiluted": 1.69,
    "weightedAverageShsOut": 616200000,
    "weightedAverageShsOutDil": 628100000,
    "link": "https://www.sec.gov/Archives/edgar/data/86312/000104746908001551/0001047469-08-001551-index.htm",
    "finalLink": "https://www.sec.gov/Archives/edgar/data/86312/000104746908001551/a2182807z10-k.htm"
  },
  {
    "date": "2007-09-30",
    "symbol": "TRV",
    "reportedCurrency": "USD",
    "cik": "0000086312",
    "fillingDate": "2007-10-25",
    "acceptedDate": "2007-10-25 11:55:40",
    "calendarYear": "2007",
    "period": "Q3",
    "revenue": 6526000000,
    "costOfRevenue": 3941000000,
    "grossProfit": 2585000000,
    "grossProfitRatio": 0.3961078762,
    "researchAndDevelopmentExpenses": 0,
    "generalAndAdministrativeExpenses": 0,
    "sellingAndMarketingExpenses": 0,
    "sellingGeneralAndAdministrativeExpenses": 817000000,
    "otherExpenses": 0,
    "operatingExpenses": 817000000,
    "costAndExpenses": 4758000000,
    "interestIncome": 0,
    "interestExpense": 94000000,
    "depreciationAndAmortization": 197000000,
    "ebitda": 1965000000,
    "ebitdaratio": 0.3011032792,
    "operatingIncome": 1768000000,
    "operatingIncomeRatio": 0.2709163347,
    "totalOtherIncomeExpensesNet": -94000000,
    "incomeBeforeTax": 1674000000,
    "incomeBeforeTaxRatio": 0.2565124119,
    "incomeTaxExpense": 476000000,
    "netIncome": 1198000000,
    "netIncomeRatio": 0.1835733987,
    "eps": 1.85,
    "epsdiluted": 1.81,
    "weightedAverageShsOut": 648400000,
    "weightedAverageShsOutDil": 661900000,
    "link": "https://www.sec.gov/Archives/edgar/data/86312/000110465907076908/0001104659-07-076908-index.htm",
    "finalLink": "https://www.sec.gov/Archives/edgar/data/86312/000110465907076908/a07-25479_110q.htm"
  },
  {
    "date": "2007-06-30",
    "symbol": "TRV",
    "reportedCurrency": "USD",
    "cik": "0000086312",
    "fillingDate": "2007-07-26",
    "acceptedDate": "2007-07-26 15:35:59",
    "calendarYear": "2007",
    "period": "Q2",
    "revenue": 6573000000,
    "costOfRevenue": 4011000000,
    "grossProfit": 2562000000,
    "grossProfitRatio": 0.3897763578,
    "researchAndDevelopmentExpenses": 0,
    "generalAndAdministrativeExpenses": 0,
    "sellingAndMarketingExpenses": 0,
    "sellingGeneralAndAdministrativeExpenses": 836000000,
    "otherExpenses": 0,
    "operatingExpenses": 836000000,
    "costAndExpenses": 4847000000,
    "interestIncome": 0,
    "interestExpense": 85000000,
    "depreciationAndAmortization": 203000000,
    "ebitda": 1929000000,
    "ebitdaratio": 0.2934732999,
    "operatingIncome": 1726000000,
    "operatingIncomeRatio": 0.2625893808,
    "totalOtherIncomeExpensesNet": -85000000,
    "incomeBeforeTax": 1641000000,
    "incomeBeforeTaxRatio": 0.2496576906,
    "incomeTaxExpense": 387000000,
    "netIncome": 1254000000,
    "netIncomeRatio": 0.1907804655,
    "eps": 1.9,
    "epsdiluted": 1.86,
    "weightedAverageShsOut": 658600000,
    "weightedAverageShsOutDil": 676000000,
    "link": "https://www.sec.gov/Archives/edgar/data/86312/000110465907056530/0001104659-07-056530-index.htm",
    "finalLink": "https://www.sec.gov/Archives/edgar/data/86312/000110465907056530/a07-18781_110q.htm"
  },
  {
    "date": "2007-03-31",
    "symbol": "TRV",
    "reportedCurrency": "USD",
    "cik": "0000086312",
    "fillingDate": "2007-05-02",
    "acceptedDate": "2007-05-02 16:51:14",
    "calendarYear": "2007",
    "period": "Q1",
    "revenue": 6427000000,
    "costOfRevenue": 4058000000,
    "grossProfit": 2369000000,
    "grossProfitRatio": 0.3686012136,
    "researchAndDevelopmentExpenses": 0,
    "generalAndAdministrativeExpenses": 0,
    "sellingAndMarketingExpenses": 0,
    "sellingGeneralAndAdministrativeExpenses": 833000000,
    "otherExpenses": 0,
    "operatingExpenses": 833000000,
    "costAndExpenses": 4891000000,
    "interestIncome": 0,
    "interestExpense": 76000000,
    "depreciationAndAmortization": 205000000,
    "ebitda": 1741000000,
    "ebitdaratio": 0.2708884394,
    "operatingIncome": 1536000000,
    "operatingIncomeRatio": 0.2389917535,
    "totalOtherIncomeExpensesNet": -76000000,
    "incomeBeforeTax": 1460000000,
    "incomeBeforeTaxRatio": 0.2271666407,
    "incomeTaxExpense": 374000000,
    "netIncome": 1086000000,
    "netIncomeRatio": 0.1689746382,
    "eps": 1.62,
    "epsdiluted": 1.56,
    "weightedAverageShsOut": 669900000,
    "weightedAverageShsOutDil": 701200000,
    "link": "https://www.sec.gov/Archives/edgar/data/86312/000110465907034899/0001104659-07-034899-index.htm",
    "finalLink": "https://www.sec.gov/Archives/edgar/data/86312/000110465907034899/a07-10727_110q.htm"
  },
  {
    "date": "2006-12-31",
    "symbol": "TRV",
    "reportedCurrency": "USD",
    "cik": "0000086312",
    "fillingDate": "2007-02-23",
    "acceptedDate": "2007-02-23 16:53:04",
    "calendarYear": "2006",
    "period": "Q4",
    "revenue": 6469000000,
    "costOfRevenue": 3869000000,
    "grossProfit": 2600000000,
    "grossProfitRatio": 0.4019168341,
    "researchAndDevelopmentExpenses": 0,
    "generalAndAdministrativeExpenses": 0,
    "sellingAndMarketingExpenses": 0,
    "sellingGeneralAndAdministrativeExpenses": 929000000,
    "otherExpenses": 0,
    "operatingExpenses": 929000000,
    "costAndExpenses": 4798000000,
    "interestIncome": 0,
    "interestExpense": 82000000,
    "depreciationAndAmortization": 201000000,
    "ebitda": 1872000000,
    "ebitdaratio": 0.2893801206,
    "operatingIncome": 1671000000,
    "operatingIncomeRatio": 0.2583088576,
    "totalOtherIncomeExpensesNet": -82000000,
    "incomeBeforeTax": 1589000000,
    "incomeBeforeTaxRatio": 0.245633019,
    "incomeTaxExpense": 400000000,
    "netIncome": 1189000000,
    "netIncomeRatio": 0.1837996599,
    "eps": 1.77,
    "epsdiluted": 1.7,
    "weightedAverageShsOut": 669900000,
    "weightedAverageShsOutDil": 701200000,
    "link": "https://www.sec.gov/Archives/edgar/data/86312/000110465907013516/0001104659-07-013516-index.htm",
    "finalLink": "https://www.sec.gov/Archives/edgar/data/86312/000110465907013516/a07-4921_110k.htm"
  },
  {
    "date": "2006-09-30",
    "symbol": "TRV",
    "reportedCurrency": "USD",
    "cik": "0000086312",
    "fillingDate": "2006-11-03",
    "acceptedDate": "2006-11-03 13:13:12",
    "calendarYear": "2006",
    "period": "Q3",
    "revenue": 6316000000,
    "costOfRevenue": 3905000000,
    "grossProfit": 2411000000,
    "grossProfitRatio": 0.3817289424,
    "researchAndDevelopmentExpenses": 0,
    "generalAndAdministrativeExpenses": 0,
    "sellingAndMarketingExpenses": 0,
    "sellingGeneralAndAdministrativeExpenses": 869000000,
    "otherExpenses": 0,
    "operatingExpenses": 869000000,
    "costAndExpenses": 4774000000,
    "interestIncome": 0,
    "interestExpense": 88000000,
    "depreciationAndAmortization": 213000000,
    "ebitda": 1755000000,
    "ebitdaratio": 0.2778657378,
    "operatingIncome": 1542000000,
    "operatingIncomeRatio": 0.2441418619,
    "totalOtherIncomeExpensesNet": -88000000,
    "incomeBeforeTax": 1454000000,
    "incomeBeforeTaxRatio": 0.230208993,
    "incomeTaxExpense": 411000000,
    "netIncome": 1043000000,
    "netIncomeRatio": 0.1651361621,
    "eps": 1.52,
    "epsdiluted": 1.47,
    "weightedAverageShsOut": 685300000,
    "weightedAverageShsOutDil": 714600000,
    "link": "https://www.sec.gov/Archives/edgar/data/86312/000110465906071086/0001104659-06-071086-index.htm",
    "finalLink": "https://www.sec.gov/Archives/edgar/data/86312/000110465906071086/a06-21577_110q.htm"
  },
  {
    "date": "2006-06-30",
    "symbol": "TRV",
    "reportedCurrency": "USD",
    "cik": "0000086312",
    "fillingDate": "2006-08-03",
    "acceptedDate": "2006-08-03 14:42:00",
    "calendarYear": "2006",
    "period": "Q2",
    "revenue": 6255000000,
    "costOfRevenue": 3967000000,
    "grossProfit": 2288000000,
    "grossProfitRatio": 0.3657873701,
    "researchAndDevelopmentExpenses": 0,
    "generalAndAdministrativeExpenses": 0,
    "sellingAndMarketingExpenses": 0,
    "sellingGeneralAndAdministrativeExpenses": 866000000,
    "otherExpenses": 0,
    "operatingExpenses": 866000000,
    "costAndExpenses": 4833000000,
    "interestIncome": 0,
    "interestExpense": 78000000,
    "depreciationAndAmortization": 197000000,
    "ebitda": 1619000000,
    "ebitdaratio": 0.2588329337,
    "operatingIncome": 1422000000,
    "operatingIncomeRatio": 0.2273381295,
    "totalOtherIncomeExpensesNet": -78000000,
    "incomeBeforeTax": 1344000000,
    "incomeBeforeTaxRatio": 0.2148681055,
    "incomeTaxExpense": 374000000,
    "netIncome": 970000000,
    "netIncomeRatio": 0.1550759392,
    "eps": 1.4,
    "epsdiluted": 1.36,
    "weightedAverageShsOut": 691800000,
    "weightedAverageShsOutDil": 720400000,
    "link": "https://www.sec.gov/Archives/edgar/data/86312/000110465906051107/0001104659-06-051107-index.htm",
    "finalLink": "https://www.sec.gov/Archives/edgar/data/86312/000110465906051107/a06-15227_110q.htm"
  },
  {
    "date": "2006-03-31",
    "symbol": "TRV",
    "reportedCurrency": "USD",
    "cik": "0000086312",
    "fillingDate": "2006-05-04",
    "acceptedDate": "2006-05-04 17:18:34",
    "calendarYear": "2006",
    "period": "Q1",
    "revenue": 6050000000,
    "costOfRevenue": 3842000000,
    "grossProfit": 2208000000,
    "grossProfitRatio": 0.3649586777,
    "researchAndDevelopmentExpenses": 0,
    "generalAndAdministrativeExpenses": 0,
    "sellingAndMarketingExpenses": 0,
    "sellingGeneralAndAdministrativeExpenses": 794000000,
    "otherExpenses": 0,
    "operatingExpenses": 794000000,
    "costAndExpenses": 4636000000,
    "interestIncome": 0,
    "interestExpense": 76000000,
    "depreciationAndAmortization": 197000000,
    "ebitda": 1611000000,
    "ebitdaratio": 0.2662809917,
    "operatingIncome": 1414000000,
    "operatingIncomeRatio": 0.2337190083,
    "totalOtherIncomeExpensesNet": -76000000,
    "incomeBeforeTax": 1338000000,
    "incomeBeforeTaxRatio": 0.2211570248,
    "incomeTaxExpense": 332000000,
    "netIncome": 1006000000,
    "netIncomeRatio": 0.1662809917,
    "eps": 1.45,
    "epsdiluted": 1.41,
    "weightedAverageShsOut": 692200000,
    "weightedAverageShsOutDil": 720800000,
    "link": "https://www.sec.gov/Archives/edgar/data/86312/000110465906031255/0001104659-06-031255-index.htm",
    "finalLink": "https://www.sec.gov/Archives/edgar/data/86312/000110465906031255/a06-9297_110q.htm"
  },
  {
    "date": "2005-12-31",
    "symbol": "TRV",
    "reportedCurrency": "USD",
    "cik": "0000086312",
    "fillingDate": "2006-02-27",
    "acceptedDate": "2006-02-27 17:38:31",
    "calendarYear": "2005",
    "period": "Q4",
    "revenue": 6181000000,
    "costOfRevenue": 5071000000,
    "grossProfit": 1110000000,
    "grossProfitRatio": 0.1795825918,
    "researchAndDevelopmentExpenses": 0,
    "generalAndAdministrativeExpenses": 0,
    "sellingAndMarketingExpenses": 0,
    "sellingGeneralAndAdministrativeExpenses": 838000000,
    "otherExpenses": 0,
    "operatingExpenses": 838000000,
    "costAndExpenses": 5909000000,
    "interestIncome": 0,
    "interestExpense": 75000000,
    "depreciationAndAmortization": 192000000,
    "ebitda": 464000000,
    "ebitdaratio": 0.0750687591,
    "operatingIncome": 272000000,
    "operatingIncomeRatio": 0.0440058243,
    "totalOtherIncomeExpensesNet": -75000000,
    "incomeBeforeTax": 197000000,
    "incomeBeforeTaxRatio": 0.0318718654,
    "incomeTaxExpense": 19000000,
    "netIncome": 179000000,
    "netIncomeRatio": 0.0289597153,
    "eps": 0.26,
    "epsdiluted": 0.25,
    "weightedAverageShsOut": 692200000,
    "weightedAverageShsOutDil": 720800000,
    "link": "https://www.sec.gov/Archives/edgar/data/86312/000110465906012299/0001104659-06-012299-index.htm",
    "finalLink": "https://www.sec.gov/Archives/edgar/data/86312/000110465906012299/a06-2768_110k.htm"
  },
  {
    "date": "2005-09-30",
    "symbol": "TRV",
    "reportedCurrency": "USD",
    "cik": "0000086312",
    "fillingDate": "2005-11-03",
    "acceptedDate": "2005-11-03 17:30:45",
    "calendarYear": "2005",
    "period": "Q3",
    "revenue": 6042000000,
    "costOfRevenue": 5191000000,
    "grossProfit": 851000000,
    "grossProfitRatio": 0.1408474015,
    "researchAndDevelopmentExpenses": 0,
    "generalAndAdministrativeExpenses": 0,
    "sellingAndMarketingExpenses": 0,
    "sellingGeneralAndAdministrativeExpenses": 789000000,
    "otherExpenses": 0,
    "operatingExpenses": 789000000,
    "costAndExpenses": 5980000000,
    "interestIncome": 0,
    "interestExpense": 70000000,
    "depreciationAndAmortization": 113000000,
    "ebitda": 175000000,
    "ebitdaratio": 0.0289639192,
    "operatingIncome": 62000000,
    "operatingIncomeRatio": 0.0102615028,
    "totalOtherIncomeExpensesNet": -70000000,
    "incomeBeforeTax": -8000000,
    "incomeBeforeTaxRatio": -0.0013240649,
    "incomeTaxExpense": -83000000,
    "netIncome": 162000000,
    "netIncomeRatio": 0.0268123138,
    "eps": 0.24,
    "epsdiluted": 0.23,
    "weightedAverageShsOut": 679200000,
    "weightedAverageShsOutDil": 683800000,
    "link": "https://www.sec.gov/Archives/edgar/data/86312/000110465905052399/0001104659-05-052399-index.htm",
    "finalLink": "https://www.sec.gov/Archives/edgar/data/86312/000110465905052399/a05-17997_110q.htm"
  },
  {
    "date": "2005-06-30",
    "symbol": "TRV",
    "reportedCurrency": "USD",
    "cik": "0000086312",
    "fillingDate": "2005-08-08",
    "acceptedDate": "2005-08-08 17:22:50",
    "calendarYear": "2005",
    "period": "Q2",
    "revenue": 6037000000,
    "costOfRevenue": 3884000000,
    "grossProfit": 2153000000,
    "grossProfitRatio": 0.3566340898,
    "researchAndDevelopmentExpenses": 0,
    "generalAndAdministrativeExpenses": 0,
    "sellingAndMarketingExpenses": 0,
    "sellingGeneralAndAdministrativeExpenses": 789000000,
    "otherExpenses": 0,
    "operatingExpenses": 789000000,
    "costAndExpenses": 4673000000,
    "interestIncome": 0,
    "interestExpense": 70000000,
    "depreciationAndAmortization": 236000000,
    "ebitda": 1600000000,
    "ebitdaratio": 0.2650323008,
    "operatingIncome": 1364000000,
    "operatingIncomeRatio": 0.2259400364,
    "totalOtherIncomeExpensesNet": -70000000,
    "incomeBeforeTax": 1294000000,
    "incomeBeforeTaxRatio": 0.2143448733,
    "incomeTaxExpense": 363000000,
    "netIncome": 1069000000,
    "netIncomeRatio": 0.177074706,
    "eps": 1.59,
    "epsdiluted": 1.52,
    "weightedAverageShsOut": 669500000,
    "weightedAverageShsOutDil": 710300000,
    "link": "https://www.sec.gov/Archives/edgar/data/86312/000110465905037318/0001104659-05-037318-index.htm",
    "finalLink": "https://www.sec.gov/Archives/edgar/data/86312/000110465905037318/a05-12625_110q.htm"
  },
  {
    "date": "2005-03-31",
    "symbol": "TRV",
    "reportedCurrency": "USD",
    "cik": "0000086312",
    "fillingDate": "2005-05-10",
    "acceptedDate": "2005-05-10 16:59:39",
    "calendarYear": "2005",
    "period": "Q1",
    "revenue": 6105000000,
    "costOfRevenue": 4033000000,
    "grossProfit": 2072000000,
    "grossProfitRatio": 0.3393939394,
    "researchAndDevelopmentExpenses": 0,
    "generalAndAdministrativeExpenses": 0,
    "sellingAndMarketingExpenses": 0,
    "sellingGeneralAndAdministrativeExpenses": 813000000,
    "otherExpenses": 0,
    "operatingExpenses": 813000000,
    "costAndExpenses": 4846000000,
    "interestIncome": 0,
    "interestExpense": 71000000,
    "depreciationAndAmortization": 150000000,
    "ebitda": 1409000000,
    "ebitdaratio": 0.2307944308,
    "operatingIncome": 1259000000,
    "operatingIncomeRatio": 0.2062244062,
    "totalOtherIncomeExpensesNet": -71000000,
    "incomeBeforeTax": 1188000000,
    "incomeBeforeTaxRatio": 0.1945945946,
    "incomeTaxExpense": 311000000,
    "netIncome": 212000000,
    "netIncomeRatio": 0.0347256347,
    "eps": 0.31,
    "epsdiluted": 0.31,
    "weightedAverageShsOut": 668100000,
    "weightedAverageShsOutDil": 709100000,
    "link": "https://www.sec.gov/Archives/edgar/data/86312/000110465905022258/0001104659-05-022258-index.htm",
    "finalLink": "https://www.sec.gov/Archives/edgar/data/86312/000110465905022258/a05-7939_110q.htm"
  },
  {
    "date": "2004-12-31",
    "symbol": "TRV",
    "reportedCurrency": "USD",
    "cik": "0000086312",
    "fillingDate": "2005-03-16",
    "acceptedDate": "2005-03-16 15:59:25",
    "calendarYear": "2004",
    "period": "Q4",
    "revenue": 6365000000,
    "costOfRevenue": 5030000000,
    "grossProfit": 1335000000,
    "grossProfitRatio": 0.2097407698,
    "researchAndDevelopmentExpenses": 0,
    "generalAndAdministrativeExpenses": 0,
    "sellingAndMarketingExpenses": 0,
    "sellingGeneralAndAdministrativeExpenses": 891000000,
    "otherExpenses": 0,
    "operatingExpenses": 891000000,
    "costAndExpenses": 5921000000,
    "interestIncome": 0,
    "interestExpense": 73000000,
    "depreciationAndAmortization": 181000000,
    "ebitda": 625000000,
    "ebitdaratio": 0.0981932443,
    "operatingIncome": 444000000,
    "operatingIncomeRatio": 0.0697564808,
    "totalOtherIncomeExpensesNet": -73000000,
    "incomeBeforeTax": 371000000,
    "incomeBeforeTaxRatio": 0.0582875098,
    "incomeTaxExpense": 56000000,
    "netIncome": 303000000,
    "netIncomeRatio": 0.0476040848,
    "eps": 0.45,
    "epsdiluted": 0.43,
    "weightedAverageShsOut": 668100000,
    "weightedAverageShsOutDil": 709100000,
    "link": "https://www.sec.gov/Archives/edgar/data/86312/000119312505052696/0001193125-05-052696-index.htm",
    "finalLink": "https://www.sec.gov/Archives/edgar/data/86312/000119312505052696/d10k.htm"
  },
  {
    "date": "2004-09-30",
    "symbol": "TRV",
    "reportedCurrency": "USD",
    "cik": "0000086312",
    "fillingDate": "2004-11-09",
    "acceptedDate": "2004-11-08 21:39:54",
    "calendarYear": "2004",
    "period": "Q3",
    "revenue": 6129000000,
    "costOfRevenue": 4906000000,
    "grossProfit": 1223000000,
    "grossProfitRatio": 0.1995431555,
    "researchAndDevelopmentExpenses": 0,
    "generalAndAdministrativeExpenses": 0,
    "sellingAndMarketingExpenses": 0,
    "sellingGeneralAndAdministrativeExpenses": 861000000,
    "otherExpenses": -69000000,
    "operatingExpenses": 792000000,
    "costAndExpenses": 5698000000,
    "interestIncome": 0,
    "interestExpense": 69000000,
    "depreciationAndAmortization": 252000000,
    "ebitda": 683000000,
    "ebitdaratio": 0.1114374286,
    "operatingIncome": 431000000,
    "operatingIncomeRatio": 0.0703214227,
    "totalOtherIncomeExpensesNet": -67000000,
    "incomeBeforeTax": 364000000,
    "incomeBeforeTaxRatio": 0.0593897863,
    "incomeTaxExpense": 72000000,
    "netIncome": 340000000,
    "netIncomeRatio": 0.0554739762,
    "eps": 0.51,
    "epsdiluted": 0.5,
    "weightedAverageShsOut": 665900000,
    "weightedAverageShsOutDil": 707900000,
    "link": "https://www.sec.gov/Archives/edgar/data/86312/000110465904034414/0001104659-04-034414-index.htm",
    "finalLink": "https://www.sec.gov/Archives/edgar/data/86312/000110465904034414/a04-12472_110q.htm"
  },
  {
    "date": "2004-06-30",
    "symbol": "TRV",
    "reportedCurrency": "USD",
    "cik": "0000086312",
    "fillingDate": "2004-08-09",
    "acceptedDate": "2004-08-09 16:25:15",
    "calendarYear": "2004",
    "period": "Q2",
    "revenue": 6060000000,
    "costOfRevenue": 5674000000,
    "grossProfit": 386000000,
    "grossProfitRatio": 0.0636963696,
    "researchAndDevelopmentExpenses": 0,
    "generalAndAdministrativeExpenses": 0,
    "sellingAndMarketingExpenses": 0,
    "sellingGeneralAndAdministrativeExpenses": 926000000,
    "otherExpenses": -62000000,
    "operatingExpenses": 864000000,
    "costAndExpenses": 6538000000,
    "interestIncome": 0,
    "interestExpense": 66000000,
    "depreciationAndAmortization": 71000000,
    "ebitda": -407000000,
    "ebitdaratio": -0.0671617162,
    "operatingIncome": -478000000,
    "operatingIncomeRatio": -0.0788778878,
    "totalOtherIncomeExpensesNet": -63000000,
    "incomeBeforeTax": -541000000,
    "incomeBeforeTaxRatio": -0.0892739274,
    "incomeTaxExpense": -217000000,
    "netIncome": -275000000,
    "netIncomeRatio": -0.045379538,
    "eps": -0.41,
    "epsdiluted": -0.41,
    "weightedAverageShsOut": 664800000,
    "weightedAverageShsOutDil": 664800000,
    "link": "https://www.sec.gov/Archives/edgar/data/86312/000110465904023388/0001104659-04-023388-index.htm",
    "finalLink": "https://www.sec.gov/Archives/edgar/data/86312/000110465904023388/a04-9084_110q.htm"
  },
  {
    "date": "2004-03-31",
    "symbol": "TRV",
    "reportedCurrency": "USD",
    "cik": "0000086312",
    "fillingDate": "2004-05-10",
    "acceptedDate": "2004-05-10 16:20:21",
    "calendarYear": "2004",
    "period": "Q1",
    "revenue": 4127000000,
    "costOfRevenue": 2807000000,
    "grossProfit": 1320000000,
    "grossProfitRatio": 0.3198449237,
    "researchAndDevelopmentExpenses": 0,
    "generalAndAdministrativeExpenses": 467300000,
    "sellingAndMarketingExpenses": 0,
    "sellingGeneralAndAdministrativeExpenses": 467300000,
    "otherExpenses": -300000,
    "operatingExpenses": 467000000,
    "costAndExpenses": 3274000000,
    "interestIncome": 0,
    "interestExpense": 36300000,
    "depreciationAndAmortization": 25000000,
    "ebitda": 878000000,
    "ebitdaratio": 0.2127453356,
    "operatingIncome": 853000000,
    "operatingIncomeRatio": 0.2066876666,
    "totalOtherIncomeExpensesNet": -36000000,
    "incomeBeforeTax": 817000000,
    "incomeBeforeTaxRatio": 0.1979646232,
    "incomeTaxExpense": 226600000,
    "netIncome": 587200000,
    "netIncomeRatio": 0.1422825297,
    "eps": 1.35,
    "epsdiluted": 1.31,
    "weightedAverageShsOut": 434600000,
    "weightedAverageShsOutDil": 453900000,
    "link": "https://www.sec.gov/Archives/edgar/data/86312/000110465904013566/0001104659-04-013566-index.htm",
    "finalLink": "https://www.sec.gov/Archives/edgar/data/86312/000110465904013566/a04-5392_110q.htm"
  },
  {
    "date": "2003-12-31",
    "symbol": "TRV",
    "reportedCurrency": "USD",
    "cik": "0000086312",
    "fillingDate": "2004-03-03",
    "acceptedDate": "2004-03-03 11:34:49",
    "calendarYear": "2003",
    "period": "Q4",
    "revenue": 2323000000,
    "costOfRevenue": 2031000000,
    "grossProfit": 292000000,
    "grossProfitRatio": 0.1256995265,
    "researchAndDevelopmentExpenses": 0,
    "generalAndAdministrativeExpenses": 0,
    "sellingAndMarketingExpenses": 0,
    "sellingGeneralAndAdministrativeExpenses": 346000000,
    "otherExpenses": 0,
    "operatingExpenses": 346000000,
    "costAndExpenses": 2377000000,
    "interestIncome": 0,
    "interestExpense": 0,
    "depreciationAndAmortization": 30000000,
    "ebitda": -24000000,
    "ebitdaratio": -0.0103314679,
    "operatingIncome": -54000000,
    "operatingIncomeRatio": -0.0232458028,
    "totalOtherIncomeExpensesNet": 0,
    "incomeBeforeTax": -54000000,
    "incomeBeforeTaxRatio": -0.0232458028,
    "incomeTaxExpense": -120000000,
    "netIncome": 52000000,
    "netIncomeRatio": 0.0223848472,
    "eps": 0.12,
    "epsdiluted": 0.12,
    "weightedAverageShsOut": 434600000,
    "weightedAverageShsOutDil": 438208955,
    "link": "https://www.sec.gov/Archives/edgar/data/86312/000110465904006321/0001104659-04-006321-index.htm",
    "finalLink": "https://www.sec.gov/Archives/edgar/data/86312/000110465904006321/a04-2923_210k.htm"
  },
  {
    "date": "2003-09-30",
    "symbol": "TRV",
    "reportedCurrency": "USD",
    "cik": "0000086312",
    "fillingDate": "2003-10-30",
    "acceptedDate": "2003-10-30 14:34:16",
    "calendarYear": "2003",
    "period": "Q3",
    "revenue": 3746000000,
    "costOfRevenue": 2749000000,
    "grossProfit": 997000000,
    "grossProfitRatio": 0.2661505606,
    "researchAndDevelopmentExpenses": 0,
    "generalAndAdministrativeExpenses": 0,
    "sellingAndMarketingExpenses": 0,
    "sellingGeneralAndAdministrativeExpenses": 306000000,
    "otherExpenses": 92000000,
    "operatingExpenses": 398000000,
    "costAndExpenses": 3147000000,
    "interestIncome": 0,
    "interestExpense": 38000000,
    "depreciationAndAmortization": 36000000,
    "ebitda": 635000000,
    "ebitdaratio": 0.1695141484,
    "operatingIncome": 599000000,
    "operatingIncomeRatio": 0.1599038975,
    "totalOtherIncomeExpensesNet": -38000000,
    "incomeBeforeTax": 561000000,
    "incomeBeforeTaxRatio": 0.1497597437,
    "incomeTaxExpense": 94000000,
    "netIncome": 214000000,
    "netIncomeRatio": 0.0571276028,
    "eps": 0.98,
    "epsdiluted": 0.98,
    "weightedAverageShsOut": 434300000,
    "weightedAverageShsOutDil": 436700000,
    "link": "https://www.sec.gov/Archives/edgar/data/86312/000008631203000012/0000086312-03-000012-index.htm",
    "finalLink": "https://www.sec.gov/Archives/edgar/data/86312/000008631203000012/tenq303.txt"
  },
  {
    "date": "2003-06-30",
    "symbol": "TRV",
    "reportedCurrency": "USD",
    "cik": "0000086312",
    "fillingDate": "2003-07-31",
    "acceptedDate": "2003-07-31 12:05:42",
    "calendarYear": "2003",
    "period": "Q2",
    "revenue": 3749000000,
    "costOfRevenue": 2695000000,
    "grossProfit": 1054000000,
    "grossProfitRatio": 0.2811416378,
    "researchAndDevelopmentExpenses": 0,
    "generalAndAdministrativeExpenses": 0,
    "sellingAndMarketingExpenses": 0,
    "sellingGeneralAndAdministrativeExpenses": 294000000,
    "otherExpenses": 119000000,
    "operatingExpenses": 413000000,
    "costAndExpenses": 3108000000,
    "interestIncome": 0,
    "interestExpense": 40000000,
    "depreciationAndAmortization": 8700000,
    "ebitda": 649700000,
    "ebitdaratio": 0.1732995465,
    "operatingIncome": 641000000,
    "operatingIncomeRatio": 0.1709789277,
    "totalOtherIncomeExpensesNet": -40000000,
    "incomeBeforeTax": 601000000,
    "incomeBeforeTaxRatio": 0.1603094158,
    "incomeTaxExpense": 93000000,
    "netIncome": 214000000,
    "netIncomeRatio": 0.0570818885,
    "eps": 1.02,
    "epsdiluted": 1.01,
    "weightedAverageShsOut": 434400000,
    "weightedAverageShsOutDil": 436700000,
    "link": "https://www.sec.gov/Archives/edgar/data/86312/000008631203000010/0000086312-03-000010-index.htm",
    "finalLink": "https://www.sec.gov/Archives/edgar/data/86312/000008631203000010/tenq203.txt"
  },
  {
    "date": "2003-03-31",
    "symbol": "TRV",
    "reportedCurrency": "USD",
    "cik": "0000086312",
    "fillingDate": "2003-05-15",
    "acceptedDate": "2003-05-15 14:48:15",
    "calendarYear": "2003",
    "period": "Q1",
    "revenue": 3603000000,
    "costOfRevenue": 2750600000,
    "grossProfit": 852400000,
    "grossProfitRatio": 0.2365806273,
    "researchAndDevelopmentExpenses": 0,
    "generalAndAdministrativeExpenses": 393400000,
    "sellingAndMarketingExpenses": 0,
    "sellingGeneralAndAdministrativeExpenses": 323000000,
    "otherExpenses": 70400000,
    "operatingExpenses": 393400000,
    "costAndExpenses": 3144000000,
    "interestIncome": 0,
    "interestExpense": 51700000,
    "depreciationAndAmortization": 10300000,
    "ebitda": 469300000,
    "ebitdaratio": 0.1302525673,
    "operatingIncome": 459000000,
    "operatingIncomeRatio": 0.1273938385,
    "totalOtherIncomeExpensesNet": -51700000,
    "incomeBeforeTax": 407300000,
    "incomeBeforeTaxRatio": 0.113044685,
    "incomeTaxExpense": 70000000,
    "netIncome": 181000000,
    "netIncomeRatio": 0.0502359145,
    "eps": 0.78,
    "epsdiluted": 0.78,
    "weightedAverageShsOut": 434500000,
    "weightedAverageShsOutDil": 434500000,
    "link": "https://www.sec.gov/Archives/edgar/data/86312/000008631203000004/0000086312-03-000004-index.htm",
    "finalLink": "https://www.sec.gov/Archives/edgar/data/86312/000008631203000004/tenq103.txt"
  },
  {
    "date": "2002-12-31",
    "symbol": "TRV",
    "reportedCurrency": "USD",
    "cik": "0000086312",
    "fillingDate": "2003-03-20",
    "acceptedDate": "2003-03-20 16:17:19",
    "calendarYear": "2002",
    "period": "Q4",
    "revenue": 2012000000,
    "costOfRevenue": 1496000000,
    "grossProfit": 516000000,
    "grossProfitRatio": 0.2564612326,
    "researchAndDevelopmentExpenses": 0,
    "generalAndAdministrativeExpenses": 0,
    "sellingAndMarketingExpenses": 0,
    "sellingGeneralAndAdministrativeExpenses": 267000000,
    "otherExpenses": 0,
    "operatingExpenses": 267000000,
    "costAndExpenses": 1763000000,
    "interestIncome": 0,
    "interestExpense": 0,
    "depreciationAndAmortization": 30000000,
    "ebitda": 279000000,
    "ebitdaratio": 0.138667992,
    "operatingIncome": 249000000,
    "operatingIncomeRatio": 0.1237574553,
    "totalOtherIncomeExpensesNet": 0,
    "incomeBeforeTax": 249000000,
    "incomeBeforeTaxRatio": 0.1237574553,
    "incomeTaxExpense": -1000000,
    "netIncome": 244000000,
    "netIncomeRatio": 0.1212723658,
    "eps": 1.07,
    "epsdiluted": 1.03,
    "weightedAverageShsOut": 227000000,
    "weightedAverageShsOutDil": 237000000,
    "link": "https://www.sec.gov/Archives/edgar/data/86312/000110465903004639/0001104659-03-004639-index.htm",
    "finalLink": "https://www.sec.gov/Archives/edgar/data/86312/000110465903004639/j8640_10k.htm"
  },
  {
    "date": "2002-09-30",
    "symbol": "TRV",
    "reportedCurrency": "USD",
    "cik": "0000086312",
    "fillingDate": "2002-11-14",
    "acceptedDate": "2002-11-14 16:51:50",
    "calendarYear": "2002",
    "period": "Q3",
    "revenue": 2297000000,
    "costOfRevenue": 1878000000,
    "grossProfit": 419000000,
    "grossProfitRatio": 0.1824118415,
    "researchAndDevelopmentExpenses": 0,
    "generalAndAdministrativeExpenses": 0,
    "sellingAndMarketingExpenses": 0,
    "sellingGeneralAndAdministrativeExpenses": 325000000,
    "otherExpenses": -1000000,
    "operatingExpenses": 324000000,
    "costAndExpenses": 2202000000,
    "interestIncome": 0,
    "interestExpense": 0,
    "depreciationAndAmortization": 24000000,
    "ebitda": 119000000,
    "ebitdaratio": 0.0518067044,
    "operatingIncome": 95000000,
    "operatingIncomeRatio": 0.0413582934,
    "totalOtherIncomeExpensesNet": 0,
    "incomeBeforeTax": 95000000,
    "incomeBeforeTaxRatio": 0.0413582934,
    "incomeTaxExpense": 26000000,
    "netIncome": 63000000,
    "netIncomeRatio": 0.0274270788,
    "eps": 0.27,
    "epsdiluted": 0.27,
    "weightedAverageShsOut": 221000000,
    "weightedAverageShsOutDil": 230000000,
    "link": "https://www.sec.gov/Archives/edgar/data/86312/000008631202000016/0000086312-02-000016-index.htm",
    "finalLink": "https://www.sec.gov/Archives/edgar/data/86312/000008631202000016/tenq302.txt"
  },
  {
    "date": "2002-06-30",
    "symbol": "TRV",
    "reportedCurrency": "USD",
    "cik": "0000086312",
    "fillingDate": "2002-08-14",
    "acceptedDate": "2002-08-14 13:40:10",
    "calendarYear": "2002",
    "period": "Q2",
    "revenue": 2344000000,
    "costOfRevenue": 2427000000,
    "grossProfit": -83000000,
    "grossProfitRatio": -0.0354095563,
    "researchAndDevelopmentExpenses": 0,
    "generalAndAdministrativeExpenses": 0,
    "sellingAndMarketingExpenses": 0,
    "sellingGeneralAndAdministrativeExpenses": 287000000,
    "otherExpenses": -6000000,
    "operatingExpenses": 281000000,
    "costAndExpenses": 2708000000,
    "interestIncome": 0,
    "interestExpense": 0,
    "depreciationAndAmortization": 22000000,
    "ebitda": -342000000,
    "ebitdaratio": -0.1459044369,
    "operatingIncome": -364000000,
    "operatingIncomeRatio": -0.1552901024,
    "totalOtherIncomeExpensesNet": 0,
    "incomeBeforeTax": -364000000,
    "incomeBeforeTaxRatio": -0.1552901024,
    "incomeTaxExpense": -146000000,
    "netIncome": -223000000,
    "netIncomeRatio": -0.0951365188,
    "eps": -1.07,
    "epsdiluted": -1.07,
    "weightedAverageShsOut": 208000000,
    "weightedAverageShsOutDil": 208000000,
    "link": "https://www.sec.gov/Archives/edgar/data/86312/000008631202000011/0000086312-02-000011-index.htm",
    "finalLink": "https://www.sec.gov/Archives/edgar/data/86312/000008631202000011/tenq202.txt"
  },
  {
    "date": "2002-03-31",
    "symbol": "TRV",
    "reportedCurrency": "USD",
    "cik": "0000086312",
    "fillingDate": "2002-05-15",
    "acceptedDate": "2002-05-15 16:31:42",
    "calendarYear": "2002",
    "period": "Q1",
    "revenue": 2334000000,
    "costOfRevenue": 1826000000,
    "grossProfit": 508000000,
    "grossProfitRatio": 0.2176520994,
    "researchAndDevelopmentExpenses": 0,
    "generalAndAdministrativeExpenses": 0,
    "sellingAndMarketingExpenses": 0,
    "sellingGeneralAndAdministrativeExpenses": 318000000,
    "otherExpenses": -6000000,
    "operatingExpenses": 312000000,
    "costAndExpenses": 2138000000,
    "interestIncome": 0,
    "interestExpense": 0,
    "depreciationAndAmortization": 21000000,
    "ebitda": 217000000,
    "ebitdaratio": 0.0929734362,
    "operatingIncome": 196000000,
    "operatingIncomeRatio": 0.0839760069,
    "totalOtherIncomeExpensesNet": 0,
    "incomeBeforeTax": 196000000,
    "incomeBeforeTaxRatio": 0.0839760069,
    "incomeTaxExpense": 48000000,
    "netIncome": 139000000,
    "netIncomeRatio": 0.059554413,
    "eps": 0.62,
    "epsdiluted": 0.6,
    "weightedAverageShsOut": 208000000,
    "weightedAverageShsOutDil": 220000000,
    "link": "https://www.sec.gov/Archives/edgar/data/86312/000008631202000004/0000086312-02-000004-index.htm",
    "finalLink": "https://www.sec.gov/Archives/edgar/data/86312/000008631202000004/tenq102.txt"
  },
  {
    "date": "2001-12-31",
    "symbol": "TRV",
    "reportedCurrency": "USD",
    "cik": "0000086312",
    "fillingDate": "2002-03-29",
    "acceptedDate": "2002-03-29 00:00:00",
    "calendarYear": "2001",
    "period": "Q4",
    "revenue": 2388000000,
    "costOfRevenue": 2951000000,
    "grossProfit": -563000000,
    "grossProfitRatio": -0.2357621441,
    "researchAndDevelopmentExpenses": 0,
    "generalAndAdministrativeExpenses": 0,
    "sellingAndMarketingExpenses": 0,
    "sellingGeneralAndAdministrativeExpenses": 0,
    "otherExpenses": 422000000,
    "operatingExpenses": 422000000,
    "costAndExpenses": 3373000000,
    "interestIncome": 0,
    "interestExpense": 0,
    "depreciationAndAmortization": 105000000,
    "ebitda": -880000000,
    "ebitdaratio": -0.3685092127,
    "operatingIncome": -985000000,
    "operatingIncomeRatio": -0.412479062,
    "totalOtherIncomeExpensesNet": 0,
    "incomeBeforeTax": -985000000,
    "incomeBeforeTaxRatio": -0.412479062,
    "incomeTaxExpense": -266000000,
    "netIncome": -736000000,
    "netIncomeRatio": -0.3082077052,
    "eps": -3.54,
    "epsdiluted": -3.35,
    "weightedAverageShsOut": 208000000,
    "weightedAverageShsOutDil": 220000000,
    "link": "https://www.sec.gov/Archives/edgar/data/86312/000091205702012514/0000912057-02-012514-index.htm",
    "finalLink": "https://www.sec.gov/Archives/edgar/data/86312/000091205702012514/a2074478z10-k405.htm"
  },
  {
    "date": "2001-09-30",
    "symbol": "TRV",
    "reportedCurrency": "USD",
    "cik": "0000086312",
    "fillingDate": "2001-11-05",
    "acceptedDate": "2001-11-05 00:00:00",
    "calendarYear": "2001",
    "period": "Q3",
    "revenue": 2225000000,
    "costOfRevenue": 2852000000,
    "grossProfit": -627000000,
    "grossProfitRatio": -0.2817977528,
    "researchAndDevelopmentExpenses": 0,
    "generalAndAdministrativeExpenses": 0,
    "sellingAndMarketingExpenses": 0,
    "sellingGeneralAndAdministrativeExpenses": 0,
    "otherExpenses": 250000000,
    "operatingExpenses": 250000000,
    "costAndExpenses": 3102000000,
    "interestIncome": 0,
    "interestExpense": 0,
    "depreciationAndAmortization": 26000000,
    "ebitda": -851000000,
    "ebitdaratio": -0.3824719101,
    "operatingIncome": -877000000,
    "operatingIncomeRatio": -0.3941573034,
    "totalOtherIncomeExpensesNet": 0,
    "incomeBeforeTax": -877000000,
    "incomeBeforeTaxRatio": -0.3941573034,
    "incomeTaxExpense": -282000000,
    "netIncome": -659000000,
    "netIncomeRatio": -0.2961797753,
    "eps": -3.15,
    "epsdiluted": -3.15,
    "weightedAverageShsOut": 209000000,
    "weightedAverageShsOutDil": 209000000,
    "link": "https://www.sec.gov/Archives/edgar/data/86312/000008631201500017/0000086312-01-500017-index.htm",
    "finalLink": "https://www.sec.gov/Archives/edgar/data/86312/000008631201500017/tenq901.txt"
  },
  {
    "date": "2001-06-30",
    "symbol": "TRV",
    "reportedCurrency": "USD",
    "cik": "0000086312",
    "fillingDate": "2001-08-14",
    "acceptedDate": "2001-08-14 00:00:00",
    "calendarYear": "2001",
    "period": "Q2",
    "revenue": 2163000000,
    "costOfRevenue": 1702000000,
    "grossProfit": 461000000,
    "grossProfitRatio": 0.2131299122,
    "researchAndDevelopmentExpenses": 0,
    "generalAndAdministrativeExpenses": 0,
    "sellingAndMarketingExpenses": 0,
    "sellingGeneralAndAdministrativeExpenses": 0,
    "otherExpenses": 328000000,
    "operatingExpenses": 328000000,
    "costAndExpenses": 2030000000,
    "interestIncome": 0,
    "interestExpense": 0,
    "depreciationAndAmortization": 23000000,
    "ebitda": 156000000,
    "ebitdaratio": 0.0721220527,
    "operatingIncome": 133000000,
    "operatingIncomeRatio": 0.0614886731,
    "totalOtherIncomeExpensesNet": 0,
    "incomeBeforeTax": 133000000,
    "incomeBeforeTaxRatio": 0.0614886731,
    "incomeTaxExpense": 37000000,
    "netIncome": 104000000,
    "netIncomeRatio": 0.0480813685,
    "eps": 0.47,
    "epsdiluted": 0.45,
    "weightedAverageShsOut": 214000000,
    "weightedAverageShsOutDil": 227000000,
    "link": "https://www.sec.gov/Archives/edgar/data/86312/000008631201500012/0000086312-01-500012-index.htm",
    "finalLink": "https://www.sec.gov/Archives/edgar/data/86312/000008631201500012/tenq601.txt"
  },
  {
    "date": "2001-03-31",
    "symbol": "TRV",
    "reportedCurrency": "USD",
    "cik": "0000086312",
    "fillingDate": "2001-05-14",
    "acceptedDate": "2001-05-14 00:00:00",
    "calendarYear": "2001",
    "period": "Q1",
    "revenue": 2162000000,
    "costOfRevenue": 1563000000,
    "grossProfit": 599000000,
    "grossProfitRatio": 0.2770582794,
    "researchAndDevelopmentExpenses": 0,
    "generalAndAdministrativeExpenses": 0,
    "sellingAndMarketingExpenses": 0,
    "sellingGeneralAndAdministrativeExpenses": 304000000,
    "otherExpenses": -3000000,
    "operatingExpenses": 301000000,
    "costAndExpenses": 1864000000,
    "interestIncome": 0,
    "interestExpense": 0,
    "depreciationAndAmortization": 26000000,
    "ebitda": 324000000,
    "ebitdaratio": 0.1498612396,
    "operatingIncome": 298000000,
    "operatingIncomeRatio": 0.1378353377,
    "totalOtherIncomeExpensesNet": 0,
    "incomeBeforeTax": 298000000,
    "incomeBeforeTaxRatio": 0.1378353377,
    "incomeTaxExpense": 89000000,
    "netIncome": 202000000,
    "netIncomeRatio": 0.0934320074,
    "eps": 0.91,
    "epsdiluted": 0.87,
    "weightedAverageShsOut": 217000000,
    "weightedAverageShsOutDil": 230000000,
    "link": "https://www.sec.gov/Archives/edgar/data/86312/000008631201500006/0000086312-01-500006-index.htm",
    "finalLink": "https://www.sec.gov/Archives/edgar/data/86312/000008631201500006/tenq101.txt"
  },
  {
    "date": "2000-12-31",
    "symbol": "TRV",
    "reportedCurrency": "USD",
    "cik": "0000086312",
    "fillingDate": "2001-03-28",
    "acceptedDate": "2001-03-28 00:00:00",
    "calendarYear": "2000",
    "period": "Q4",
    "revenue": 2220000000,
    "costOfRevenue": 1628000000,
    "grossProfit": 592000000,
    "grossProfitRatio": 0.2666666667,
    "researchAndDevelopmentExpenses": 0,
    "generalAndAdministrativeExpenses": 0,
    "sellingAndMarketingExpenses": 0,
    "sellingGeneralAndAdministrativeExpenses": 0,
    "otherExpenses": 309000000,
    "operatingExpenses": 309000000,
    "costAndExpenses": 1937000000,
    "interestIncome": 0,
    "interestExpense": 0,
    "depreciationAndAmortization": 34000000,
    "ebitda": 317000000,
    "ebitdaratio": 0.1427927928,
    "operatingIncome": 283000000,
    "operatingIncomeRatio": 0.1274774775,
    "totalOtherIncomeExpensesNet": 0,
    "incomeBeforeTax": 283000000,
    "incomeBeforeTaxRatio": 0.1274774775,
    "incomeTaxExpense": 81000000,
    "netIncome": 193000000,
    "netIncomeRatio": 0.0869369369,
    "eps": 0.88,
    "epsdiluted": 0.84,
    "weightedAverageShsOut": 219780220,
    "weightedAverageShsOutDil": 229885057,
    "link": "https://www.sec.gov/Archives/edgar/data/86312/000008631201000004/0000086312-01-000004-index.htm",
    "finalLink": "https://www.sec.gov/Archives/edgar/data/86312/000008631201000004/0000086312-01-000004-0001.txt"
  },
  {
    "date": "2000-09-30",
    "symbol": "TRV",
    "reportedCurrency": "USD",
    "cik": "0000086312",
    "fillingDate": "2000-11-14",
    "acceptedDate": "2000-11-14 00:00:00",
    "calendarYear": "2000",
    "period": "Q3",
    "revenue": 2031000000,
    "costOfRevenue": 474000000,
    "grossProfit": 1557000000,
    "grossProfitRatio": 0.7666174298,
    "researchAndDevelopmentExpenses": 0,
    "generalAndAdministrativeExpenses": 413000000,
    "sellingAndMarketingExpenses": 0,
    "sellingGeneralAndAdministrativeExpenses": 0,
    "otherExpenses": 1226000000,
    "operatingExpenses": 1226000000,
    "costAndExpenses": 1700000000,
    "interestIncome": 0,
    "interestExpense": 0,
    "depreciationAndAmortization": 30000000,
    "ebitda": 361000000,
    "ebitdaratio": 0.1777449532,
    "operatingIncome": 331000000,
    "operatingIncomeRatio": 0.1629739045,
    "totalOtherIncomeExpensesNet": 0,
    "incomeBeforeTax": 331000000,
    "incomeBeforeTaxRatio": 0.1629739045,
    "incomeTaxExpense": 101000000,
    "netIncome": 231000000,
    "netIncomeRatio": 0.1137370753,
    "eps": 1.04,
    "epsdiluted": 0.98,
    "weightedAverageShsOut": 217000000,
    "weightedAverageShsOutDil": 232000000,
    "link": "https://www.sec.gov/Archives/edgar/data/86312/000008631200000025/0000086312-00-000025-index.htm",
    "finalLink": "https://www.sec.gov/Archives/edgar/data/86312/000008631200000025/0000086312-00-000025-0001.txt"
  },
  {
    "date": "2000-06-30",
    "symbol": "TRV",
    "reportedCurrency": "USD",
    "cik": "0000086312",
    "fillingDate": "2000-08-14",
    "acceptedDate": "2000-08-14 00:00:00",
    "calendarYear": "2000",
    "period": "Q2",
    "revenue": 1971000000,
    "costOfRevenue": 1467000000,
    "grossProfit": 504000000,
    "grossProfitRatio": 0.2557077626,
    "researchAndDevelopmentExpenses": 0,
    "generalAndAdministrativeExpenses": 323000000,
    "sellingAndMarketingExpenses": 0,
    "sellingGeneralAndAdministrativeExpenses": 0,
    "otherExpenses": 203000000,
    "operatingExpenses": 203000000,
    "costAndExpenses": 1670000000,
    "interestIncome": 0,
    "interestExpense": 0,
    "depreciationAndAmortization": 27000000,
    "ebitda": 328000000,
    "ebitdaratio": 0.1664129883,
    "operatingIncome": 301000000,
    "operatingIncomeRatio": 0.1527143582,
    "totalOtherIncomeExpensesNet": 0,
    "incomeBeforeTax": 301000000,
    "incomeBeforeTaxRatio": 0.1527143582,
    "incomeTaxExpense": 82000000,
    "netIncome": 212000000,
    "netIncomeRatio": 0.1075596144,
    "eps": 0.98,
    "epsdiluted": 0.92,
    "weightedAverageShsOut": 212000000,
    "weightedAverageShsOutDil": 230000000,
    "link": "https://www.sec.gov/Archives/edgar/data/86312/000008631200000020/0000086312-00-000020-index.htm",
    "finalLink": "https://www.sec.gov/Archives/edgar/data/86312/000008631200000020/0000086312-00-000020-0001.txt"
  },
  {
    "date": "2000-03-31",
    "symbol": "TRV",
    "reportedCurrency": "USD",
    "cik": "0000086312",
    "fillingDate": "2000-05-15",
    "acceptedDate": "2000-05-15 00:00:00",
    "calendarYear": "2000",
    "period": "Q1",
    "revenue": 2146000000,
    "costOfRevenue": 1438000000,
    "grossProfit": 708000000,
    "grossProfitRatio": 0.329916123,
    "researchAndDevelopmentExpenses": 0,
    "generalAndAdministrativeExpenses": 261000000,
    "sellingAndMarketingExpenses": 0,
    "sellingGeneralAndAdministrativeExpenses": 264000000,
    "otherExpenses": -76000000,
    "operatingExpenses": 188000000,
    "costAndExpenses": 1626000000,
    "interestIncome": 0,
    "interestExpense": 0,
    "depreciationAndAmortization": 22000000,
    "ebitda": 542000000,
    "ebitdaratio": 0.2525629077,
    "operatingIncome": 520000000,
    "operatingIncomeRatio": 0.2423112768,
    "totalOtherIncomeExpensesNet": 0,
    "incomeBeforeTax": 520000000,
    "incomeBeforeTaxRatio": 0.2423112768,
    "incomeTaxExpense": 176000000,
    "netIncome": 358000000,
    "netIncomeRatio": 0.1668219944,
    "eps": 1.6,
    "epsdiluted": 1.51,
    "weightedAverageShsOut": 220000000,
    "weightedAverageShsOutDil": 237000000,
    "link": "https://www.sec.gov/Archives/edgar/data/86312/000008631200000016/0000086312-00-000016-index.htm",
    "finalLink": "https://www.sec.gov/Archives/edgar/data/86312/000008631200000016/0000086312-00-000016.txt"
  },
  {
    "date": "1999-12-31",
    "symbol": "TRV",
    "reportedCurrency": "USD",
    "cik": "0000086312",
    "fillingDate": "2000-03-30",
    "acceptedDate": "2000-03-30 00:00:00",
    "calendarYear": "1999",
    "period": "Q4",
    "revenue": 1741000000,
    "costOfRevenue": 268000000,
    "grossProfit": 1473000000,
    "grossProfitRatio": 0.8460654796,
    "researchAndDevelopmentExpenses": 0,
    "generalAndAdministrativeExpenses": 0,
    "sellingAndMarketingExpenses": 0,
    "sellingGeneralAndAdministrativeExpenses": 0,
    "otherExpenses": 456000000,
    "operatingExpenses": 456000000,
    "costAndExpenses": 724000000,
    "interestIncome": 0,
    "interestExpense": 0,
    "depreciationAndAmortization": 0,
    "ebitda": 1017000000,
    "ebitdaratio": 0.5841470419,
    "operatingIncome": 1017000000,
    "operatingIncomeRatio": 0.5841470419,
    "totalOtherIncomeExpensesNet": 0,
    "incomeBeforeTax": 1017000000,
    "incomeBeforeTaxRatio": 0.5841470419,
    "incomeTaxExpense": 65000000,
    "netIncome": 138000000,
    "netIncomeRatio": 0.0792647904,
    "eps": 0.62,
    "epsdiluted": 0.59,
    "weightedAverageShsOut": 222500000,
    "weightedAverageShsOutDil": 235761589,
    "link": "https://www.sec.gov/Archives/edgar/data/86312/000008631200000015/0000086312-00-000015-index.htm",
    "finalLink": "https://www.sec.gov/Archives/edgar/data/86312/000008631200000015/0000086312-00-000015.txt"
  },
  {
    "date": "1999-09-30",
    "symbol": "TRV",
    "reportedCurrency": "USD",
    "cik": "0000086312",
    "fillingDate": "1999-11-15",
    "acceptedDate": "1999-11-15 00:00:00",
    "calendarYear": "1999",
    "period": "Q3",
    "revenue": 1785000000,
    "costOfRevenue": 438000000,
    "grossProfit": 1347000000,
    "grossProfitRatio": 0.7546218487,
    "researchAndDevelopmentExpenses": 0,
    "generalAndAdministrativeExpenses": 325000000,
    "sellingAndMarketingExpenses": 0,
    "sellingGeneralAndAdministrativeExpenses": 0,
    "otherExpenses": 1175000000,
    "operatingExpenses": 1175000000,
    "costAndExpenses": 1613000000,
    "interestIncome": 0,
    "interestExpense": 0,
    "depreciationAndAmortization": 29000000,
    "ebitda": 201000000,
    "ebitdaratio": 0.112605042,
    "operatingIncome": 172000000,
    "operatingIncomeRatio": 0.0963585434,
    "totalOtherIncomeExpensesNet": 0,
    "incomeBeforeTax": 172000000,
    "incomeBeforeTaxRatio": 0.0963585434,
    "incomeTaxExpense": 39000000,
    "netIncome": 327000000,
    "netIncomeRatio": 0.1831932773,
    "eps": 1.43,
    "epsdiluted": 1.34,
    "weightedAverageShsOut": 227000000,
    "weightedAverageShsOutDil": 245000000,
    "link": "https://www.sec.gov/Archives/edgar/data/86312/000008631299000035/0000086312-99-000035-index.htm",
    "finalLink": "https://www.sec.gov/Archives/edgar/data/86312/000008631299000035/0000086312-99-000035.txt"
  },
  {
    "date": "1999-06-30",
    "symbol": "TRV",
    "reportedCurrency": "USD",
    "cik": "0000086312",
    "fillingDate": "1999-08-12",
    "acceptedDate": "1999-08-12 00:00:00",
    "calendarYear": "1999",
    "period": "Q2",
    "revenue": 1933000000,
    "costOfRevenue": 435000000,
    "grossProfit": 1498000000,
    "grossProfitRatio": 0.7749612002,
    "researchAndDevelopmentExpenses": 0,
    "generalAndAdministrativeExpenses": 236000000,
    "sellingAndMarketingExpenses": 0,
    "sellingGeneralAndAdministrativeExpenses": 0,
    "otherExpenses": 1211000000,
    "operatingExpenses": 1211000000,
    "costAndExpenses": 1646000000,
    "interestIncome": 0,
    "interestExpense": 0,
    "depreciationAndAmortization": 28000000,
    "ebitda": 315000000,
    "ebitdaratio": 0.1629591309,
    "operatingIncome": 287000000,
    "operatingIncomeRatio": 0.1484738748,
    "totalOtherIncomeExpensesNet": 0,
    "incomeBeforeTax": 287000000,
    "incomeBeforeTaxRatio": 0.1484738748,
    "incomeTaxExpense": 69000000,
    "netIncome": 204000000,
    "netIncomeRatio": 0.1055354371,
    "eps": 0.89,
    "epsdiluted": 0.84,
    "weightedAverageShsOut": 226000000,
    "weightedAverageShsOutDil": 245000000,
    "link": "https://www.sec.gov/Archives/edgar/data/86312/000008631299000023/0000086312-99-000023-index.htm",
    "finalLink": "https://www.sec.gov/Archives/edgar/data/86312/000008631299000023/0000086312-99-000023.txt"
  },
  {
    "date": "1999-03-31",
    "symbol": "TRV",
    "reportedCurrency": "USD",
    "cik": "0000086312",
    "fillingDate": "1999-05-17",
    "acceptedDate": "1999-05-17 00:00:00",
    "calendarYear": "1999",
    "period": "Q1",
    "revenue": 1909000000,
    "costOfRevenue": 404000000,
    "grossProfit": 1505000000,
    "grossProfitRatio": 0.7883708748,
    "researchAndDevelopmentExpenses": 0,
    "generalAndAdministrativeExpenses": 247000000,
    "sellingAndMarketingExpenses": 0,
    "sellingGeneralAndAdministrativeExpenses": 0,
    "otherExpenses": 1242000000,
    "operatingExpenses": 1242000000,
    "costAndExpenses": 1646000000,
    "interestIncome": 0,
    "interestExpense": 0,
    "depreciationAndAmortization": 37000000,
    "ebitda": 300000000,
    "ebitdaratio": 0.1571503405,
    "operatingIncome": 263000000,
    "operatingIncomeRatio": 0.1377684652,
    "totalOtherIncomeExpensesNet": 0,
    "incomeBeforeTax": 263000000,
    "incomeBeforeTaxRatio": 0.1377684652,
    "incomeTaxExpense": 63000000,
    "netIncome": 165000000,
    "netIncomeRatio": 0.0864326873,
    "eps": 0.7,
    "epsdiluted": 0.67,
    "weightedAverageShsOut": 230000000,
    "weightedAverageShsOutDil": 249000000,
    "link": "https://www.sec.gov/Archives/edgar/data/86312/000008631299000012/0000086312-99-000012-index.htm",
    "finalLink": "https://www.sec.gov/Archives/edgar/data/86312/0000086312-99-000012.txt"
  },
  {
    "date": "1998-12-31",
    "symbol": "TRV",
    "reportedCurrency": "USD",
    "cik": "0000086312",
    "fillingDate": "1999-03-31",
    "acceptedDate": "1999-03-31 00:00:00",
    "calendarYear": "1998",
    "period": "Q4",
    "revenue": 2196101000,
    "costOfRevenue": 409713000,
    "grossProfit": 1786388000,
    "grossProfitRatio": 0.8134361762,
    "researchAndDevelopmentExpenses": 0,
    "generalAndAdministrativeExpenses": 0,
    "sellingAndMarketingExpenses": 0,
    "sellingGeneralAndAdministrativeExpenses": 0,
    "otherExpenses": 1832675000,
    "operatingExpenses": 1832675000,
    "costAndExpenses": 2242388000,
    "interestIncome": 0,
    "interestExpense": 0,
    "depreciationAndAmortization": 0,
    "ebitda": -46287000,
    "ebitdaratio": -0.0210768995,
    "operatingIncome": -46287000,
    "operatingIncomeRatio": -0.0210768995,
    "totalOtherIncomeExpensesNet": 0,
    "incomeBeforeTax": -46287000,
    "incomeBeforeTaxRatio": -0.0210768995,
    "incomeTaxExpense": -10135000,
    "netIncome": 128148000,
    "netIncomeRatio": 0.0583525075,
    "eps": 0.56,
    "epsdiluted": 0.51,
    "weightedAverageShsOut": 230000000,
    "weightedAverageShsOutDil": 249000000,
    "link": "https://www.sec.gov/Archives/edgar/data/86312/000104746999012875/0001047469-99-012875-index.htm",
    "finalLink": "https://www.sec.gov/Archives/edgar/data/86312/0001047469-99-012875.txt"
  },
  {
    "date": "1998-09-30",
    "symbol": "TRV",
    "reportedCurrency": "USD",
    "cik": "0000086312",
    "fillingDate": "1998-11-16",
    "acceptedDate": "1998-11-16 00:00:00",
    "calendarYear": "1998",
    "period": "Q3",
    "revenue": 1925000000,
    "costOfRevenue": 416000000,
    "grossProfit": 1509000000,
    "grossProfitRatio": 0.7838961039,
    "researchAndDevelopmentExpenses": 0,
    "generalAndAdministrativeExpenses": 286000000,
    "sellingAndMarketingExpenses": 0,
    "sellingGeneralAndAdministrativeExpenses": 0,
    "otherExpenses": 1418000000,
    "operatingExpenses": 1418000000,
    "costAndExpenses": 1834000000,
    "interestIncome": 0,
    "interestExpense": 0,
    "depreciationAndAmortization": 0,
    "ebitda": 91000000,
    "ebitdaratio": 0.0472727273,
    "operatingIncome": 91000000,
    "operatingIncomeRatio": 0.0472727273,
    "totalOtherIncomeExpensesNet": 0,
    "incomeBeforeTax": 91000000,
    "incomeBeforeTaxRatio": 0.0472727273,
    "incomeTaxExpense": -31800000,
    "netIncome": 63800000,
    "netIncomeRatio": 0.0331428571,
    "eps": 0.27,
    "epsdiluted": 0.27,
    "weightedAverageShsOut": 251851852,
    "weightedAverageShsOutDil": 251851852,
    "link": "https://www.sec.gov/Archives/edgar/data/86312/000008631298000029/0000086312-98-000029-index.htm",
    "finalLink": "https://www.sec.gov/Archives/edgar/data/86312/0000086312-98-000029.txt"
  },
  {
    "date": "1998-06-30",
    "symbol": "TRV",
    "reportedCurrency": "USD",
    "cik": "0000086312",
    "fillingDate": "1998-08-14",
    "acceptedDate": "1998-08-14 00:00:00",
    "calendarYear": "1998",
    "period": "Q2",
    "revenue": 2100000000,
    "costOfRevenue": 447000000,
    "grossProfit": 1653000000,
    "grossProfitRatio": 0.7871428571,
    "researchAndDevelopmentExpenses": 0,
    "generalAndAdministrativeExpenses": 596000000,
    "sellingAndMarketingExpenses": 0,
    "sellingGeneralAndAdministrativeExpenses": 0,
    "otherExpenses": 1941000000,
    "operatingExpenses": 1941000000,
    "costAndExpenses": 2388000000,
    "interestIncome": 0,
    "interestExpense": 0,
    "depreciationAndAmortization": 31000000,
    "ebitda": -257000000,
    "ebitdaratio": -0.1223809524,
    "operatingIncome": -288000000,
    "operatingIncomeRatio": -0.1371428571,
    "totalOtherIncomeExpensesNet": 0,
    "incomeBeforeTax": -288000000,
    "incomeBeforeTaxRatio": -0.1371428571,
    "incomeTaxExpense": -149400000,
    "netIncome": -297300000,
    "netIncomeRatio": -0.1415714286,
    "eps": -1.74,
    "epsdiluted": -1.6,
    "weightedAverageShsOut": 171111111,
    "weightedAverageShsOutDil": 185542169,
    "link": "https://www.sec.gov/Archives/edgar/data/86312/000008631298000025/0000086312-98-000025-index.htm",
    "finalLink": "https://www.sec.gov/Archives/edgar/data/86312/0000086312-98-000025.txt"
  },
  {
    "date": "1998-03-31",
    "symbol": "TRV",
    "reportedCurrency": "USD",
    "cik": "0000086312",
    "fillingDate": "1998-05-12",
    "acceptedDate": "1998-05-12 00:00:00",
    "calendarYear": "1998",
    "period": "Q1",
    "revenue": 2324000000,
    "costOfRevenue": 481000000,
    "grossProfit": 1843000000,
    "grossProfitRatio": 0.7930292599,
    "researchAndDevelopmentExpenses": 0,
    "generalAndAdministrativeExpenses": 321000000,
    "sellingAndMarketingExpenses": 0,
    "sellingGeneralAndAdministrativeExpenses": 0,
    "otherExpenses": 1593000000,
    "operatingExpenses": 1593000000,
    "costAndExpenses": 2074000000,
    "interestIncome": 0,
    "interestExpense": 0,
    "depreciationAndAmortization": 33000000,
    "ebitda": 283000000,
    "ebitdaratio": 0.1217728055,
    "operatingIncome": 250000000,
    "operatingIncomeRatio": 0.1075731497,
    "totalOtherIncomeExpensesNet": 0,
    "incomeBeforeTax": 250000000,
    "incomeBeforeTaxRatio": 0.1075731497,
    "incomeTaxExpense": 39200000,
    "netIncome": 154000000,
    "netIncomeRatio": 0.0662650602,
    "eps": 0.82,
    "epsdiluted": 0.77,
    "weightedAverageShsOut": 168050000,
    "weightedAverageShsOutDil": 168050000,
    "link": "https://www.sec.gov/Archives/edgar/data/86312/000008631298000013/0000086312-98-000013-index.htm",
    "finalLink": "https://www.sec.gov/Archives/edgar/data/86312/0000086312-98-000013.txt"
  },
  {
    "date": "1997-12-31",
    "symbol": "TRV",
    "reportedCurrency": "USD",
    "cik": "0000086312",
    "fillingDate": "1998-03-27",
    "acceptedDate": "1998-03-27 00:00:00",
    "calendarYear": "1997",
    "period": "Q4",
    "revenue": 1544273000,
    "costOfRevenue": 241523000,
    "grossProfit": 1302750000,
    "grossProfitRatio": 0.84360084,
    "researchAndDevelopmentExpenses": 0,
    "generalAndAdministrativeExpenses": 0,
    "sellingAndMarketingExpenses": 0,
    "sellingGeneralAndAdministrativeExpenses": 0,
    "otherExpenses": 284017000,
    "operatingExpenses": 284017000,
    "costAndExpenses": 525540000,
    "interestIncome": 0,
    "interestExpense": 0,
    "depreciationAndAmortization": 0,
    "ebitda": 1018733000,
    "ebitdaratio": 0.6596845247,
    "operatingIncome": 1018733000,
    "operatingIncomeRatio": 0.6596845247,
    "totalOtherIncomeExpensesNet": 0,
    "incomeBeforeTax": 1018733000,
    "incomeBeforeTaxRatio": 0.6596845247,
    "incomeTaxExpense": 75610000,
    "netIncome": 187073000,
    "netIncomeRatio": 0.1211398503,
    "eps": 1.09,
    "epsdiluted": 1.01,
    "weightedAverageShsOut": 171111111,
    "weightedAverageShsOutDil": 185542169,
    "link": "https://www.sec.gov/Archives/edgar/data/86312/000008631298000006/0000086312-98-000006-index.htm",
    "finalLink": "https://www.sec.gov/Archives/edgar/data/86312/000008631298000006/"
  },
  {
    "date": "1997-09-30",
    "symbol": "TRV",
    "reportedCurrency": "USD",
    "cik": "0000086312",
    "fillingDate": "1997-11-12",
    "acceptedDate": "1997-11-12 00:00:00",
    "calendarYear": "1997",
    "period": "Q3",
    "revenue": 2324300000,
    "costOfRevenue": 485300000,
    "grossProfit": 1839000000,
    "grossProfitRatio": 0.7912059545,
    "researchAndDevelopmentExpenses": 0,
    "generalAndAdministrativeExpenses": 303200000,
    "sellingAndMarketingExpenses": 0,
    "sellingGeneralAndAdministrativeExpenses": 0,
    "otherExpenses": 1564400000,
    "operatingExpenses": 1564400000,
    "costAndExpenses": 2049700000,
    "interestIncome": 0,
    "interestExpense": 0,
    "depreciationAndAmortization": 0,
    "ebitda": 274600000,
    "ebitdaratio": 0.1181430968,
    "operatingIncome": 274600000,
    "operatingIncomeRatio": 0.1181430968,
    "totalOtherIncomeExpensesNet": 0,
    "incomeBeforeTax": 274600000,
    "incomeBeforeTaxRatio": 0.1181430968,
    "incomeTaxExpense": 39100000,
    "netIncome": 163400000,
    "netIncomeRatio": 0.0703007357,
    "eps": 0.92,
    "epsdiluted": 0.85,
    "weightedAverageShsOut": 169856459,
    "weightedAverageShsOutDil": 186842105,
    "link": "https://www.sec.gov/Archives/edgar/data/86312/000008631297000028/0000086312-97-000028-index.htm",
    "finalLink": "https://www.sec.gov/Archives/edgar/data/86312/0000086312-97-000028.txt"
  },
  {
    "date": "1997-06-30",
    "symbol": "TRV",
    "reportedCurrency": "USD",
    "cik": "0000086312",
    "fillingDate": "1997-08-14",
    "acceptedDate": "1997-08-14 00:00:00",
    "calendarYear": "1997",
    "period": "Q2",
    "revenue": 2493100000,
    "costOfRevenue": 443200000,
    "grossProfit": 2049900000,
    "grossProfitRatio": 0.822229353,
    "researchAndDevelopmentExpenses": 0,
    "generalAndAdministrativeExpenses": 0,
    "sellingAndMarketingExpenses": 0,
    "sellingGeneralAndAdministrativeExpenses": 0,
    "otherExpenses": 1659000000,
    "operatingExpenses": 1659000000,
    "costAndExpenses": 2102200000,
    "interestIncome": 0,
    "interestExpense": 0,
    "depreciationAndAmortization": 0,
    "ebitda": 390900000,
    "ebitdaratio": 0.156792748,
    "operatingIncome": 390900000,
    "operatingIncomeRatio": 0.156792748,
    "totalOtherIncomeExpensesNet": 0,
    "incomeBeforeTax": 390900000,
    "incomeBeforeTaxRatio": 0.156792748,
    "incomeTaxExpense": 77900000,
    "netIncome": 230500000,
    "netIncomeRatio": 0.0924551763,
    "eps": 1.25,
    "epsdiluted": 1.15,
    "weightedAverageShsOut": 170547945,
    "weightedAverageShsOutDil": 194531250,
    "link": "https://www.sec.gov/Archives/edgar/data/86312/000008631297000026/0000086312-97-000026-index.htm",
    "finalLink": "https://www.sec.gov/Archives/edgar/data/86312/0000086312-97-000026.txt"
  },
  {
    "date": "1997-03-31",
    "symbol": "TRV",
    "reportedCurrency": "USD",
    "cik": "0000086312",
    "fillingDate": "1997-05-15",
    "acceptedDate": "1997-05-15 00:00:00",
    "calendarYear": "1997",
    "period": "Q1",
    "revenue": 1557200000,
    "costOfRevenue": 254800000,
    "grossProfit": 1302400000,
    "grossProfitRatio": 0.8363729771,
    "researchAndDevelopmentExpenses": 0,
    "generalAndAdministrativeExpenses": 0,
    "sellingAndMarketingExpenses": 0,
    "sellingGeneralAndAdministrativeExpenses": 0,
    "otherExpenses": 1057200000,
    "operatingExpenses": 1057200000,
    "costAndExpenses": 1312000000,
    "interestIncome": 0,
    "interestExpense": 0,
    "depreciationAndAmortization": 0,
    "ebitda": 245200000,
    "ebitdaratio": 0.1574621115,
    "operatingIncome": 245200000,
    "operatingIncomeRatio": 0.1574621115,
    "totalOtherIncomeExpensesNet": 0,
    "incomeBeforeTax": 245200000,
    "incomeBeforeTaxRatio": 0.1574621115,
    "incomeTaxExpense": 52900000,
    "netIncome": 124500000,
    "netIncomeRatio": 0.0799511945,
    "eps": 0.73,
    "epsdiluted": 0.64,
    "weightedAverageShsOut": 170547945,
    "weightedAverageShsOutDil": 194531250,
    "link": "https://www.sec.gov/Archives/edgar/data/86312/000008631297000019/0000086312-97-000019-index.htm",
    "finalLink": "https://www.sec.gov/Archives/edgar/data/86312/0000086312-97-000019.txt"
  },
  {
    "date": "1996-12-31",
    "symbol": "TRV",
    "reportedCurrency": "USD",
    "cik": "0000086312",
    "fillingDate": "1997-03-26",
    "acceptedDate": "1997-03-26 00:00:00",
    "calendarYear": "1996",
    "period": "Q4",
    "revenue": 1308656000,
    "costOfRevenue": 263456000,
    "grossProfit": 1045200000,
    "grossProfitRatio": 0.7986820066,
    "researchAndDevelopmentExpenses": 0,
    "generalAndAdministrativeExpenses": 0,
    "sellingAndMarketingExpenses": 0,
    "sellingGeneralAndAdministrativeExpenses": 0,
    "otherExpenses": 346064000,
    "operatingExpenses": 346064000,
    "costAndExpenses": 609520000,
    "interestIncome": 0,
    "interestExpense": 0,
    "depreciationAndAmortization": 0,
    "ebitda": 699136000,
    "ebitdaratio": 0.5342397085,
    "operatingIncome": 699136000,
    "operatingIncomeRatio": 0.5342397085,
    "totalOtherIncomeExpensesNet": 0,
    "incomeBeforeTax": 699136000,
    "incomeBeforeTaxRatio": 0.5342397085,
    "incomeTaxExpense": 333078000,
    "netIncome": 62299000,
    "netIncomeRatio": 0.0476053294,
    "eps": 0.37,
    "epsdiluted": 0.32,
    "weightedAverageShsOut": 170547945,
    "weightedAverageShsOutDil": 194531250,
    "link": "https://www.sec.gov/Archives/edgar/data/86312/000008631297000011/0000086312-97-000011-index.html",
    "finalLink": "https://www.sec.gov/Archives/edgar/data/86312/"
  },
  {
    "date": "1996-09-30",
    "symbol": "TRV",
    "reportedCurrency": "USD",
    "cik": "0000086312",
    "fillingDate": "1996-11-14",
    "acceptedDate": "1996-11-14 00:00:00",
    "calendarYear": "1996",
    "period": "Q3",
    "revenue": 1565600000,
    "costOfRevenue": 249700000,
    "grossProfit": 1315900000,
    "grossProfitRatio": 0.8405084313,
    "researchAndDevelopmentExpenses": 0,
    "generalAndAdministrativeExpenses": 0,
    "sellingAndMarketingExpenses": 0,
    "sellingGeneralAndAdministrativeExpenses": 0,
    "otherExpenses": 1452500000,
    "operatingExpenses": 1452500000,
    "costAndExpenses": 1702200000,
    "interestIncome": 0,
    "interestExpense": 0,
    "depreciationAndAmortization": 0,
    "ebitda": -136600000,
    "ebitdaratio": -0.0872508942,
    "operatingIncome": -136600000,
    "operatingIncomeRatio": -0.0872508942,
    "totalOtherIncomeExpensesNet": 0,
    "incomeBeforeTax": -136600000,
    "incomeBeforeTaxRatio": -0.0872508942,
    "incomeTaxExpense": -265500000,
    "netIncome": 128900000,
    "netIncomeRatio": 0.082332652,
    "eps": 0.62,
    "epsdiluted": 0.62,
    "weightedAverageShsOut": 207903226,
    "weightedAverageShsOutDil": 207903226,
    "link": "https://www.sec.gov/Archives/edgar/data/86312/000008631296000015/0000086312-96-000015-index.htm",
    "finalLink": "https://www.sec.gov/Archives/edgar/data/86312/0000086312-96-000015.txt"
  },
  {
    "date": "1996-06-30",
    "symbol": "TRV",
    "reportedCurrency": "USD",
    "cik": "0000086312",
    "fillingDate": "1996-08-13",
    "acceptedDate": "1996-08-13 00:00:00",
    "calendarYear": "1996",
    "period": "Q2",
    "revenue": 1364500000,
    "costOfRevenue": 231800000,
    "grossProfit": 1132700000,
    "grossProfitRatio": 0.8301209234,
    "researchAndDevelopmentExpenses": 0,
    "generalAndAdministrativeExpenses": 0,
    "sellingAndMarketingExpenses": 0,
    "sellingGeneralAndAdministrativeExpenses": 0,
    "otherExpenses": 959700000,
    "operatingExpenses": 959700000,
    "costAndExpenses": 1191500000,
    "interestIncome": 0,
    "interestExpense": 0,
    "depreciationAndAmortization": 8100000,
    "ebitda": 181100000,
    "ebitdaratio": 0.132722609,
    "operatingIncome": 173000000,
    "operatingIncomeRatio": 0.1267863686,
    "totalOtherIncomeExpensesNet": 0,
    "incomeBeforeTax": 173000000,
    "incomeBeforeTaxRatio": 0.1267863686,
    "incomeTaxExpense": 38400000,
    "netIncome": 130100000,
    "netIncomeRatio": 0.0953462807,
    "eps": 0.76,
    "epsdiluted": 0.76,
    "weightedAverageShsOut": 171184211,
    "weightedAverageShsOutDil": 171184211,
    "link": "https://www.sec.gov/Archives/edgar/data/86312/000008631296000011/0000086312-96-000011-index.htm",
    "finalLink": "https://www.sec.gov/Archives/edgar/data/86312/0000086312-96-000011.txt"
  },
  {
    "date": "1996-03-31",
    "symbol": "TRV",
    "reportedCurrency": "USD",
    "cik": "0000086312",
    "fillingDate": "1996-05-01",
    "acceptedDate": "1996-05-01 00:00:00",
    "calendarYear": "1996",
    "period": "Q1",
    "revenue": 1408700000,
    "costOfRevenue": 230500000,
    "grossProfit": 1178200000,
    "grossProfitRatio": 0.8363739618,
    "researchAndDevelopmentExpenses": 0,
    "generalAndAdministrativeExpenses": 0,
    "sellingAndMarketingExpenses": 0,
    "sellingGeneralAndAdministrativeExpenses": 0,
    "otherExpenses": 1014100000,
    "operatingExpenses": 1014100000,
    "costAndExpenses": 1244600000,
    "interestIncome": 0,
    "interestExpense": 0,
    "depreciationAndAmortization": 7900000,
    "ebitda": 172000000,
    "ebitdaratio": 0.1220983886,
    "operatingIncome": 164100000,
    "operatingIncomeRatio": 0.1164903812,
    "totalOtherIncomeExpensesNet": 0,
    "incomeBeforeTax": 164100000,
    "incomeBeforeTaxRatio": 0.1164903812,
    "incomeTaxExpense": 35300000,
    "netIncome": 128800000,
    "netIncomeRatio": 0.0914318166,
    "eps": 0.76,
    "epsdiluted": 0.72,
    "weightedAverageShsOut": 169473684,
    "weightedAverageShsOutDil": 178888889,
    "link": "https://www.sec.gov/Archives/edgar/data/86312/000008631296000006/0000086312-96-000006-index.htm",
    "finalLink": "https://www.sec.gov/Archives/edgar/data/86312/0000086312-96-000006.txt"
  },
  {
    "date": "1995-12-31",
    "symbol": "TRV",
    "reportedCurrency": "USD",
    "cik": "0000086312",
    "fillingDate": "1996-03-22",
    "acceptedDate": "1996-03-22 00:00:00",
    "calendarYear": "1995",
    "period": "Q4",
    "revenue": 1446530000,
    "costOfRevenue": 214179000,
    "grossProfit": 1232351000,
    "grossProfitRatio": 0.8519360124,
    "researchAndDevelopmentExpenses": 0,
    "generalAndAdministrativeExpenses": 0,
    "sellingAndMarketingExpenses": 0,
    "sellingGeneralAndAdministrativeExpenses": 0,
    "otherExpenses": 576118000,
    "operatingExpenses": 576118000,
    "costAndExpenses": 790297000,
    "interestIncome": 0,
    "interestExpense": 0,
    "depreciationAndAmortization": 7000000,
    "ebitda": 663233000,
    "ebitdaratio": 0.4584993052,
    "operatingIncome": 656233000,
    "operatingIncomeRatio": 0.4536601384,
    "totalOtherIncomeExpensesNet": 0,
    "incomeBeforeTax": 656233000,
    "incomeBeforeTaxRatio": 0.4536601384,
    "incomeTaxExpense": 31524000,
    "netIncome": 155209000,
    "netIncomeRatio": 0.1072974636,
    "eps": 0.92,
    "epsdiluted": 0.87,
    "weightedAverageShsOut": 169473684,
    "weightedAverageShsOutDil": 178888889,
    "link": "https://www.sec.gov/Archives/edgar/data/86312/000008631296000005/0000086312-96-000005-index.html",
    "finalLink": "https://www.sec.gov/Archives/edgar/data/86312/"
  },
  {
    "date": "1995-09-30",
    "symbol": "TRV",
    "reportedCurrency": "USD",
    "cik": "0000086312",
    "fillingDate": "1995-11-14",
    "acceptedDate": "1995-11-14 00:00:00",
    "calendarYear": "1995",
    "period": "Q3",
    "revenue": 1364900000,
    "costOfRevenue": 215900000,
    "grossProfit": 1149000000,
    "grossProfitRatio": 0.8418199135,
    "researchAndDevelopmentExpenses": 0,
    "generalAndAdministrativeExpenses": 0,
    "sellingAndMarketingExpenses": 0,
    "sellingGeneralAndAdministrativeExpenses": 0,
    "otherExpenses": 970900000,
    "operatingExpenses": 970900000,
    "costAndExpenses": 1186800000,
    "interestIncome": 0,
    "interestExpense": 0,
    "depreciationAndAmortization": 8200000,
    "ebitda": 186300000,
    "ebitdaratio": 0.136493516,
    "operatingIncome": 178100000,
    "operatingIncomeRatio": 0.1304857499,
    "totalOtherIncomeExpensesNet": 0,
    "incomeBeforeTax": 178100000,
    "incomeBeforeTaxRatio": 0.1304857499,
    "incomeTaxExpense": 35700000,
    "netIncome": 142400000,
    "netIncomeRatio": 0.1043299875,
    "eps": 0.82,
    "epsdiluted": 0.77,
    "weightedAverageShsOut": 170975610,
    "weightedAverageShsOutDil": 182077922,
    "link": "https://www.sec.gov/Archives/edgar/data/86312/000008631295000040/0000086312-95-000040-index.htm",
    "finalLink": "https://www.sec.gov/Archives/edgar/data/86312/0000086312-95-000040.txt"
  }
]