[
  {
    "date": "2024-12-31",
    "symbol": "TRV",
    "reportedCurrency": "USD",
    "cik": "0000086312",
    "fillingDate": "2025-02-13",
    "acceptedDate": "2025-02-13 06:48:49",
    "calendarYear": "2024",
    "period": "FY",
    "revenue": 46428000000,
    "costOfRevenue": 34032000000,
    "grossProfit": 12396000000,
    "grossProfitRatio": 0.2669940553,
    "researchAndDevelopmentExpenses": 0,
    "generalAndAdministrativeExpenses": 5819000000,
    "sellingAndMarketingExpenses": 0,
    "sellingGeneralAndAdministrativeExpenses": 5819000000,
    "otherExpenses": 5000000,
    "operatingExpenses": 5824000000,
    "costAndExpenses": 39856000000,
    "interestIncome": 0,
    "interestExpense": 392000000,
    "depreciationAndAmortization": 715000000,
    "ebitda": 7287000000,
    "ebitdaratio": 0.156952701,
    "operatingIncome": 6572000000,
    "operatingIncomeRatio": 0.1415525114,
    "totalOtherIncomeExpensesNet": -392000000,
    "incomeBeforeTax": 6180000000,
    "incomeBeforeTaxRatio": 0.1331093306,
    "incomeTaxExpense": 1181000000,
    "netIncome": 4999000000,
    "netIncomeRatio": 0.1076720944,
    "eps": 21.76,
    "epsdiluted": 21.47,
    "weightedAverageShsOut": 228000000,
    "weightedAverageShsOutDil": 231100000,
    "link": "https://www.sec.gov/Archives/edgar/data/86312/000008631225000012/0000086312-25-000012-index.htm",
    "finalLink": "https://www.sec.gov/Archives/edgar/data/86312/000008631225000012/trv-20241231.htm"
  },
  {
    "date": "2023-12-31",
    "symbol": "TRV",
    "reportedCurrency": "USD",
    "cik": "0000086312",
    "fillingDate": "2024-02-15",
    "acceptedDate": "2024-02-15 06:57:30",
    "calendarYear": "2023",
    "period": "FY",
    "revenue": 41373000000,
    "costOfRevenue": 32441000000,
    "grossProfit": 8932000000,
    "grossProfitRatio": 0.2158895898,
    "researchAndDevelopmentExpenses": 0,
    "generalAndAdministrativeExpenses": 5176000000,
    "sellingAndMarketingExpenses": 0,
    "sellingGeneralAndAdministrativeExpenses": 5176000000,
    "otherExpenses": 9000000,
    "operatingExpenses": 5185000000,
    "costAndExpenses": 37626000000,
    "interestIncome": 0,
    "interestExpense": 376000000,
    "depreciationAndAmortization": 722000000,
    "ebitda": 4469000000,
    "ebitdaratio": 0.108017306,
    "operatingIncome": 3747000000,
    "operatingIncomeRatio": 0.0905663114,
    "totalOtherIncomeExpensesNet": -376000000,
    "incomeBeforeTax": 3371000000,
    "incomeBeforeTaxRatio": 0.0814782588,
    "incomeTaxExpense": 380000000,
    "netIncome": 2991000000,
    "netIncomeRatio": 0.0722935248,
    "eps": 12.93,
    "epsdiluted": 12.79,
    "weightedAverageShsOut": 229700000,
    "weightedAverageShsOutDil": 232200000,
    "link": "https://www.sec.gov/Archives/edgar/data/86312/000008631224000012/0000086312-24-000012-index.htm",
    "finalLink": "https://www.sec.gov/Archives/edgar/data/86312/000008631224000012/trv-20231231.htm"
  },
  {
    "date": "2022-12-31",
    "symbol": "TRV",
    "reportedCurrency": "USD",
    "cik": "0000086312",
    "fillingDate": "2023-02-16",
    "acceptedDate": "2023-02-16 06:49:14",
    "calendarYear": "2022",
    "period": "FY",
    "revenue": 36896000000,
    "costOfRevenue": 28369000000,
    "grossProfit": 8527000000,
    "grossProfitRatio": 0.2311090633,
    "researchAndDevelopmentExpenses": 0,
    "generalAndAdministrativeExpenses": 4810000000,
    "sellingAndMarketingExpenses": 0,
    "sellingGeneralAndAdministrativeExpenses": 4810000000,
    "otherExpenses": 12000000,
    "operatingExpenses": 4822000000,
    "costAndExpenses": 33191000000,
    "interestIncome": 0,
    "interestExpense": 351000000,
    "depreciationAndAmortization": 826000000,
    "ebitda": 4531000000,
    "ebitdaratio": 0.1228046401,
    "operatingIncome": 3705000000,
    "operatingIncomeRatio": 0.1004173894,
    "totalOtherIncomeExpensesNet": -351000000,
    "incomeBeforeTax": 3354000000,
    "incomeBeforeTaxRatio": 0.0909041631,
    "incomeTaxExpense": 512000000,
    "netIncome": 2842000000,
    "netIncomeRatio": 0.07702732,
    "eps": 11.91,
    "epsdiluted": 11.77,
    "weightedAverageShsOut": 237000000,
    "weightedAverageShsOutDil": 239700000,
    "link": "https://www.sec.gov/Archives/edgar/data/86312/000008631223000011/0000086312-23-000011-index.htm",
    "finalLink": "https://www.sec.gov/Archives/edgar/data/86312/000008631223000011/trv-20221231.htm"
  },
  {
    "date": "2021-12-31",
    "symbol": "TRV",
    "reportedCurrency": "USD",
    "cik": "0000086312",
    "fillingDate": "2022-02-17",
    "acceptedDate": "2022-02-17 06:48:48",
    "calendarYear": "2021",
    "period": "FY",
    "revenue": 34816000000,
    "costOfRevenue": 25341000000,
    "grossProfit": 9475000000,
    "grossProfitRatio": 0.2721449908,
    "researchAndDevelopmentExpenses": 0,
    "generalAndAdministrativeExpenses": 4677000000,
    "sellingAndMarketingExpenses": 0,
    "sellingGeneralAndAdministrativeExpenses": 4677000000,
    "otherExpenses": 0,
    "operatingExpenses": 4677000000,
    "costAndExpenses": 30018000000,
    "interestIncome": 0,
    "interestExpense": 340000000,
    "depreciationAndAmortization": 870000000,
    "ebitda": 5668000000,
    "ebitdaratio": 0.1627987132,
    "operatingIncome": 4798000000,
    "operatingIncomeRatio": 0.1378102022,
    "totalOtherIncomeExpensesNet": -340000000,
    "incomeBeforeTax": 4458000000,
    "incomeBeforeTaxRatio": 0.1280445772,
    "incomeTaxExpense": 796000000,
    "netIncome": 3662000000,
    "netIncomeRatio": 0.1051815257,
    "eps": 14.63,
    "epsdiluted": 14.49,
    "weightedAverageShsOut": 248500000,
    "weightedAverageShsOutDil": 250800000,
    "link": "https://www.sec.gov/Archives/edgar/data/86312/000008631222000013/0000086312-22-000013-index.htm",
    "finalLink": "https://www.sec.gov/Archives/edgar/data/86312/000008631222000013/trv-20211231.htm"
  },
  {
    "date": "2020-12-31",
    "symbol": "TRV",
    "reportedCurrency": "USD",
    "cik": "0000086312",
    "fillingDate": "2021-02-11",
    "acceptedDate": "2021-02-11 06:49:05",
    "calendarYear": "2020",
    "period": "FY",
    "revenue": 31981000000,
    "costOfRevenue": 23896000000,
    "grossProfit": 8085000000,
    "grossProfitRatio": 0.2528063538,
    "researchAndDevelopmentExpenses": 0,
    "generalAndAdministrativeExpenses": 4509000000,
    "sellingAndMarketingExpenses": 0,
    "sellingGeneralAndAdministrativeExpenses": 4509000000,
    "otherExpenses": 0,
    "operatingExpenses": 4509000000,
    "costAndExpenses": 28405000000,
    "interestIncome": 0,
    "interestExpense": 339000000,
    "depreciationAndAmortization": 789000000,
    "ebitda": 4365000000,
    "ebitdaratio": 0.1364872893,
    "operatingIncome": 3576000000,
    "operatingIncomeRatio": 0.111816391,
    "totalOtherIncomeExpensesNet": -339000000,
    "incomeBeforeTax": 3237000000,
    "incomeBeforeTaxRatio": 0.1012163472,
    "incomeTaxExpense": 540000000,
    "netIncome": 2697000000,
    "netIncomeRatio": 0.0843313217,
    "eps": 10.56,
    "epsdiluted": 10.52,
    "weightedAverageShsOut": 253500000,
    "weightedAverageShsOutDil": 254600000,
    "link": "https://www.sec.gov/Archives/edgar/data/86312/000008631221000011/0000086312-21-000011-index.htm",
    "finalLink": "https://www.sec.gov/Archives/edgar/data/86312/000008631221000011/trv-20201231.htm"
  },
  {
    "date": "2019-12-31",
    "symbol": "TRV",
    "reportedCurrency": "USD",
    "cik": "0000086312",
    "fillingDate": "2020-02-13",
    "acceptedDate": "2020-02-13 06:52:02",
    "calendarYear": "2019",
    "period": "FY",
    "revenue": 31581000000,
    "costOfRevenue": 23734000000,
    "grossProfit": 7847000000,
    "grossProfitRatio": 0.2484721826,
    "researchAndDevelopmentExpenses": 0,
    "generalAndAdministrativeExpenses": 4365000000,
    "sellingAndMarketingExpenses": 0,
    "sellingGeneralAndAdministrativeExpenses": 4365000000,
    "otherExpenses": 0,
    "operatingExpenses": 4365000000,
    "costAndExpenses": 28099000000,
    "interestIncome": 0,
    "interestExpense": 344000000,
    "depreciationAndAmortization": 763000000,
    "ebitda": 4245000000,
    "ebitdaratio": 0.1344162629,
    "operatingIncome": 3482000000,
    "operatingIncomeRatio": 0.1102561667,
    "totalOtherIncomeExpensesNet": -344000000,
    "incomeBeforeTax": 3138000000,
    "incomeBeforeTaxRatio": 0.0993635414,
    "incomeTaxExpense": 516000000,
    "netIncome": 2622000000,
    "netIncomeRatio": 0.0830246034,
    "eps": 10.01,
    "epsdiluted": 9.92,
    "weightedAverageShsOut": 260000000,
    "weightedAverageShsOutDil": 262300000,
    "link": "https://www.sec.gov/Archives/edgar/data/86312/000008631220000011/0000086312-20-000011-index.htm",
    "finalLink": "https://www.sec.gov/Archives/edgar/data/86312/000008631220000011/trv-12312019x10k.htm"
  },
  {
    "date": "2018-12-31",
    "symbol": "TRV",
    "reportedCurrency": "USD",
    "cik": "0000086312",
    "fillingDate": "2019-02-14",
    "acceptedDate": "2019-02-14 08:46:39",
    "calendarYear": "2018",
    "period": "FY",
    "revenue": 30282000000,
    "costOfRevenue": 22672000000,
    "grossProfit": 7610000000,
    "grossProfitRatio": 0.2513044053,
    "researchAndDevelopmentExpenses": 0,
    "generalAndAdministrativeExpenses": 4297000000,
    "sellingAndMarketingExpenses": 0,
    "sellingGeneralAndAdministrativeExpenses": 4297000000,
    "otherExpenses": 0,
    "operatingExpenses": 4297000000,
    "costAndExpenses": 26969000000,
    "interestIncome": 0,
    "interestExpense": 352000000,
    "depreciationAndAmortization": 803000000,
    "ebitda": 4116000000,
    "ebitdaratio": 0.1359223301,
    "operatingIncome": 3313000000,
    "operatingIncomeRatio": 0.109404927,
    "totalOtherIncomeExpensesNet": -352000000,
    "incomeBeforeTax": 2961000000,
    "incomeBeforeTaxRatio": 0.0977808599,
    "incomeTaxExpense": 438000000,
    "netIncome": 2523000000,
    "netIncomeRatio": 0.0833168219,
    "eps": 9.44,
    "epsdiluted": 9.35,
    "weightedAverageShsOut": 267400000,
    "weightedAverageShsOutDil": 269800000,
    "link": "https://www.sec.gov/Archives/edgar/data/86312/000008631219000009/0000086312-19-000009-index.htm",
    "finalLink": "https://www.sec.gov/Archives/edgar/data/86312/000008631219000009/trv-12312018x10k.htm"
  },
  {
    "date": "2017-12-31",
    "symbol": "TRV",
    "reportedCurrency": "USD",
    "cik": "0000086312",
    "fillingDate": "2018-02-15",
    "acceptedDate": "2018-02-15 07:04:51",
    "calendarYear": "2017",
    "period": "FY",
    "revenue": 28902000000,
    "costOfRevenue": 21633000000,
    "grossProfit": 7269000000,
    "grossProfitRatio": 0.2515050862,
    "researchAndDevelopmentExpenses": 0,
    "generalAndAdministrativeExpenses": 4170000000,
    "sellingAndMarketingExpenses": 0,
    "sellingGeneralAndAdministrativeExpenses": 4170000000,
    "otherExpenses": 0,
    "operatingExpenses": 4170000000,
    "costAndExpenses": 25803000000,
    "interestIncome": 0,
    "interestExpense": 369000000,
    "depreciationAndAmortization": 813000000,
    "ebitda": 3912000000,
    "ebitdaratio": 0.1353539547,
    "operatingIncome": 3099000000,
    "operatingIncomeRatio": 0.1072244135,
    "totalOtherIncomeExpensesNet": -369000000,
    "incomeBeforeTax": 2730000000,
    "incomeBeforeTaxRatio": 0.094457131,
    "incomeTaxExpense": 674000000,
    "netIncome": 2056000000,
    "netIncomeRatio": 0.0711369455,
    "eps": 7.39,
    "epsdiluted": 7.33,
    "weightedAverageShsOut": 276000000,
    "weightedAverageShsOutDil": 278600000,
    "link": "https://www.sec.gov/Archives/edgar/data/86312/000104746918000812/0001047469-18-000812-index.htm",
    "finalLink": "https://www.sec.gov/Archives/edgar/data/86312/000104746918000812/a2234469z10-k.htm"
  },
  {
    "date": "2016-12-31",
    "symbol": "TRV",
    "reportedCurrency": "USD",
    "cik": "0000086312",
    "fillingDate": "2017-02-16",
    "acceptedDate": "2017-02-16 07:07:39",
    "calendarYear": "2016",
    "period": "FY",
    "revenue": 27625000000,
    "costOfRevenue": 19055000000,
    "grossProfit": 8570000000,
    "grossProfitRatio": 0.3102262443,
    "researchAndDevelopmentExpenses": 0,
    "generalAndAdministrativeExpenses": 4154000000,
    "sellingAndMarketingExpenses": 0,
    "sellingGeneralAndAdministrativeExpenses": 4154000000,
    "otherExpenses": 0,
    "operatingExpenses": 4154000000,
    "costAndExpenses": 23209000000,
    "interestIncome": 0,
    "interestExpense": 363000000,
    "depreciationAndAmortization": 826000000,
    "ebitda": 5242000000,
    "ebitdaratio": 0.1897556561,
    "operatingIncome": 4416000000,
    "operatingIncomeRatio": 0.1598552036,
    "totalOtherIncomeExpensesNet": -363000000,
    "incomeBeforeTax": 4053000000,
    "incomeBeforeTaxRatio": 0.1467149321,
    "incomeTaxExpense": 1039000000,
    "netIncome": 3014000000,
    "netIncomeRatio": 0.1091040724,
    "eps": 10.39,
    "epsdiluted": 10.28,
    "weightedAverageShsOut": 288100000,
    "weightedAverageShsOutDil": 291000000,
    "link": "https://www.sec.gov/Archives/edgar/data/86312/000104746917000695/0001047469-17-000695-index.htm",
    "finalLink": "https://www.sec.gov/Archives/edgar/data/86312/000104746917000695/a2230860z10-k.htm"
  },
  {
    "date": "2015-12-31",
    "symbol": "TRV",
    "reportedCurrency": "USD",
    "cik": "0000086312",
    "fillingDate": "2016-02-11",
    "acceptedDate": "2016-02-11 07:00:41",
    "calendarYear": "2015",
    "period": "FY",
    "revenue": 26815000000,
    "costOfRevenue": 17608000000,
    "grossProfit": 9207000000,
    "grossProfitRatio": 0.3433526012,
    "researchAndDevelopmentExpenses": 0,
    "generalAndAdministrativeExpenses": 4094000000,
    "sellingAndMarketingExpenses": 0,
    "sellingGeneralAndAdministrativeExpenses": 4079000000,
    "otherExpenses": 15000000,
    "operatingExpenses": 4094000000,
    "costAndExpenses": 21702000000,
    "interestIncome": 0,
    "interestExpense": 373000000,
    "depreciationAndAmortization": 818000000,
    "ebitda": 5931000000,
    "ebitdaratio": 0.2211821742,
    "operatingIncome": 5113000000,
    "operatingIncomeRatio": 0.19067686,
    "totalOtherIncomeExpensesNet": -373000000,
    "incomeBeforeTax": 4740000000,
    "incomeBeforeTaxRatio": 0.176766735,
    "incomeTaxExpense": 1301000000,
    "netIncome": 3439000000,
    "netIncomeRatio": 0.1282491143,
    "eps": 10.99,
    "epsdiluted": 10.88,
    "weightedAverageShsOut": 310600000,
    "weightedAverageShsOutDil": 313900000,
    "link": "https://www.sec.gov/Archives/edgar/data/86312/000104746916010107/0001047469-16-010107-index.htm",
    "finalLink": "https://www.sec.gov/Archives/edgar/data/86312/000104746916010107/a2227255z10-k.htm"
  },
  {
    "date": "2014-12-31",
    "symbol": "TRV",
    "reportedCurrency": "USD",
    "cik": "0000086312",
    "fillingDate": "2015-02-12",
    "acceptedDate": "2015-02-12 07:04:17",
    "calendarYear": "2014",
    "period": "FY",
    "revenue": 27174000000,
    "costOfRevenue": 17752000000,
    "grossProfit": 9422000000,
    "grossProfitRatio": 0.3467284905,
    "researchAndDevelopmentExpenses": 0,
    "generalAndAdministrativeExpenses": 3964000000,
    "sellingAndMarketingExpenses": 0,
    "sellingGeneralAndAdministrativeExpenses": 3952000000,
    "otherExpenses": 12000000,
    "operatingExpenses": 3964000000,
    "costAndExpenses": 21716000000,
    "interestIncome": 0,
    "interestExpense": 369000000,
    "depreciationAndAmortization": 864000000,
    "ebitda": 6322000000,
    "ebitdaratio": 0.2326488555,
    "operatingIncome": 5458000000,
    "operatingIncomeRatio": 0.2008537573,
    "totalOtherIncomeExpensesNet": -369000000,
    "incomeBeforeTax": 5089000000,
    "incomeBeforeTaxRatio": 0.1872746007,
    "incomeTaxExpense": 1397000000,
    "netIncome": 3692000000,
    "netIncomeRatio": 0.1358651652,
    "eps": 10.82,
    "epsdiluted": 10.7,
    "weightedAverageShsOut": 338800000,
    "weightedAverageShsOutDil": 342500000,
    "link": "https://www.sec.gov/Archives/edgar/data/86312/000104746915000743/0001047469-15-000743-index.htm",
    "finalLink": "https://www.sec.gov/Archives/edgar/data/86312/000104746915000743/a2222930z10-k.htm"
  },
  {
    "date": "2013-12-31",
    "symbol": "TRV",
    "reportedCurrency": "USD",
    "cik": "0000086312",
    "fillingDate": "2014-02-13",
    "acceptedDate": "2014-02-13 07:11:29",
    "calendarYear": "2013",
    "period": "FY",
    "revenue": 26191000000,
    "costOfRevenue": 17128000000,
    "grossProfit": 9063000000,
    "grossProfitRatio": 0.3460348975,
    "researchAndDevelopmentExpenses": 0,
    "generalAndAdministrativeExpenses": 3757000000,
    "sellingAndMarketingExpenses": 0,
    "sellingGeneralAndAdministrativeExpenses": 3757000000,
    "otherExpenses": 0,
    "operatingExpenses": 3757000000,
    "costAndExpenses": 20885000000,
    "interestIncome": 0,
    "interestExpense": 361000000,
    "depreciationAndAmortization": 867000000,
    "ebitda": 6173000000,
    "ebitdaratio": 0.2356916498,
    "operatingIncome": 5306000000,
    "operatingIncomeRatio": 0.2025886755,
    "totalOtherIncomeExpensesNet": -361000000,
    "incomeBeforeTax": 4945000000,
    "incomeBeforeTaxRatio": 0.1888053148,
    "incomeTaxExpense": 1272000000,
    "netIncome": 3673000000,
    "netIncomeRatio": 0.1402390134,
    "eps": 9.84,
    "epsdiluted": 9.74,
    "weightedAverageShsOut": 370300000,
    "weightedAverageShsOutDil": 374300000,
    "link": "https://www.sec.gov/Archives/edgar/data/86312/000104746914000854/0001047469-14-000854-index.htm",
    "finalLink": "https://www.sec.gov/Archives/edgar/data/86312/000104746914000854/a2218113z10-k.htm"
  },
  {
    "date": "2012-12-31",
    "symbol": "TRV",
    "reportedCurrency": "USD",
    "cik": "0000086312",
    "fillingDate": "2013-03-01",
    "acceptedDate": "2013-03-01 07:10:59",
    "calendarYear": "2012",
    "period": "FY",
    "revenue": 25740000000,
    "costOfRevenue": 18586000000,
    "grossProfit": 7154000000,
    "grossProfitRatio": 0.2779331779,
    "researchAndDevelopmentExpenses": 0,
    "generalAndAdministrativeExpenses": 3610000000,
    "sellingAndMarketingExpenses": 0,
    "sellingGeneralAndAdministrativeExpenses": 3610000000,
    "otherExpenses": 0,
    "operatingExpenses": 3610000000,
    "costAndExpenses": 22196000000,
    "interestIncome": 0,
    "interestExpense": 378000000,
    "depreciationAndAmortization": 827000000,
    "ebitda": 4371000000,
    "ebitdaratio": 0.1698135198,
    "operatingIncome": 3544000000,
    "operatingIncomeRatio": 0.1376845377,
    "totalOtherIncomeExpensesNet": -378000000,
    "incomeBeforeTax": 3166000000,
    "incomeBeforeTaxRatio": 0.122999223,
    "incomeTaxExpense": 693000000,
    "netIncome": 2473000000,
    "netIncomeRatio": 0.0960761461,
    "eps": 6.35,
    "epsdiluted": 6.3,
    "weightedAverageShsOut": 386200000,
    "weightedAverageShsOutDil": 389800000,
    "link": "https://www.sec.gov/Archives/edgar/data/86312/000104746913001997/0001047469-13-001997-index.htm",
    "finalLink": "https://www.sec.gov/Archives/edgar/data/86312/000104746913001997/a2213309z10-ka.htm"
  },
  {
    "date": "2011-12-31",
    "symbol": "TRV",
    "reportedCurrency": "USD",
    "cik": "0000086312",
    "fillingDate": "2012-02-16",
    "acceptedDate": "2012-02-16 06:20:24",
    "calendarYear": "2011",
    "period": "FY",
    "revenue": 25446000000,
    "costOfRevenue": 20152000000,
    "grossProfit": 5294000000,
    "grossProfitRatio": 0.2080484163,
    "researchAndDevelopmentExpenses": 0,
    "generalAndAdministrativeExpenses": 3556000000,
    "sellingAndMarketingExpenses": 0,
    "sellingGeneralAndAdministrativeExpenses": 3556000000,
    "otherExpenses": 0,
    "operatingExpenses": 3556000000,
    "costAndExpenses": 23708000000,
    "interestIncome": 0,
    "interestExpense": 386000000,
    "depreciationAndAmortization": 802000000,
    "ebitda": 2540000000,
    "ebitdaratio": 0.099819225,
    "operatingIncome": 1738000000,
    "operatingIncomeRatio": 0.0683015012,
    "totalOtherIncomeExpensesNet": -386000000,
    "incomeBeforeTax": 1352000000,
    "incomeBeforeTaxRatio": 0.0531321229,
    "incomeTaxExpense": -74000000,
    "netIncome": 1426000000,
    "netIncomeRatio": 0.0560402421,
    "eps": 3.4,
    "epsdiluted": 3.36,
    "weightedAverageShsOut": 415800000,
    "weightedAverageShsOutDil": 420500000,
    "link": "https://www.sec.gov/Archives/edgar/data/86312/000104746912001096/0001047469-12-001096-index.htm",
    "finalLink": "https://www.sec.gov/Archives/edgar/data/86312/000104746912001096/a2207136z10-k.htm"
  },
  {
    "date": "2010-12-31",
    "symbol": "TRV",
    "reportedCurrency": "USD",
    "cik": "0000086312",
    "fillingDate": "2011-02-17",
    "acceptedDate": "2011-02-17 06:47:39",
    "calendarYear": "2010",
    "period": "FY",
    "revenue": 25112000000,
    "costOfRevenue": 17012000000,
    "grossProfit": 8100000000,
    "grossProfitRatio": 0.3225549538,
    "researchAndDevelopmentExpenses": 0,
    "generalAndAdministrativeExpenses": 3406000000,
    "sellingAndMarketingExpenses": 0,
    "sellingGeneralAndAdministrativeExpenses": 3406000000,
    "otherExpenses": 0,
    "operatingExpenses": 3406000000,
    "costAndExpenses": 20418000000,
    "interestIncome": 0,
    "interestExpense": 388000000,
    "depreciationAndAmortization": 812000000,
    "ebitda": 5506000000,
    "ebitdaratio": 0.2192577254,
    "operatingIncome": 4694000000,
    "operatingIncomeRatio": 0.1869225868,
    "totalOtherIncomeExpensesNet": -388000000,
    "incomeBeforeTax": 4306000000,
    "incomeBeforeTaxRatio": 0.1714718063,
    "incomeTaxExpense": 1090000000,
    "netIncome": 3216000000,
    "netIncomeRatio": 0.1280662631,
    "eps": 6.69,
    "epsdiluted": 6.62,
    "weightedAverageShsOut": 476500000,
    "weightedAverageShsOutDil": 482500000,
    "link": "https://www.sec.gov/Archives/edgar/data/86312/000104746911001001/0001047469-11-001001-index.htm",
    "finalLink": "https://www.sec.gov/Archives/edgar/data/86312/000104746911001001/a2201945z10-k.htm"
  },
  {
    "date": "2009-12-31",
    "symbol": "TRV",
    "reportedCurrency": "USD",
    "cik": "0000086312",
    "fillingDate": "2010-02-18",
    "acceptedDate": "2010-02-18 06:26:00",
    "calendarYear": "2009",
    "period": "FY",
    "revenue": 24680000000,
    "costOfRevenue": 16221000000,
    "grossProfit": 8459000000,
    "grossProfitRatio": 0.3427471637,
    "researchAndDevelopmentExpenses": 0,
    "generalAndAdministrativeExpenses": 0,
    "sellingAndMarketingExpenses": 0,
    "sellingGeneralAndAdministrativeExpenses": 3366000000,
    "otherExpenses": 0,
    "operatingExpenses": 3366000000,
    "costAndExpenses": 19587000000,
    "interestIncome": 0,
    "interestExpense": 382000000,
    "depreciationAndAmortization": 797000000,
    "ebitda": 5890000000,
    "ebitdaratio": 0.2386547812,
    "operatingIncome": 5093000000,
    "operatingIncomeRatio": 0.2063614263,
    "totalOtherIncomeExpensesNet": -382000000,
    "incomeBeforeTax": 4711000000,
    "incomeBeforeTaxRatio": 0.1908833063,
    "incomeTaxExpense": 1089000000,
    "netIncome": 3622000000,
    "netIncomeRatio": 0.1467585089,
    "eps": 6.38,
    "epsdiluted": 6.33,
    "weightedAverageShsOut": 572800000,
    "weightedAverageShsOutDil": 577500000,
    "link": "https://www.sec.gov/Archives/edgar/data/86312/000104746910000972/0001047469-10-000972-index.htm",
    "finalLink": "https://www.sec.gov/Archives/edgar/data/86312/000104746910000972/a2196528z10-k.htm"
  },
  {
    "date": "2008-12-31",
    "symbol": "TRV",
    "reportedCurrency": "USD",
    "cik": "0000086312",
    "fillingDate": "2009-02-19",
    "acceptedDate": "2009-02-19 15:09:19",
    "calendarYear": "2008",
    "period": "FY",
    "revenue": 24477000000,
    "costOfRevenue": 16873000000,
    "grossProfit": 7604000000,
    "grossProfitRatio": 0.310658986,
    "researchAndDevelopmentExpenses": 0,
    "generalAndAdministrativeExpenses": 0,
    "sellingAndMarketingExpenses": 0,
    "sellingGeneralAndAdministrativeExpenses": 3518000000,
    "otherExpenses": 0,
    "operatingExpenses": 3518000000,
    "costAndExpenses": 20391000000,
    "interestIncome": 0,
    "interestExpense": 370000000,
    "depreciationAndAmortization": 821000000,
    "ebitda": 4907000000,
    "ebitdaratio": 0.2004739143,
    "operatingIncome": 4086000000,
    "operatingIncomeRatio": 0.1669322221,
    "totalOtherIncomeExpensesNet": -370000000,
    "incomeBeforeTax": 3716000000,
    "incomeBeforeTaxRatio": 0.1518159905,
    "incomeTaxExpense": 792000000,
    "netIncome": 2924000000,
    "netIncomeRatio": 0.119459084,
    "eps": 4.87,
    "epsdiluted": 4.81,
    "weightedAverageShsOut": 595900000,
    "weightedAverageShsOutDil": 604300000,
    "link": "https://www.sec.gov/Archives/edgar/data/86312/000104746909001591/0001047469-09-001591-index.htm",
    "finalLink": "https://www.sec.gov/Archives/edgar/data/86312/000104746909001591/a2190694z10-k.htm"
  },
  {
    "date": "2007-12-31",
    "symbol": "TRV",
    "reportedCurrency": "USD",
    "cik": "0000086312",
    "fillingDate": "2008-02-21",
    "acceptedDate": "2008-02-21 17:26:26",
    "calendarYear": "2007",
    "period": "FY",
    "revenue": 26017000000,
    "costOfRevenue": 16103000000,
    "grossProfit": 9914000000,
    "grossProfitRatio": 0.3810585386,
    "researchAndDevelopmentExpenses": 0,
    "generalAndAdministrativeExpenses": 0,
    "sellingAndMarketingExpenses": 0,
    "sellingGeneralAndAdministrativeExpenses": 3352000000,
    "otherExpenses": 0,
    "operatingExpenses": 3352000000,
    "costAndExpenses": 19455000000,
    "interestIncome": 0,
    "interestExpense": 346000000,
    "depreciationAndAmortization": 811000000,
    "ebitda": 7373000000,
    "ebitdaratio": 0.2833916286,
    "operatingIncome": 6562000000,
    "operatingIncomeRatio": 0.2522197025,
    "totalOtherIncomeExpensesNet": -346000000,
    "incomeBeforeTax": 6216000000,
    "incomeBeforeTaxRatio": 0.2389207057,
    "incomeTaxExpense": 1615000000,
    "netIncome": 4601000000,
    "netIncomeRatio": 0.1768459084,
    "eps": 7,
    "epsdiluted": 6.85,
    "weightedAverageShsOut": 652000000,
    "weightedAverageShsOutDil": 668600000,
    "link": "https://www.sec.gov/Archives/edgar/data/86312/000104746908001551/0001047469-08-001551-index.htm",
    "finalLink": "https://www.sec.gov/Archives/edgar/data/86312/000104746908001551/a2182807z10-k.htm"
  },
  {
    "date": "2006-12-31",
    "symbol": "TRV",
    "reportedCurrency": "USD",
    "cik": "0000086312",
    "fillingDate": "2007-02-23",
    "acceptedDate": "2007-02-23 16:53:04",
    "calendarYear": "2006",
    "period": "FY",
    "revenue": 25090000000,
    "costOfRevenue": 15583000000,
    "grossProfit": 9507000000,
    "grossProfitRatio": 0.3789159028,
    "researchAndDevelopmentExpenses": 0,
    "generalAndAdministrativeExpenses": 0,
    "sellingAndMarketingExpenses": 0,
    "sellingGeneralAndAdministrativeExpenses": 3458000000,
    "otherExpenses": 0,
    "operatingExpenses": 3458000000,
    "costAndExpenses": 19041000000,
    "interestIncome": 0,
    "interestExpense": 324000000,
    "depreciationAndAmortization": 808000000,
    "ebitda": 6857000000,
    "ebitdaratio": 0.2732961339,
    "operatingIncome": 6049000000,
    "operatingIncomeRatio": 0.2410920686,
    "totalOtherIncomeExpensesNet": -324000000,
    "incomeBeforeTax": 5725000000,
    "incomeBeforeTaxRatio": 0.2281785572,
    "incomeTaxExpense": 1517000000,
    "netIncome": 4208000000,
    "netIncomeRatio": 0.1677162216,
    "eps": 6.12,
    "epsdiluted": 5.91,
    "weightedAverageShsOut": 687100000,
    "weightedAverageShsOutDil": 716700000,
    "link": "https://www.sec.gov/Archives/edgar/data/86312/000110465907013516/0001104659-07-013516-index.htm",
    "finalLink": "https://www.sec.gov/Archives/edgar/data/86312/000110465907013516/a07-4921_110k.htm"
  },
  {
    "date": "2005-12-31",
    "symbol": "TRV",
    "reportedCurrency": "USD",
    "cik": "0000086312",
    "fillingDate": "2006-02-27",
    "acceptedDate": "2006-02-27 17:38:31",
    "calendarYear": "2005",
    "period": "FY",
    "revenue": 24365000000,
    "costOfRevenue": 18179000000,
    "grossProfit": 6186000000,
    "grossProfitRatio": 0.2538887749,
    "researchAndDevelopmentExpenses": 0,
    "generalAndAdministrativeExpenses": 0,
    "sellingAndMarketingExpenses": 0,
    "sellingGeneralAndAdministrativeExpenses": 3229000000,
    "otherExpenses": 0,
    "operatingExpenses": 3229000000,
    "costAndExpenses": 21408000000,
    "interestIncome": 0,
    "interestExpense": 286000000,
    "depreciationAndAmortization": 691000000,
    "ebitda": 3648000000,
    "ebitdaratio": 0.1497229633,
    "operatingIncome": 2957000000,
    "operatingIncomeRatio": 0.1213626103,
    "totalOtherIncomeExpensesNet": -286000000,
    "incomeBeforeTax": 2671000000,
    "incomeBeforeTaxRatio": 0.1096244613,
    "incomeTaxExpense": 610000000,
    "netIncome": 1622000000,
    "netIncomeRatio": 0.0665709009,
    "eps": 2.39,
    "epsdiluted": 2.33,
    "weightedAverageShsOut": 676300000,
    "weightedAverageShsOutDil": 712800000,
    "link": "https://www.sec.gov/Archives/edgar/data/86312/000110465906012299/0001104659-06-012299-index.htm",
    "finalLink": "https://www.sec.gov/Archives/edgar/data/86312/000110465906012299/a06-2768_110k.htm"
  },
  {
    "date": "2004-12-31",
    "symbol": "TRV",
    "reportedCurrency": "USD",
    "cik": "0000086312",
    "fillingDate": "2005-03-16",
    "acceptedDate": "2005-03-16 15:59:25",
    "calendarYear": "2004",
    "period": "FY",
    "revenue": 22544000000,
    "costOfRevenue": 18417000000,
    "grossProfit": 4127000000,
    "grossProfitRatio": 0.18306423,
    "researchAndDevelopmentExpenses": 0,
    "generalAndAdministrativeExpenses": 0,
    "sellingAndMarketingExpenses": 0,
    "sellingGeneralAndAdministrativeExpenses": 3145000000,
    "otherExpenses": -200000000,
    "operatingExpenses": 2945000000,
    "costAndExpenses": 21362000000,
    "interestIncome": 0,
    "interestExpense": 244000000,
    "depreciationAndAmortization": 522000000,
    "ebitda": 1704000000,
    "ebitdaratio": 0.0755855216,
    "operatingIncome": 1182000000,
    "operatingIncomeRatio": 0.052430802,
    "totalOtherIncomeExpensesNet": -236000000,
    "incomeBeforeTax": 946000000,
    "incomeBeforeTaxRatio": 0.0419623847,
    "incomeTaxExpense": 138000000,
    "netIncome": 955000000,
    "netIncomeRatio": 0.042361604,
    "eps": 1.56,
    "epsdiluted": 1.53,
    "weightedAverageShsOut": 608300000,
    "weightedAverageShsOutDil": 628300000,
    "link": "https://www.sec.gov/Archives/edgar/data/86312/000119312505052696/0001193125-05-052696-index.htm",
    "finalLink": "https://www.sec.gov/Archives/edgar/data/86312/000119312505052696/d10k.htm"
  },
  {
    "date": "2003-12-31",
    "symbol": "TRV",
    "reportedCurrency": "USD",
    "cik": "0000086312",
    "fillingDate": "2004-03-03",
    "acceptedDate": "2004-03-03 11:34:49",
    "calendarYear": "2003",
    "period": "FY",
    "revenue": 15139000000,
    "costOfRevenue": 11102000000,
    "grossProfit": 4037000000,
    "grossProfitRatio": 0.266662263,
    "researchAndDevelopmentExpenses": 0,
    "generalAndAdministrativeExpenses": 0,
    "sellingAndMarketingExpenses": 0,
    "sellingGeneralAndAdministrativeExpenses": 1266000000,
    "otherExpenses": 375000000,
    "operatingExpenses": 1641000000,
    "costAndExpenses": 12743000000,
    "interestIncome": 0,
    "interestExpense": 167000000,
    "depreciationAndAmortization": 85000000,
    "ebitda": 2481000000,
    "ebitdaratio": 0.163881366,
    "operatingIncome": 2396000000,
    "operatingIncomeRatio": 0.1582667283,
    "totalOtherIncomeExpensesNet": -167000000,
    "incomeBeforeTax": 2229000000,
    "incomeBeforeTaxRatio": 0.1472356166,
    "incomeTaxExpense": 137000000,
    "netIncome": 661000000,
    "netIncomeRatio": 0.0436620649,
    "eps": 3.91,
    "epsdiluted": 3.8,
    "weightedAverageShsOut": 434300000,
    "weightedAverageShsOutDil": 453300000,
    "link": "https://www.sec.gov/Archives/edgar/data/86312/000110465904006321/0001104659-04-006321-index.htm",
    "finalLink": "https://www.sec.gov/Archives/edgar/data/86312/000110465904006321/a04-2923_210k.htm"
  },
  {
    "date": "2002-12-31",
    "symbol": "TRV",
    "reportedCurrency": "USD",
    "cik": "0000086312",
    "fillingDate": "2003-03-20",
    "acceptedDate": "2003-03-20 16:17:19",
    "calendarYear": "2002",
    "period": "FY",
    "revenue": 14270000000,
    "costOfRevenue": 12949000000,
    "grossProfit": 1321000000,
    "grossProfitRatio": 0.092571829,
    "researchAndDevelopmentExpenses": 0,
    "generalAndAdministrativeExpenses": 0,
    "sellingAndMarketingExpenses": 0,
    "sellingGeneralAndAdministrativeExpenses": 1184000000,
    "otherExpenses": 240000000,
    "operatingExpenses": 1424000000,
    "costAndExpenses": 14373000000,
    "interestIncome": 0,
    "interestExpense": 157000000,
    "depreciationAndAmortization": 42000000,
    "ebitda": -61000000,
    "ebitdaratio": -0.0042747022,
    "operatingIncome": -103000000,
    "operatingIncomeRatio": -0.0072179397,
    "totalOtherIncomeExpensesNet": -157000000,
    "incomeBeforeTax": -260000000,
    "incomeBeforeTaxRatio": -0.018220042,
    "incomeTaxExpense": -73000000,
    "netIncome": 218000000,
    "netIncomeRatio": 0.0152768045,
    "eps": 0.97,
    "epsdiluted": 0.93,
    "weightedAverageShsOut": 224000000,
    "weightedAverageShsOutDil": 233500000,
    "link": "https://www.sec.gov/Archives/edgar/data/86312/000110465903004639/0001104659-03-004639-index.htm",
    "finalLink": "https://www.sec.gov/Archives/edgar/data/86312/000110465903004639/j8640_10k.htm"
  },
  {
    "date": "2001-12-31",
    "symbol": "TRV",
    "reportedCurrency": "USD",
    "cik": "0000086312",
    "fillingDate": "2002-03-29",
    "acceptedDate": "2002-03-29 00:00:00",
    "calendarYear": "2001",
    "period": "FY",
    "revenue": 9032000000,
    "costOfRevenue": 9181000000,
    "grossProfit": -149000000,
    "grossProfitRatio": -0.0164968999,
    "researchAndDevelopmentExpenses": 0,
    "generalAndAdministrativeExpenses": 0,
    "sellingAndMarketingExpenses": 0,
    "sellingGeneralAndAdministrativeExpenses": 1306000000,
    "otherExpenses": -24000000,
    "operatingExpenses": 1282000000,
    "costAndExpenses": 10463000000,
    "interestIncome": 0,
    "interestExpense": 0,
    "depreciationAndAmortization": 180000000,
    "ebitda": -1251000000,
    "ebitdaratio": -0.1385075288,
    "operatingIncome": -1431000000,
    "operatingIncomeRatio": -0.1584366696,
    "totalOtherIncomeExpensesNet": 0,
    "incomeBeforeTax": -1431000000,
    "incomeBeforeTaxRatio": -0.1584366696,
    "incomeTaxExpense": -422000000,
    "netIncome": -1088000000,
    "netIncomeRatio": -0.1204605846,
    "eps": -5.13,
    "epsdiluted": -5.13,
    "weightedAverageShsOut": 212000000,
    "weightedAverageShsOutDil": 212000000,
    "link": "https://www.sec.gov/Archives/edgar/data/86312/000091205702012514/0000912057-02-012514-index.htm",
    "finalLink": "https://www.sec.gov/Archives/edgar/data/86312/000091205702012514/a2074478z10-k405.htm"
  },
  {
    "date": "2000-12-31",
    "symbol": "TRV",
    "reportedCurrency": "USD",
    "cik": "0000086312",
    "fillingDate": "2001-03-28",
    "acceptedDate": "2001-03-28 00:00:00",
    "calendarYear": "2000",
    "period": "FY",
    "revenue": 7946000000,
    "costOfRevenue": 5309000000,
    "grossProfit": 2637000000,
    "grossProfitRatio": 0.3318650894,
    "researchAndDevelopmentExpenses": 0,
    "generalAndAdministrativeExpenses": 0,
    "sellingAndMarketingExpenses": 0,
    "sellingGeneralAndAdministrativeExpenses": 1306000000,
    "otherExpenses": -70000000,
    "operatingExpenses": 1236000000,
    "costAndExpenses": 6545000000,
    "interestIncome": 0,
    "interestExpense": 0,
    "depreciationAndAmortization": 105000000,
    "ebitda": 1506000000,
    "ebitdaratio": 0.1895293229,
    "operatingIncome": 1401000000,
    "operatingIncomeRatio": 0.1763151271,
    "totalOtherIncomeExpensesNet": 0,
    "incomeBeforeTax": 1401000000,
    "incomeBeforeTaxRatio": 0.1763151271,
    "incomeTaxExpense": 440000000,
    "netIncome": 993000000,
    "netIncomeRatio": 0.1249685376,
    "eps": 4.5,
    "epsdiluted": 4.24,
    "weightedAverageShsOut": 217000000,
    "weightedAverageShsOutDil": 233000000,
    "link": "https://www.sec.gov/Archives/edgar/data/86312/000008631201000004/0000086312-01-000004-index.htm",
    "finalLink": "https://www.sec.gov/Archives/edgar/data/86312/000008631201000004/0000086312-01-000004-0001.txt"
  },
  {
    "date": "1999-12-31",
    "symbol": "TRV",
    "reportedCurrency": "USD",
    "cik": "0000086312",
    "fillingDate": "2000-03-30",
    "acceptedDate": "2000-03-30 00:00:00",
    "calendarYear": "1999",
    "period": "FY",
    "revenue": 7149000000,
    "costOfRevenue": 5041000000,
    "grossProfit": 2108000000,
    "grossProfitRatio": 0.2948664149,
    "researchAndDevelopmentExpenses": 0,
    "generalAndAdministrativeExpenses": 0,
    "sellingAndMarketingExpenses": 0,
    "sellingGeneralAndAdministrativeExpenses": 1140000000,
    "otherExpenses": 17000000,
    "operatingExpenses": 1157000000,
    "costAndExpenses": 6198000000,
    "interestIncome": 0,
    "interestExpense": 0,
    "depreciationAndAmortization": 118000000,
    "ebitda": 1069000000,
    "ebitdaratio": 0.149531403,
    "operatingIncome": 951000000,
    "operatingIncomeRatio": 0.133025598,
    "totalOtherIncomeExpensesNet": 0,
    "incomeBeforeTax": 951000000,
    "incomeBeforeTaxRatio": 0.133025598,
    "incomeTaxExpense": 238000000,
    "netIncome": 834000000,
    "netIncomeRatio": 0.1166596727,
    "eps": 3.61,
    "epsdiluted": 3.41,
    "weightedAverageShsOut": 228000000,
    "weightedAverageShsOutDil": 246000000,
    "link": "https://www.sec.gov/Archives/edgar/data/86312/000008631200000015/0000086312-00-000015-index.htm",
    "finalLink": "https://www.sec.gov/Archives/edgar/data/86312/000008631200000015/0000086312-00-000015.txt"
  },
  {
    "date": "1998-12-31",
    "symbol": "TRV",
    "reportedCurrency": "USD",
    "cik": "0000086312",
    "fillingDate": "1999-03-31",
    "acceptedDate": "1999-03-31 00:00:00",
    "calendarYear": "1998",
    "period": "FY",
    "revenue": 9108401000,
    "costOfRevenue": 7529930000,
    "grossProfit": 1578471000,
    "grossProfitRatio": 0.1732983649,
    "researchAndDevelopmentExpenses": 0,
    "generalAndAdministrativeExpenses": 0,
    "sellingAndMarketingExpenses": 0,
    "sellingGeneralAndAdministrativeExpenses": 1624758000,
    "otherExpenses": 0,
    "operatingExpenses": 1624758000,
    "costAndExpenses": 9154688000,
    "interestIncome": 0,
    "interestExpense": 0,
    "depreciationAndAmortization": 132900000,
    "ebitda": 86613000,
    "ebitdaratio": 0.0095091334,
    "operatingIncome": -46287000,
    "operatingIncomeRatio": -0.0050817921,
    "totalOtherIncomeExpensesNet": 0,
    "incomeBeforeTax": -46287000,
    "incomeBeforeTaxRatio": -0.0050817921,
    "incomeTaxExpense": -135635000,
    "netIncome": 89348000,
    "netIncomeRatio": 0.0098094056,
    "eps": 0.33,
    "epsdiluted": 0.32,
    "weightedAverageShsOut": 244993939,
    "weightedAverageShsOutDil": 252650000,
    "link": "https://www.sec.gov/Archives/edgar/data/86312/000104746999012875/0001047469-99-012875-index.htm",
    "finalLink": "https://www.sec.gov/Archives/edgar/data/86312/0001047469-99-012875.txt"
  },
  {
    "date": "1997-12-31",
    "symbol": "TRV",
    "reportedCurrency": "USD",
    "cik": "0000086312",
    "fillingDate": "1998-03-27",
    "acceptedDate": "1998-03-27 00:00:00",
    "calendarYear": "1997",
    "period": "FY",
    "revenue": 9623200000,
    "costOfRevenue": 5054168000,
    "grossProfit": 4569032000,
    "grossProfitRatio": 0.4747934159,
    "researchAndDevelopmentExpenses": 0,
    "generalAndAdministrativeExpenses": 1208100000,
    "sellingAndMarketingExpenses": 0,
    "sellingGeneralAndAdministrativeExpenses": 0,
    "otherExpenses": 3233332000,
    "operatingExpenses": 3233332000,
    "costAndExpenses": 8287500000,
    "interestIncome": 0,
    "interestExpense": 0,
    "depreciationAndAmortization": 108000000,
    "ebitda": 1443700000,
    "ebitdaratio": 0.1500228614,
    "operatingIncome": 1335700000,
    "operatingIncomeRatio": 0.1387999834,
    "totalOtherIncomeExpensesNet": 0,
    "incomeBeforeTax": 1335700000,
    "incomeBeforeTaxRatio": 0.1387999834,
    "incomeTaxExpense": 245510000,
    "netIncome": 705473000,
    "netIncomeRatio": 0.073309606,
    "eps": 3.97,
    "epsdiluted": 3.97,
    "weightedAverageShsOut": 169580556,
    "weightedAverageShsOutDil": 176796085,
    "link": "https://www.sec.gov/Archives/edgar/data/86312/000008631298000006/0000086312-98-000006-index.htm",
    "finalLink": "https://www.sec.gov/Archives/edgar/data/86312/000008631298000006/"
  },
  {
    "date": "1996-12-31",
    "symbol": "TRV",
    "reportedCurrency": "USD",
    "cik": "0000086312",
    "fillingDate": "1997-03-26",
    "acceptedDate": "1997-03-26 00:00:00",
    "calendarYear": "1996",
    "period": "FY",
    "revenue": 9231500000,
    "costOfRevenue": 5001101000,
    "grossProfit": 4230399000,
    "grossProfitRatio": 0.4582569463,
    "researchAndDevelopmentExpenses": 0,
    "generalAndAdministrativeExpenses": 1091300000,
    "sellingAndMarketingExpenses": 0,
    "sellingGeneralAndAdministrativeExpenses": 0,
    "otherExpenses": 3239299000,
    "operatingExpenses": 3239299000,
    "costAndExpenses": 8240400000,
    "interestIncome": 0,
    "interestExpense": 0,
    "depreciationAndAmortization": 98000000,
    "ebitda": 1089100000,
    "ebitdaratio": 0.1179764935,
    "operatingIncome": 991100000,
    "operatingIncomeRatio": 0.1073606673,
    "totalOtherIncomeExpensesNet": 0,
    "incomeBeforeTax": 991100000,
    "incomeBeforeTaxRatio": 0.1073606673,
    "incomeTaxExpense": 141278000,
    "netIncome": 450099000,
    "netIncomeRatio": 0.0487568651,
    "eps": 3.01,
    "epsdiluted": 2.84,
    "weightedAverageShsOut": 180372093,
    "weightedAverageShsOutDil": 188252427,
    "link": "https://www.sec.gov/Archives/edgar/data/86312/000008631297000011/0000086312-97-000011-index.html",
    "finalLink": "https://www.sec.gov/Archives/edgar/data/86312/"
  },
  {
    "date": "1995-12-31",
    "symbol": "TRV",
    "reportedCurrency": "USD",
    "cik": "0000086312",
    "fillingDate": "1996-03-22",
    "acceptedDate": "1996-03-22 00:00:00",
    "calendarYear": "1995",
    "period": "FY",
    "revenue": 5409630000,
    "costOfRevenue": 3721286000,
    "grossProfit": 1688344000,
    "grossProfitRatio": 0.3120997185,
    "researchAndDevelopmentExpenses": 0,
    "generalAndAdministrativeExpenses": 0,
    "sellingAndMarketingExpenses": 0,
    "sellingGeneralAndAdministrativeExpenses": 0,
    "otherExpenses": 1032111000,
    "operatingExpenses": 1032111000,
    "costAndExpenses": 4753397000,
    "interestIncome": 0,
    "interestExpense": 0,
    "depreciationAndAmortization": 27400000,
    "ebitda": 683633000,
    "ebitdaratio": 0.1263733379,
    "operatingIncome": 656233000,
    "operatingIncomeRatio": 0.1213082965,
    "totalOtherIncomeExpensesNet": 0,
    "incomeBeforeTax": 656233000,
    "incomeBeforeTaxRatio": 0.1213082965,
    "incomeTaxExpense": 135024000,
    "netIncome": 521209000,
    "netIncomeRatio": 0.0963483639,
    "eps": 3,
    "epsdiluted": 2.84,
    "weightedAverageShsOut": 171154925,
    "weightedAverageShsOutDil": 180496127,
    "link": "https://www.sec.gov/Archives/edgar/data/86312/000008631296000005/0000086312-96-000005-index.html",
    "finalLink": "https://www.sec.gov/Archives/edgar/data/86312/"
  },
  {
    "date": "1994-12-31",
    "symbol": "TRV",
    "reportedCurrency": "USD",
    "cik": "0000086312",
    "fillingDate": "1995-03-28",
    "acceptedDate": "1995-03-28 00:00:00",
    "calendarYear": "1994",
    "period": "FY",
    "revenue": 4701285000,
    "costOfRevenue": 3215644000,
    "grossProfit": 1485641000,
    "grossProfitRatio": 0.316007432,
    "researchAndDevelopmentExpenses": 0,
    "generalAndAdministrativeExpenses": 0,
    "sellingAndMarketingExpenses": 0,
    "sellingGeneralAndAdministrativeExpenses": 0,
    "otherExpenses": 922063000,
    "operatingExpenses": 922063000,
    "costAndExpenses": 4137707000,
    "interestIncome": 0,
    "interestExpense": 0,
    "depreciationAndAmortization": 23900000,
    "ebitda": 587478000,
    "ebitdaratio": 0.1249611542,
    "operatingIncome": 563578000,
    "operatingIncomeRatio": 0.1198774378,
    "totalOtherIncomeExpensesNet": 0,
    "incomeBeforeTax": 563578000,
    "incomeBeforeTaxRatio": 0.1198774378,
    "incomeTaxExpense": 120750000,
    "netIncome": 442828000,
    "netIncomeRatio": 0.0941929706,
    "eps": 2.56,
    "epsdiluted": 2.47,
    "weightedAverageShsOut": 169698438,
    "weightedAverageShsOutDil": 176238540,
    "link": "https://www.sec.gov/Archives/edgar/data/86312/000008631295000003/0000086312-95-000003-index.html",
    "finalLink": "https://www.sec.gov/Archives/edgar/data/86312/"
  },
  {
    "date": "1993-12-31",
    "symbol": "TRV",
    "reportedCurrency": "USD",
    "cik": "0000086312",
    "fillingDate": "1994-03-18",
    "acceptedDate": "1994-03-18 00:00:00",
    "calendarYear": "1993",
    "period": "FY",
    "revenue": 4460200000,
    "costOfRevenue": 732100000,
    "grossProfit": 3728100000,
    "grossProfitRatio": 0.8358593785,
    "researchAndDevelopmentExpenses": 0,
    "generalAndAdministrativeExpenses": 0,
    "sellingAndMarketingExpenses": 0,
    "sellingGeneralAndAdministrativeExpenses": 0,
    "otherExpenses": 3205500000,
    "operatingExpenses": 3205500000,
    "costAndExpenses": 3937600000,
    "interestIncome": 0,
    "interestExpense": 0,
    "depreciationAndAmortization": 20200000,
    "ebitda": 542800000,
    "ebitdaratio": 0.1216985785,
    "operatingIncome": 522600000,
    "operatingIncomeRatio": 0.1171696336,
    "totalOtherIncomeExpensesNet": 0,
    "incomeBeforeTax": 522600000,
    "incomeBeforeTaxRatio": 0.1171696336,
    "incomeTaxExpense": 95000000,
    "netIncome": 427600000,
    "netIncomeRatio": 0.0958701404,
    "eps": 2.46,
    "epsdiluted": 2.39,
    "weightedAverageShsOut": 170406504,
    "weightedAverageShsOutDil": 175397490,
    "link": "https://www.sec.gov/Archives/edgar/data/86312/000008631294000008/0000086312-94-000008-index.htm",
    "finalLink": "https://www.sec.gov/Archives/edgar/data/86312/0000086312-94-000008.txt"
  },
  {
    "date": "1992-12-31",
    "symbol": "TRV",
    "reportedCurrency": "USD",
    "cik": "0000086312",
    "fillingDate": "1992-12-31",
    "acceptedDate": "1992-12-31 00:00:00",
    "calendarYear": "1992",
    "period": "FY",
    "revenue": 4498700000,
    "costOfRevenue": 789300000,
    "grossProfit": 3709400000,
    "grossProfitRatio": 0.8245493142,
    "researchAndDevelopmentExpenses": 0,
    "generalAndAdministrativeExpenses": 0,
    "sellingAndMarketingExpenses": 0,
    "sellingGeneralAndAdministrativeExpenses": 0,
    "otherExpenses": 3934400000,
    "operatingExpenses": 3934400000,
    "costAndExpenses": 4723700000,
    "interestIncome": 0,
    "interestExpense": 0,
    "depreciationAndAmortization": 33700000,
    "ebitda": -191300000,
    "ebitdaratio": -0.0425233956,
    "operatingIncome": -225000000,
    "operatingIncomeRatio": -0.0500144486,
    "totalOtherIncomeExpensesNet": 0,
    "incomeBeforeTax": -225000000,
    "incomeBeforeTaxRatio": -0.0500144486,
    "incomeTaxExpense": 7500000,
    "netIncome": -156000000,
    "netIncomeRatio": -0.0346766844,
    "eps": -0.92,
    "epsdiluted": -0.92,
    "weightedAverageShsOut": 169381443,
    "weightedAverageShsOutDil": 169381443,
    "link": null,
    "finalLink": null
  },
  {
    "date": "1991-12-31",
    "symbol": "TRV",
    "reportedCurrency": "USD",
    "cik": "0000086312",
    "fillingDate": "1991-12-31",
    "acceptedDate": "1991-12-31 00:00:00",
    "calendarYear": "1991",
    "period": "FY",
    "revenue": 4351700000,
    "costOfRevenue": 757100000,
    "grossProfit": 3594600000,
    "grossProfitRatio": 0.8260220144,
    "researchAndDevelopmentExpenses": 0,
    "generalAndAdministrativeExpenses": 0,
    "sellingAndMarketingExpenses": 0,
    "sellingGeneralAndAdministrativeExpenses": 0,
    "otherExpenses": 3066500000,
    "operatingExpenses": 3066500000,
    "costAndExpenses": 3823600000,
    "interestIncome": 0,
    "interestExpense": 0,
    "depreciationAndAmortization": 33100000,
    "ebitda": 561200000,
    "ebitdaratio": 0.1289610957,
    "operatingIncome": 528100000,
    "operatingIncomeRatio": 0.1213548728,
    "totalOtherIncomeExpensesNet": 0,
    "incomeBeforeTax": 528100000,
    "incomeBeforeTaxRatio": 0.1213548728,
    "incomeTaxExpense": 123000000,
    "netIncome": 405100000,
    "netIncomeRatio": 0.0930900568,
    "eps": 2.34,
    "epsdiluted": 2.26,
    "weightedAverageShsOut": 169700855,
    "weightedAverageShsOutDil": 175707965,
    "link": null,
    "finalLink": null
  },
  {
    "date": "1990-12-31",
    "symbol": "TRV",
    "reportedCurrency": "USD",
    "cik": "0000086312",
    "fillingDate": "1990-12-31",
    "acceptedDate": "1990-12-31 00:00:00",
    "calendarYear": "1990",
    "period": "FY",
    "revenue": 4005200000,
    "costOfRevenue": 755700000,
    "grossProfit": 3249500000,
    "grossProfitRatio": 0.8113202836,
    "researchAndDevelopmentExpenses": 0,
    "generalAndAdministrativeExpenses": 0,
    "sellingAndMarketingExpenses": 0,
    "sellingGeneralAndAdministrativeExpenses": 0,
    "otherExpenses": 2745600000,
    "operatingExpenses": 2745600000,
    "costAndExpenses": 3501300000,
    "interestIncome": 0,
    "interestExpense": 0,
    "depreciationAndAmortization": 66600000,
    "ebitda": 570500000,
    "ebitdaratio": 0.1424398282,
    "operatingIncome": 503900000,
    "operatingIncomeRatio": 0.1258114451,
    "totalOtherIncomeExpensesNet": 0,
    "incomeBeforeTax": 503900000,
    "incomeBeforeTaxRatio": 0.1258114451,
    "incomeTaxExpense": 112600000,
    "netIncome": 391300000,
    "netIncomeRatio": 0.0976979926,
    "eps": 2.15,
    "epsdiluted": 2.08,
    "weightedAverageShsOut": 178511628,
    "weightedAverageShsOutDil": 184519231,
    "link": null,
    "finalLink": null
  },
  {
    "date": "1989-12-31",
    "symbol": "TRV",
    "reportedCurrency": "USD",
    "cik": "0000086312",
    "fillingDate": "1989-12-31",
    "acceptedDate": "1989-12-31 00:00:00",
    "calendarYear": "1989",
    "period": "FY",
    "revenue": 3788600000,
    "costOfRevenue": 689800000,
    "grossProfit": 3098800000,
    "grossProfitRatio": 0.8179274666,
    "researchAndDevelopmentExpenses": 0,
    "generalAndAdministrativeExpenses": 0,
    "sellingAndMarketingExpenses": 0,
    "sellingGeneralAndAdministrativeExpenses": 0,
    "otherExpenses": 2609400000,
    "operatingExpenses": 2609400000,
    "costAndExpenses": 3299200000,
    "interestIncome": 0,
    "interestExpense": 0,
    "depreciationAndAmortization": 51600000,
    "ebitda": 541000000,
    "ebitdaratio": 0.1427968115,
    "operatingIncome": 489400000,
    "operatingIncomeRatio": 0.1291770047,
    "totalOtherIncomeExpensesNet": 0,
    "incomeBeforeTax": 489400000,
    "incomeBeforeTaxRatio": 0.1291770047,
    "incomeTaxExpense": 91200000,
    "netIncome": 398200000,
    "netIncomeRatio": 0.105104788,
    "eps": 2.04,
    "epsdiluted": 2.04,
    "weightedAverageShsOut": 195196078,
    "weightedAverageShsOutDil": 195196078,
    "link": null,
    "finalLink": null
  },
  {
    "date": "1988-12-31",
    "symbol": "TRV",
    "reportedCurrency": "USD",
    "cik": "0000086312",
    "fillingDate": "1988-12-31",
    "acceptedDate": "1988-12-30 19:00:00",
    "calendarYear": "1988",
    "period": "FY",
    "revenue": 3634100000,
    "costOfRevenue": 0,
    "grossProfit": 3634100000,
    "grossProfitRatio": 1,
    "researchAndDevelopmentExpenses": 0,
    "generalAndAdministrativeExpenses": 0,
    "sellingAndMarketingExpenses": 0,
    "sellingGeneralAndAdministrativeExpenses": 0,
    "otherExpenses": 3634100000,
    "operatingExpenses": 3634100000,
    "costAndExpenses": 3634100000,
    "interestIncome": 0,
    "interestExpense": 0,
    "depreciationAndAmortization": 0,
    "ebitda": 0,
    "ebitdaratio": 0,
    "operatingIncome": 0,
    "operatingIncomeRatio": 0,
    "totalOtherIncomeExpensesNet": 0,
    "incomeBeforeTax": 0,
    "incomeBeforeTaxRatio": 0,
    "incomeTaxExpense": 72900000,
    "netIncome": 352600000,
    "netIncomeRatio": 0.0970253983,
    "eps": 1.83,
    "epsdiluted": 1.83,
    "weightedAverageShsOut": 192677596,
    "weightedAverageShsOutDil": 192677596,
    "link": "",
    "finalLink": ""
  },
  {
    "date": "1987-12-31",
    "symbol": "TRV",
    "reportedCurrency": "USD",
    "cik": "0000086312",
    "fillingDate": "1987-12-31",
    "acceptedDate": "1987-12-30 19:00:00",
    "calendarYear": "1987",
    "period": "FY",
    "revenue": 3365800000,
    "costOfRevenue": 0,
    "grossProfit": 3365800000,
    "grossProfitRatio": 1,
    "researchAndDevelopmentExpenses": 0,
    "generalAndAdministrativeExpenses": 0,
    "sellingAndMarketingExpenses": 0,
    "sellingGeneralAndAdministrativeExpenses": 0,
    "otherExpenses": 3365800000,
    "operatingExpenses": 3365800000,
    "costAndExpenses": 3365800000,
    "interestIncome": 0,
    "interestExpense": 0,
    "depreciationAndAmortization": 0,
    "ebitda": 0,
    "ebitdaratio": 0,
    "operatingIncome": 0,
    "operatingIncomeRatio": 0,
    "totalOtherIncomeExpensesNet": 0,
    "incomeBeforeTax": 0,
    "incomeBeforeTaxRatio": 0,
    "incomeTaxExpense": 50000000,
    "netIncome": 324300000,
    "netIncomeRatio": 0.096351536,
    "eps": 1.69,
    "epsdiluted": 1.69,
    "weightedAverageShsOut": 191893491,
    "weightedAverageShsOutDil": 191893491,
    "link": "",
    "finalLink": ""
  },
  {
    "date": "1986-12-31",
    "symbol": "TRV",
    "reportedCurrency": "USD",
    "cik": "0000086312",
    "fillingDate": "1986-12-31",
    "acceptedDate": "1986-12-30 19:00:00",
    "calendarYear": "1986",
    "period": "FY",
    "revenue": 3181600000,
    "costOfRevenue": 0,
    "grossProfit": 3181600000,
    "grossProfitRatio": 1,
    "researchAndDevelopmentExpenses": 0,
    "generalAndAdministrativeExpenses": 0,
    "sellingAndMarketingExpenses": 0,
    "sellingGeneralAndAdministrativeExpenses": 0,
    "otherExpenses": 3181600000,
    "operatingExpenses": 3181600000,
    "costAndExpenses": 3181600000,
    "interestIncome": 0,
    "interestExpense": 0,
    "depreciationAndAmortization": 0,
    "ebitda": 0,
    "ebitdaratio": 0,
    "operatingIncome": 0,
    "operatingIncomeRatio": 0,
    "totalOtherIncomeExpensesNet": 0,
    "incomeBeforeTax": 0,
    "incomeBeforeTaxRatio": 0,
    "incomeTaxExpense": 62400000,
    "netIncome": 153900000,
    "netIncomeRatio": 0.0483718884,
    "eps": 0.84,
    "epsdiluted": 0.84,
    "weightedAverageShsOut": 183214286,
    "weightedAverageShsOutDil": 183214286,
    "link": "",
    "finalLink": ""
  },
  {
    "date": "1985-12-31",
    "symbol": "TRV",
    "reportedCurrency": "USD",
    "cik": "0000086312",
    "fillingDate": "1985-12-31",
    "acceptedDate": "1985-12-30 19:00:00",
    "calendarYear": "1985",
    "period": "FY",
    "revenue": 2671600000,
    "costOfRevenue": 0,
    "grossProfit": 2671600000,
    "grossProfitRatio": 1,
    "researchAndDevelopmentExpenses": 0,
    "generalAndAdministrativeExpenses": 0,
    "sellingAndMarketingExpenses": 0,
    "sellingGeneralAndAdministrativeExpenses": 0,
    "otherExpenses": 18500000,
    "operatingExpenses": 18500000,
    "costAndExpenses": 18500000,
    "interestIncome": 0,
    "interestExpense": 18500000,
    "depreciationAndAmortization": 0,
    "ebitda": 0,
    "ebitdaratio": 0,
    "operatingIncome": 2653100000,
    "operatingIncomeRatio": 0.9930753107,
    "totalOtherIncomeExpensesNet": 0,
    "incomeBeforeTax": 2653100000,
    "incomeBeforeTaxRatio": 0.9930753107,
    "incomeTaxExpense": -29600000,
    "netIncome": 45400000,
    "netIncomeRatio": 0.0169935619,
    "eps": 0.27,
    "epsdiluted": 0.27,
    "weightedAverageShsOut": 168148148,
    "weightedAverageShsOutDil": 168148148,
    "link": "",
    "finalLink": ""
  }
]