[
  {
    "date": "2025-06-28",
    "symbol": "TSCO",
    "reportedCurrency": "USD",
    "cik": "0000916365",
    "fillingDate": "2025-08-07",
    "acceptedDate": "2025-08-07 16:44:22",
    "calendarYear": "2025",
    "period": "Q2",
    "revenue": 4439729000,
    "costOfRevenue": 2921854000,
    "grossProfit": 1517875000,
    "grossProfitRatio": 0.341884606,
    "researchAndDevelopmentExpenses": 0,
    "generalAndAdministrativeExpenses": 0,
    "sellingAndMarketingExpenses": 0,
    "sellingGeneralAndAdministrativeExpenses": 940063000,
    "otherExpenses": 0,
    "operatingExpenses": 940063000,
    "costAndExpenses": 3861917000,
    "interestIncome": 0,
    "interestExpense": 17983000,
    "depreciationAndAmortization": 122099000,
    "ebitda": 699911000,
    "ebitdaratio": 0.1576472348,
    "operatingIncome": 577812000,
    "operatingIncomeRatio": 0.1301457814,
    "totalOtherIncomeExpensesNet": -17983000,
    "incomeBeforeTax": 559829000,
    "incomeBeforeTaxRatio": 0.126095309,
    "incomeTaxExpense": 129786000,
    "netIncome": 430043000,
    "netIncomeRatio": 0.0968624436,
    "eps": 0.81,
    "epsdiluted": 0.81,
    "weightedAverageShsOut": 530331000,
    "weightedAverageShsOutDil": 532205000,
    "link": "https://www.sec.gov/Archives/edgar/data/916365/000091636525000150/0000916365-25-000150-index.htm",
    "finalLink": "https://www.sec.gov/Archives/edgar/data/916365/000091636525000150/tsco-20250628.htm"
  },
  {
    "date": "2025-03-29",
    "symbol": "TSCO",
    "reportedCurrency": "USD",
    "cik": "0000916365",
    "fillingDate": "2025-05-08",
    "acceptedDate": "2025-05-08 16:56:35",
    "calendarYear": "2025",
    "period": "Q1",
    "revenue": 3466952000,
    "costOfRevenue": 2211530000,
    "grossProfit": 1255422000,
    "grossProfitRatio": 0.362111157,
    "researchAndDevelopmentExpenses": 0,
    "generalAndAdministrativeExpenses": 0,
    "sellingAndMarketingExpenses": 0,
    "sellingGeneralAndAdministrativeExpenses": 886206000,
    "otherExpenses": 120079000,
    "operatingExpenses": 1006285000,
    "costAndExpenses": 3217815000,
    "interestIncome": 0,
    "interestExpense": 19641000,
    "depreciationAndAmortization": 120079000,
    "ebitda": 369216000,
    "ebitdaratio": 0.10649585,
    "operatingIncome": 249137000,
    "operatingIncomeRatio": 0.0718605276,
    "totalOtherIncomeExpensesNet": -19641000,
    "incomeBeforeTax": 229496000,
    "incomeBeforeTaxRatio": 0.0661953208,
    "incomeTaxExpense": 50127000,
    "netIncome": 179369000,
    "netIncomeRatio": 0.0517367994,
    "eps": 0.34,
    "epsdiluted": 0.34,
    "weightedAverageShsOut": 531730000,
    "weightedAverageShsOutDil": 534099000,
    "link": "https://www.sec.gov/Archives/edgar/data/916365/000091636525000089/0000916365-25-000089-index.htm",
    "finalLink": "https://www.sec.gov/Archives/edgar/data/916365/000091636525000089/tsco-20250329.htm"
  },
  {
    "date": "2024-12-28",
    "symbol": "TSCO",
    "reportedCurrency": "USD",
    "cik": "0000916365",
    "fillingDate": "2025-02-20",
    "acceptedDate": "2025-02-20 16:59:40",
    "calendarYear": "2024",
    "period": "Q4",
    "revenue": 3773531000,
    "costOfRevenue": 2443901000,
    "grossProfit": 1329630000,
    "grossProfitRatio": 0.3523569834,
    "researchAndDevelopmentExpenses": 0,
    "generalAndAdministrativeExpenses": 796026000,
    "sellingAndMarketingExpenses": 95200000,
    "sellingGeneralAndAdministrativeExpenses": 891226000,
    "otherExpenses": 120055000,
    "operatingExpenses": 1011281000,
    "costAndExpenses": 3455182000,
    "interestIncome": 0,
    "interestExpense": 17203000,
    "depreciationAndAmortization": 120055000,
    "ebitda": 438404000,
    "ebitdaratio": 0.1161787196,
    "operatingIncome": 318349000,
    "operatingIncomeRatio": 0.0843636901,
    "totalOtherIncomeExpensesNet": -17203000,
    "incomeBeforeTax": 301146000,
    "incomeBeforeTaxRatio": 0.07980483,
    "incomeTaxExpense": 64740000,
    "netIncome": 236406000,
    "netIncomeRatio": 0.0626484849,
    "eps": 0.44,
    "epsdiluted": 0.44,
    "weightedAverageShsOut": 533588000,
    "weightedAverageShsOutDil": 539652000,
    "link": "https://www.sec.gov/Archives/edgar/data/916365/000091636525000076/0000916365-25-000076-index.htm",
    "finalLink": "https://www.sec.gov/Archives/edgar/data/916365/000091636525000076/tsco-20241228.htm"
  },
  {
    "date": "2024-09-28",
    "symbol": "TSCO",
    "reportedCurrency": "USD",
    "cik": "0000916365",
    "fillingDate": "2024-11-07",
    "acceptedDate": "2024-11-07 16:40:25",
    "calendarYear": "2024",
    "period": "Q3",
    "revenue": 3468245000,
    "costOfRevenue": 2177797000,
    "grossProfit": 1290448000,
    "grossProfitRatio": 0.3720752138,
    "researchAndDevelopmentExpenses": 0,
    "generalAndAdministrativeExpenses": 0,
    "sellingAndMarketingExpenses": 0,
    "sellingGeneralAndAdministrativeExpenses": 852299000,
    "otherExpenses": 113550000,
    "operatingExpenses": 965849000,
    "costAndExpenses": 3143646000,
    "interestIncome": 0,
    "interestExpense": 13875000,
    "depreciationAndAmortization": 113550000,
    "ebitda": 438149000,
    "ebitdaratio": 0.1263316173,
    "operatingIncome": 324599000,
    "operatingIncomeRatio": 0.0935917157,
    "totalOtherIncomeExpensesNet": -13875000,
    "incomeBeforeTax": 310724000,
    "incomeBeforeTaxRatio": 0.0895911333,
    "incomeTaxExpense": 69254000,
    "netIncome": 241470000,
    "netIncomeRatio": 0.0696231091,
    "eps": 0.45,
    "epsdiluted": 0.45,
    "weightedAverageShsOut": 538070000,
    "weightedAverageShsOutDil": 538390000,
    "link": "https://www.sec.gov/Archives/edgar/data/916365/000091636524000110/0000916365-24-000110-index.htm",
    "finalLink": "https://www.sec.gov/Archives/edgar/data/916365/000091636524000110/tsco-20240928.htm"
  },
  {
    "date": "2024-06-29",
    "symbol": "TSCO",
    "reportedCurrency": "USD",
    "cik": "0000916365",
    "fillingDate": "2024-08-08",
    "acceptedDate": "2024-08-08 16:31:32",
    "calendarYear": "2024",
    "period": "Q2",
    "revenue": 4246622000,
    "costOfRevenue": 2690996000,
    "grossProfit": 1555626000,
    "grossProfitRatio": 0.3663208075,
    "researchAndDevelopmentExpenses": 0,
    "generalAndAdministrativeExpenses": 0,
    "sellingAndMarketingExpenses": 0,
    "sellingGeneralAndAdministrativeExpenses": 884903000,
    "otherExpenses": 109265000,
    "operatingExpenses": 994168000,
    "costAndExpenses": 3685164000,
    "interestIncome": 0,
    "interestExpense": 11612000,
    "depreciationAndAmortization": 109265000,
    "ebitda": 670723000,
    "ebitdaratio": 0.1579427131,
    "operatingIncome": 561458000,
    "operatingIncomeRatio": 0.1322128506,
    "totalOtherIncomeExpensesNet": -11612000,
    "incomeBeforeTax": 549846000,
    "incomeBeforeTaxRatio": 0.1294784419,
    "incomeTaxExpense": 124650000,
    "netIncome": 425196000,
    "netIncomeRatio": 0.1001256999,
    "eps": 0.79,
    "epsdiluted": 0.786,
    "weightedAverageShsOut": 538650000,
    "weightedAverageShsOutDil": 541175000,
    "link": "https://www.sec.gov/Archives/edgar/data/916365/000091636524000088/0000916365-24-000088-index.htm",
    "finalLink": "https://www.sec.gov/Archives/edgar/data/916365/000091636524000088/tsco-20240629.htm"
  },
  {
    "date": "2024-03-30",
    "symbol": "TSCO",
    "reportedCurrency": "USD",
    "cik": "0000916365",
    "fillingDate": "2024-05-09",
    "acceptedDate": "2024-05-09 16:02:13",
    "calendarYear": "2024",
    "period": "Q1",
    "revenue": 3394834000,
    "costOfRevenue": 2173980000,
    "grossProfit": 1220854000,
    "grossProfitRatio": 0.3596211184,
    "researchAndDevelopmentExpenses": 0,
    "generalAndAdministrativeExpenses": 0,
    "sellingAndMarketingExpenses": 0,
    "sellingGeneralAndAdministrativeExpenses": 853436000,
    "otherExpenses": 104293000,
    "operatingExpenses": 957729000,
    "costAndExpenses": 3131709000,
    "interestIncome": 0,
    "interestExpense": 11902000,
    "depreciationAndAmortization": 104293000,
    "ebitda": 367418000,
    "ebitdaratio": 0.1082285614,
    "operatingIncome": 263125000,
    "operatingIncomeRatio": 0.0775074716,
    "totalOtherIncomeExpensesNet": -11902000,
    "incomeBeforeTax": 251223000,
    "incomeBeforeTaxRatio": 0.0740015565,
    "incomeTaxExpense": 53056000,
    "netIncome": 198167000,
    "netIncomeRatio": 0.0583731045,
    "eps": 0.36800000000000005,
    "epsdiluted": 0.36600000000000005,
    "weightedAverageShsOut": 539730000,
    "weightedAverageShsOutDil": 542640000,
    "link": "https://www.sec.gov/Archives/edgar/data/916365/000091636524000059/0000916365-24-000059-index.htm",
    "finalLink": "https://www.sec.gov/Archives/edgar/data/916365/000091636524000059/tsco-20240330.htm"
  },
  {
    "date": "2023-12-30",
    "symbol": "TSCO",
    "reportedCurrency": "USD",
    "cik": "0000916365",
    "fillingDate": "2024-02-23",
    "acceptedDate": "2024-02-23 16:06:18",
    "calendarYear": "2023",
    "period": "Q4",
    "revenue": 3659841000,
    "costOfRevenue": 2366778000,
    "grossProfit": 1293063000,
    "grossProfitRatio": 0.3533112504,
    "researchAndDevelopmentExpenses": 0,
    "generalAndAdministrativeExpenses": 768454000,
    "sellingAndMarketingExpenses": 87100000,
    "sellingGeneralAndAdministrativeExpenses": 855554000,
    "otherExpenses": 103274000,
    "operatingExpenses": 958828000,
    "costAndExpenses": 3325606000,
    "interestIncome": 0,
    "interestExpense": 11948000,
    "depreciationAndAmortization": 103274000,
    "ebitda": 437509000,
    "ebitdaratio": 0.1195431714,
    "operatingIncome": 334235000,
    "operatingIncomeRatio": 0.0913250056,
    "totalOtherIncomeExpensesNet": -11948000,
    "incomeBeforeTax": 322287000,
    "incomeBeforeTaxRatio": 0.088060383,
    "incomeTaxExpense": 74384000,
    "netIncome": 247903000,
    "netIncomeRatio": 0.0677360027,
    "eps": 0.458,
    "epsdiluted": 0.45599999999999996,
    "weightedAverageShsOut": 540695000,
    "weightedAverageShsOutDil": 544095000,
    "link": "https://www.sec.gov/Archives/edgar/data/916365/000091636524000046/0000916365-24-000046-index.htm",
    "finalLink": "https://www.sec.gov/Archives/edgar/data/916365/000091636524000046/tsco-20231230.htm"
  },
  {
    "date": "2023-09-30",
    "symbol": "TSCO",
    "reportedCurrency": "USD",
    "cik": "0000916365",
    "fillingDate": "2023-11-09",
    "acceptedDate": "2023-11-09 16:04:15",
    "calendarYear": "2023",
    "period": "Q3",
    "revenue": 3411980000,
    "costOfRevenue": 2161501000,
    "grossProfit": 1250479000,
    "grossProfitRatio": 0.3664965797,
    "researchAndDevelopmentExpenses": 0,
    "generalAndAdministrativeExpenses": 0,
    "sellingAndMarketingExpenses": 0,
    "sellingGeneralAndAdministrativeExpenses": 819311000,
    "otherExpenses": 90263000,
    "operatingExpenses": 909574000,
    "costAndExpenses": 3071075000,
    "interestIncome": 0,
    "interestExpense": 9539000,
    "depreciationAndAmortization": 90263000,
    "ebitda": 431168000,
    "ebitdaratio": 0.1263688533,
    "operatingIncome": 340905000,
    "operatingIncomeRatio": 0.0999141261,
    "totalOtherIncomeExpensesNet": -9539000,
    "incomeBeforeTax": 331366000,
    "incomeBeforeTaxRatio": 0.0971183887,
    "incomeTaxExpense": 76365000,
    "netIncome": 255001000,
    "netIncomeRatio": 0.0747369563,
    "eps": 0.46799999999999997,
    "epsdiluted": 0.466,
    "weightedAverageShsOut": 543870000,
    "weightedAverageShsOutDil": 546710000,
    "link": "https://www.sec.gov/Archives/edgar/data/916365/000091636523000113/0000916365-23-000113-index.htm",
    "finalLink": "https://www.sec.gov/Archives/edgar/data/916365/000091636523000113/tsco-20230930.htm"
  },
  {
    "date": "2023-07-01",
    "symbol": "TSCO",
    "reportedCurrency": "USD",
    "cik": "0000916365",
    "fillingDate": "2023-08-10",
    "acceptedDate": "2023-08-10 16:17:22",
    "calendarYear": "2023",
    "period": "Q2",
    "revenue": 4184695000,
    "costOfRevenue": 2669926000,
    "grossProfit": 1514769000,
    "grossProfitRatio": 0.3619783521,
    "researchAndDevelopmentExpenses": 0,
    "generalAndAdministrativeExpenses": 0,
    "sellingAndMarketingExpenses": 0,
    "sellingGeneralAndAdministrativeExpenses": 853158000,
    "otherExpenses": 102279000,
    "operatingExpenses": 955437000,
    "costAndExpenses": 3625363000,
    "interestIncome": 0,
    "interestExpense": 12343000,
    "depreciationAndAmortization": 102279000,
    "ebitda": 661611000,
    "ebitdaratio": 0.1581025618,
    "operatingIncome": 559332000,
    "operatingIncomeRatio": 0.1336613541,
    "totalOtherIncomeExpensesNet": -12343000,
    "incomeBeforeTax": 546989000,
    "incomeBeforeTaxRatio": 0.1307117962,
    "incomeTaxExpense": 125755000,
    "netIncome": 421234000,
    "netIncomeRatio": 0.1006606216,
    "eps": 0.77,
    "epsdiluted": 0.766,
    "weightedAverageShsOut": 547130000,
    "weightedAverageShsOutDil": 550205000,
    "link": "https://www.sec.gov/Archives/edgar/data/916365/000091636523000101/0000916365-23-000101-index.htm",
    "finalLink": "https://www.sec.gov/Archives/edgar/data/916365/000091636523000101/tsco-20230701.htm"
  },
  {
    "date": "2023-04-01",
    "symbol": "TSCO",
    "reportedCurrency": "USD",
    "cik": "0000916365",
    "fillingDate": "2023-04-27",
    "acceptedDate": "2023-04-27 16:16:24",
    "calendarYear": "2023",
    "period": "Q1",
    "revenue": 3299225000,
    "costOfRevenue": 2129317000,
    "grossProfit": 1169908000,
    "grossProfitRatio": 0.3546008532,
    "researchAndDevelopmentExpenses": 0,
    "generalAndAdministrativeExpenses": 0,
    "sellingAndMarketingExpenses": 0,
    "sellingGeneralAndAdministrativeExpenses": 828235000,
    "otherExpenses": 97233000,
    "operatingExpenses": 925468000,
    "costAndExpenses": 3054785000,
    "interestIncome": 0,
    "interestExpense": 12680000,
    "depreciationAndAmortization": 97233000,
    "ebitda": 341673000,
    "ebitdaratio": 0.103561594,
    "operatingIncome": 244440000,
    "operatingIncomeRatio": 0.0740901272,
    "totalOtherIncomeExpensesNet": -12680000,
    "incomeBeforeTax": 231760000,
    "incomeBeforeTaxRatio": 0.0702468004,
    "incomeTaxExpense": 48672000,
    "netIncome": 183088000,
    "netIncomeRatio": 0.0554942449,
    "eps": 0.332,
    "epsdiluted": 0.33,
    "weightedAverageShsOut": 550225000,
    "weightedAverageShsOutDil": 553905000,
    "link": "https://www.sec.gov/Archives/edgar/data/916365/000091636523000057/0000916365-23-000057-index.htm",
    "finalLink": "https://www.sec.gov/Archives/edgar/data/916365/000091636523000057/tsco-20230401.htm"
  },
  {
    "date": "2022-12-31",
    "symbol": "TSCO",
    "reportedCurrency": "USD",
    "cik": "0000916365",
    "fillingDate": "2023-02-23",
    "acceptedDate": "2023-02-23 16:54:00",
    "calendarYear": "2022",
    "period": "Q4",
    "revenue": 4006375000,
    "costOfRevenue": 2642750000,
    "grossProfit": 1363625000,
    "grossProfitRatio": 0.3403637952,
    "researchAndDevelopmentExpenses": 0,
    "generalAndAdministrativeExpenses": 814995000,
    "sellingAndMarketingExpenses": 94600000,
    "sellingGeneralAndAdministrativeExpenses": 909595000,
    "otherExpenses": 94820000,
    "operatingExpenses": 1004415000,
    "costAndExpenses": 3647165000,
    "interestIncome": 0,
    "interestExpense": 10241000,
    "depreciationAndAmortization": 94820000,
    "ebitda": 454030000,
    "ebitdaratio": 0.1133268853,
    "operatingIncome": 359210000,
    "operatingIncomeRatio": 0.089659605,
    "totalOtherIncomeExpensesNet": -10241000,
    "incomeBeforeTax": 348969000,
    "incomeBeforeTaxRatio": 0.0871034289,
    "incomeTaxExpense": 78099000,
    "netIncome": 270870000,
    "netIncomeRatio": 0.067609747,
    "eps": 0.49000000000000005,
    "epsdiluted": 0.48600000000000004,
    "weightedAverageShsOut": 552165000,
    "weightedAverageShsOutDil": 556410000,
    "link": "https://www.sec.gov/Archives/edgar/data/916365/000091636523000045/0000916365-23-000045-index.htm",
    "finalLink": "https://www.sec.gov/Archives/edgar/data/916365/000091636523000045/tsco-20221231.htm"
  },
  {
    "date": "2022-09-24",
    "symbol": "TSCO",
    "reportedCurrency": "USD",
    "cik": "0000916365",
    "fillingDate": "2022-11-03",
    "acceptedDate": "2022-11-03 17:00:53",
    "calendarYear": "2022",
    "period": "Q3",
    "revenue": 3270804000,
    "costOfRevenue": 2104989000,
    "grossProfit": 1165815000,
    "grossProfitRatio": 0.3564307124,
    "researchAndDevelopmentExpenses": 0,
    "generalAndAdministrativeExpenses": 0,
    "sellingAndMarketingExpenses": 0,
    "sellingGeneralAndAdministrativeExpenses": 772167000,
    "otherExpenses": 87236000,
    "operatingExpenses": 859403000,
    "costAndExpenses": 2964392000,
    "interestIncome": 0,
    "interestExpense": 6226000,
    "depreciationAndAmortization": 87236000,
    "ebitda": 393648000,
    "ebitdaratio": 0.1203520602,
    "operatingIncome": 306412000,
    "operatingIncomeRatio": 0.0936809421,
    "totalOtherIncomeExpensesNet": -6226000,
    "incomeBeforeTax": 300186000,
    "incomeBeforeTaxRatio": 0.0917774345,
    "incomeTaxExpense": 66049000,
    "netIncome": 234137000,
    "netIncomeRatio": 0.0715839286,
    "eps": 0.422,
    "epsdiluted": 0.42000000000000004,
    "weightedAverageShsOut": 554305000,
    "weightedAverageShsOutDil": 557800000,
    "link": "https://www.sec.gov/Archives/edgar/data/916365/000091636522000112/0000916365-22-000112-index.htm",
    "finalLink": "https://www.sec.gov/Archives/edgar/data/916365/000091636522000112/tsco-20220924.htm"
  },
  {
    "date": "2022-06-25",
    "symbol": "TSCO",
    "reportedCurrency": "USD",
    "cik": "0000916365",
    "fillingDate": "2022-08-04",
    "acceptedDate": "2022-08-04 17:18:11",
    "calendarYear": "2022",
    "period": "Q2",
    "revenue": 3903406000,
    "costOfRevenue": 2600511000,
    "grossProfit": 1302895000,
    "grossProfitRatio": 0.3337841362,
    "researchAndDevelopmentExpenses": 0,
    "generalAndAdministrativeExpenses": 0,
    "sellingAndMarketingExpenses": 0,
    "sellingGeneralAndAdministrativeExpenses": 777860000,
    "otherExpenses": 0,
    "operatingExpenses": 777860000,
    "costAndExpenses": 3378371000,
    "interestIncome": 0,
    "interestExpense": 7097000,
    "depreciationAndAmortization": 83360000,
    "ebitda": 608395000,
    "ebitdaratio": 0.1558625979,
    "operatingIncome": 525035000,
    "operatingIncomeRatio": 0.1345068896,
    "totalOtherIncomeExpensesNet": -7097000,
    "incomeBeforeTax": 517938000,
    "incomeBeforeTaxRatio": 0.1326887339,
    "incomeTaxExpense": 121460000,
    "netIncome": 396478000,
    "netIncomeRatio": 0.1015723191,
    "eps": 0.71,
    "epsdiluted": 0.706,
    "weightedAverageShsOut": 557950000,
    "weightedAverageShsOutDil": 561590000,
    "link": "https://www.sec.gov/Archives/edgar/data/916365/000091636522000090/0000916365-22-000090-index.htm",
    "finalLink": "https://www.sec.gov/Archives/edgar/data/916365/000091636522000090/tsco-20220625.htm"
  },
  {
    "date": "2022-03-26",
    "symbol": "TSCO",
    "reportedCurrency": "USD",
    "cik": "0000916365",
    "fillingDate": "2022-05-05",
    "acceptedDate": "2022-05-05 16:03:39",
    "calendarYear": "2022",
    "period": "Q1",
    "revenue": 3024132000,
    "costOfRevenue": 1967623000,
    "grossProfit": 1056509000,
    "grossProfitRatio": 0.3493594195,
    "researchAndDevelopmentExpenses": 0,
    "generalAndAdministrativeExpenses": 0,
    "sellingAndMarketingExpenses": 0,
    "sellingGeneralAndAdministrativeExpenses": 734577000,
    "otherExpenses": 77646000,
    "operatingExpenses": 812223000,
    "costAndExpenses": 2779846000,
    "interestIncome": 0,
    "interestExpense": 7069000,
    "depreciationAndAmortization": 77646000,
    "ebitda": 321932000,
    "ebitdaratio": 0.1064543479,
    "operatingIncome": 244286000,
    "operatingIncomeRatio": 0.0807788813,
    "totalOtherIncomeExpensesNet": -7069000,
    "incomeBeforeTax": 237217000,
    "incomeBeforeTaxRatio": 0.0784413511,
    "incomeTaxExpense": 49990000,
    "netIncome": 187227000,
    "netIncomeRatio": 0.061910988,
    "eps": 0.332,
    "epsdiluted": 0.33,
    "weightedAverageShsOut": 562655000,
    "weightedAverageShsOutDil": 567520000,
    "link": "https://www.sec.gov/Archives/edgar/data/916365/000091636522000057/0000916365-22-000057-index.htm",
    "finalLink": "https://www.sec.gov/Archives/edgar/data/916365/000091636522000057/tsco-20220326.htm"
  },
  {
    "date": "2021-12-25",
    "symbol": "TSCO",
    "reportedCurrency": "USD",
    "cik": "0000916365",
    "fillingDate": "2022-02-17",
    "acceptedDate": "2022-02-17 16:10:33",
    "calendarYear": "2021",
    "period": "Q4",
    "revenue": 3319284000,
    "costOfRevenue": 2198706000,
    "grossProfit": 1120578000,
    "grossProfitRatio": 0.3375963009,
    "researchAndDevelopmentExpenses": 0,
    "generalAndAdministrativeExpenses": 656697000,
    "sellingAndMarketingExpenses": 95400000,
    "sellingGeneralAndAdministrativeExpenses": 752097000,
    "otherExpenses": 75427000,
    "operatingExpenses": 827524000,
    "costAndExpenses": 3026230000,
    "interestIncome": 0,
    "interestExpense": 6542000,
    "depreciationAndAmortization": 75427000,
    "ebitda": 368481000,
    "ebitdaratio": 0.1110121942,
    "operatingIncome": 293054000,
    "operatingIncomeRatio": 0.0882883176,
    "totalOtherIncomeExpensesNet": -6542000,
    "incomeBeforeTax": 286512000,
    "incomeBeforeTaxRatio": 0.0863174106,
    "incomeTaxExpense": 65174000,
    "netIncome": 221338000,
    "netIncomeRatio": 0.0666824532,
    "eps": 0.39,
    "epsdiluted": 0.386,
    "weightedAverageShsOut": 568340000,
    "weightedAverageShsOutDil": 573935000,
    "link": "https://www.sec.gov/Archives/edgar/data/916365/000091636522000049/0000916365-22-000049-index.htm",
    "finalLink": "https://www.sec.gov/Archives/edgar/data/916365/000091636522000049/tsco-20211225.htm"
  },
  {
    "date": "2021-09-25",
    "symbol": "TSCO",
    "reportedCurrency": "USD",
    "cik": "0000916365",
    "fillingDate": "2021-11-04",
    "acceptedDate": "2021-11-04 16:13:39",
    "calendarYear": "2021",
    "period": "Q3",
    "revenue": 3017926000,
    "costOfRevenue": 1932616000,
    "grossProfit": 1085310000,
    "grossProfitRatio": 0.3596211438,
    "researchAndDevelopmentExpenses": 0,
    "generalAndAdministrativeExpenses": 0,
    "sellingAndMarketingExpenses": 0,
    "sellingGeneralAndAdministrativeExpenses": 718261000,
    "otherExpenses": 69824000,
    "operatingExpenses": 788085000,
    "costAndExpenses": 2720701000,
    "interestIncome": 0,
    "interestExpense": 6146000,
    "depreciationAndAmortization": 69824000,
    "ebitda": 367049000,
    "ebitdaratio": 0.1216229291,
    "operatingIncome": 297225000,
    "operatingIncomeRatio": 0.0984865103,
    "totalOtherIncomeExpensesNet": -6146000,
    "incomeBeforeTax": 291079000,
    "incomeBeforeTaxRatio": 0.0964500124,
    "incomeTaxExpense": 66679000,
    "netIncome": 224400000,
    "netIncomeRatio": 0.0743556999,
    "eps": 0.392,
    "epsdiluted": 0.39,
    "weightedAverageShsOut": 571115000,
    "weightedAverageShsOutDil": 575965000,
    "link": "https://www.sec.gov/Archives/edgar/data/916365/000091636521000154/0000916365-21-000154-index.htm",
    "finalLink": "https://www.sec.gov/Archives/edgar/data/916365/000091636521000154/tsco-20210925.htm"
  },
  {
    "date": "2021-06-26",
    "symbol": "TSCO",
    "reportedCurrency": "USD",
    "cik": "0000916365",
    "fillingDate": "2021-08-05",
    "acceptedDate": "2021-08-05 17:09:57",
    "calendarYear": "2021",
    "period": "Q2",
    "revenue": 3601559000,
    "costOfRevenue": 2314074000,
    "grossProfit": 1287485000,
    "grossProfitRatio": 0.3574799136,
    "researchAndDevelopmentExpenses": 0,
    "generalAndAdministrativeExpenses": 0,
    "sellingAndMarketingExpenses": 0,
    "sellingGeneralAndAdministrativeExpenses": 736749000,
    "otherExpenses": 64853000,
    "operatingExpenses": 801602000,
    "costAndExpenses": 3115676000,
    "interestIncome": 0,
    "interestExpense": 6701000,
    "depreciationAndAmortization": 64853000,
    "ebitda": 550736000,
    "ebitdaratio": 0.1529160011,
    "operatingIncome": 485883000,
    "operatingIncomeRatio": 0.1349090769,
    "totalOtherIncomeExpensesNet": -6701000,
    "incomeBeforeTax": 479182000,
    "incomeBeforeTaxRatio": 0.1330484937,
    "incomeTaxExpense": 109160000,
    "netIncome": 370022000,
    "netIncomeRatio": 0.102739397,
    "eps": 0.642,
    "epsdiluted": 0.638,
    "weightedAverageShsOut": 575665000,
    "weightedAverageShsOutDil": 580455000,
    "link": "https://www.sec.gov/Archives/edgar/data/916365/000091636521000123/0000916365-21-000123-index.htm",
    "finalLink": "https://www.sec.gov/Archives/edgar/data/916365/000091636521000123/tsco-20210626.htm"
  },
  {
    "date": "2021-03-27",
    "symbol": "TSCO",
    "reportedCurrency": "USD",
    "cik": "0000916365",
    "fillingDate": "2021-05-06",
    "acceptedDate": "2021-05-06 17:24:03",
    "calendarYear": "2021",
    "period": "Q1",
    "revenue": 2792336000,
    "costOfRevenue": 1808556000,
    "grossProfit": 983780000,
    "grossProfitRatio": 0.3523143347,
    "researchAndDevelopmentExpenses": 0,
    "generalAndAdministrativeExpenses": 0,
    "sellingAndMarketingExpenses": 0,
    "sellingGeneralAndAdministrativeExpenses": 693190000,
    "otherExpenses": 60054000,
    "operatingExpenses": 753244000,
    "costAndExpenses": 2561800000,
    "interestIncome": 0,
    "interestExpense": 7221000,
    "depreciationAndAmortization": 60054000,
    "ebitda": 290590000,
    "ebitdaratio": 0.1040669891,
    "operatingIncome": 230536000,
    "operatingIncomeRatio": 0.082560265,
    "totalOtherIncomeExpensesNet": -7221000,
    "incomeBeforeTax": 223315000,
    "incomeBeforeTaxRatio": 0.0799742581,
    "incomeTaxExpense": 41961000,
    "netIncome": 181354000,
    "netIncomeRatio": 0.0649470551,
    "eps": 0.31200000000000006,
    "epsdiluted": 0.31000000000000005,
    "weightedAverageShsOut": 580765000,
    "weightedAverageShsOutDil": 586135000,
    "link": "https://www.sec.gov/Archives/edgar/data/916365/000091636521000091/0000916365-21-000091-index.htm",
    "finalLink": "https://www.sec.gov/Archives/edgar/data/916365/000091636521000091/tsco-20210327.htm"
  },
  {
    "date": "2020-12-26",
    "symbol": "TSCO",
    "reportedCurrency": "USD",
    "cik": "0000916365",
    "fillingDate": "2021-02-18",
    "acceptedDate": "2021-02-18 17:24:32",
    "calendarYear": "2020",
    "period": "Q4",
    "revenue": 2878265000,
    "costOfRevenue": 1882735000,
    "grossProfit": 995530000,
    "grossProfitRatio": 0.3458785067,
    "researchAndDevelopmentExpenses": 0,
    "generalAndAdministrativeExpenses": 582700000,
    "sellingAndMarketingExpenses": 100900000,
    "sellingGeneralAndAdministrativeExpenses": 683600000,
    "otherExpenses": 127463000,
    "operatingExpenses": 811063000,
    "costAndExpenses": 2693798000,
    "interestIncome": 0,
    "interestExpense": 8086000,
    "depreciationAndAmortization": 58490000,
    "ebitda": 242957000,
    "ebitdaratio": 0.0844109212,
    "operatingIncome": 184467000,
    "operatingIncomeRatio": 0.0640896512,
    "totalOtherIncomeExpensesNet": -8086000,
    "incomeBeforeTax": 176381000,
    "incomeBeforeTaxRatio": 0.0612803199,
    "incomeTaxExpense": 40488000,
    "netIncome": 135893000,
    "netIncomeRatio": 0.0472135123,
    "eps": 0.23399999999999999,
    "epsdiluted": 0.22999999999999998,
    "weightedAverageShsOut": 582460000,
    "weightedAverageShsOutDil": 588785000,
    "link": "https://www.sec.gov/Archives/edgar/data/916365/000091636521000052/0000916365-21-000052-index.htm",
    "finalLink": "https://www.sec.gov/Archives/edgar/data/916365/000091636521000052/tsco-20201226.htm"
  },
  {
    "date": "2020-09-26",
    "symbol": "TSCO",
    "reportedCurrency": "USD",
    "cik": "0000916365",
    "fillingDate": "2020-10-22",
    "acceptedDate": "2020-10-22 08:28:41",
    "calendarYear": "2020",
    "period": "Q3",
    "revenue": 2606572000,
    "costOfRevenue": 1658615000,
    "grossProfit": 947957000,
    "grossProfitRatio": 0.3636795761,
    "researchAndDevelopmentExpenses": 0,
    "generalAndAdministrativeExpenses": 0,
    "sellingAndMarketingExpenses": 0,
    "sellingGeneralAndAdministrativeExpenses": 641129000,
    "otherExpenses": 54651000,
    "operatingExpenses": 695780000,
    "costAndExpenses": 2354395000,
    "interestIncome": 0,
    "interestExpense": 7208000,
    "depreciationAndAmortization": 54651000,
    "ebitda": 306828000,
    "ebitdaratio": 0.1177132264,
    "operatingIncome": 252177000,
    "operatingIncomeRatio": 0.0967466082,
    "totalOtherIncomeExpensesNet": -7208000,
    "incomeBeforeTax": 244969000,
    "incomeBeforeTaxRatio": 0.0939812904,
    "incomeTaxExpense": 54359000,
    "netIncome": 190610000,
    "netIncomeRatio": 0.0731266967,
    "eps": 0.328,
    "epsdiluted": 0.32400000000000007,
    "weightedAverageShsOut": 581695000,
    "weightedAverageShsOutDil": 588725000,
    "link": "https://www.sec.gov/Archives/edgar/data/916365/000091636520000184/0000916365-20-000184-index.htm",
    "finalLink": "https://www.sec.gov/Archives/edgar/data/916365/000091636520000184/tsco-20200926.htm"
  },
  {
    "date": "2020-06-27",
    "symbol": "TSCO",
    "reportedCurrency": "USD",
    "cik": "0000916365",
    "fillingDate": "2020-08-06",
    "acceptedDate": "2020-08-06 17:17:13",
    "calendarYear": "2020",
    "period": "Q2",
    "revenue": 3176327000,
    "costOfRevenue": 2019514000,
    "grossProfit": 1156813000,
    "grossProfitRatio": 0.3641983335,
    "researchAndDevelopmentExpenses": 0,
    "generalAndAdministrativeExpenses": 0,
    "sellingAndMarketingExpenses": 0,
    "sellingGeneralAndAdministrativeExpenses": 656520000,
    "otherExpenses": 52547000,
    "operatingExpenses": 709067000,
    "costAndExpenses": 2728581000,
    "interestIncome": 0,
    "interestExpense": 8438000,
    "depreciationAndAmortization": 52547000,
    "ebitda": 500293000,
    "ebitdaratio": 0.157506768,
    "operatingIncome": 447746000,
    "operatingIncomeRatio": 0.1409634461,
    "totalOtherIncomeExpensesNet": -8438000,
    "incomeBeforeTax": 439308000,
    "incomeBeforeTaxRatio": 0.1383069187,
    "incomeTaxExpense": 100630000,
    "netIncome": 338678000,
    "netIncomeRatio": 0.1066256717,
    "eps": 0.584,
    "epsdiluted": 0.58,
    "weightedAverageShsOut": 579560000,
    "weightedAverageShsOutDil": 584060000,
    "link": "https://www.sec.gov/Archives/edgar/data/916365/000091636520000154/0000916365-20-000154-index.htm",
    "finalLink": "https://www.sec.gov/Archives/edgar/data/916365/000091636520000154/tsco-20200627.htm"
  },
  {
    "date": "2020-03-28",
    "symbol": "TSCO",
    "reportedCurrency": "USD",
    "cik": "0000916365",
    "fillingDate": "2020-05-07",
    "acceptedDate": "2020-05-07 17:05:41",
    "calendarYear": "2020",
    "period": "Q1",
    "revenue": 1959188000,
    "costOfRevenue": 1297939000,
    "grossProfit": 661249000,
    "grossProfitRatio": 0.3375117651,
    "researchAndDevelopmentExpenses": 0,
    "generalAndAdministrativeExpenses": 0,
    "sellingAndMarketingExpenses": 0,
    "sellingGeneralAndAdministrativeExpenses": 497275000,
    "otherExpenses": 51436000,
    "operatingExpenses": 548711000,
    "costAndExpenses": 1846650000,
    "interestIncome": 0,
    "interestExpense": 5049000,
    "depreciationAndAmortization": 51436000,
    "ebitda": 163974000,
    "ebitdaratio": 0.0836948777,
    "operatingIncome": 112538000,
    "operatingIncomeRatio": 0.057441144,
    "totalOtherIncomeExpensesNet": -5049000,
    "incomeBeforeTax": 107489000,
    "incomeBeforeTaxRatio": 0.0548640559,
    "incomeTaxExpense": 23712000,
    "netIncome": 83777000,
    "netIncomeRatio": 0.0427610827,
    "eps": 0.144,
    "epsdiluted": 0.142,
    "weightedAverageShsOut": 583690000,
    "weightedAverageShsOutDil": 587160000,
    "link": "https://www.sec.gov/Archives/edgar/data/916365/000091636520000107/0000916365-20-000107-index.htm",
    "finalLink": "https://www.sec.gov/Archives/edgar/data/916365/000091636520000107/tsco-20200328.htm"
  },
  {
    "date": "2019-12-28",
    "symbol": "TSCO",
    "reportedCurrency": "USD",
    "cik": "0000916365",
    "fillingDate": "2020-02-20",
    "acceptedDate": "2020-02-20 16:33:42",
    "calendarYear": "2019",
    "period": "Q4",
    "revenue": 2191785000,
    "costOfRevenue": 1449984000,
    "grossProfit": 741801000,
    "grossProfitRatio": 0.3384460611,
    "researchAndDevelopmentExpenses": 0,
    "generalAndAdministrativeExpenses": 413369000,
    "sellingAndMarketingExpenses": 86600000,
    "sellingGeneralAndAdministrativeExpenses": 499969000,
    "otherExpenses": 51394000,
    "operatingExpenses": 551363000,
    "costAndExpenses": 2001347000,
    "interestIncome": 0,
    "interestExpense": 4837000,
    "depreciationAndAmortization": 51394000,
    "ebitda": 241832000,
    "ebitdaratio": 0.1103356397,
    "operatingIncome": 190438000,
    "operatingIncomeRatio": 0.0868871719,
    "totalOtherIncomeExpensesNet": -4837000,
    "incomeBeforeTax": 185601000,
    "incomeBeforeTaxRatio": 0.0846802948,
    "incomeTaxExpense": 41422000,
    "netIncome": 144179000,
    "netIncomeRatio": 0.0657815434,
    "eps": 0.244,
    "epsdiluted": 0.242,
    "weightedAverageShsOut": 591850000,
    "weightedAverageShsOutDil": 596275000,
    "link": "https://www.sec.gov/Archives/edgar/data/916365/000091636520000050/0000916365-20-000050-index.htm",
    "finalLink": "https://www.sec.gov/Archives/edgar/data/916365/000091636520000050/tsco-20191228.htm"
  },
  {
    "date": "2019-09-28",
    "symbol": "TSCO",
    "reportedCurrency": "USD",
    "cik": "0000916365",
    "fillingDate": "2019-11-07",
    "acceptedDate": "2019-11-07 17:03:12",
    "calendarYear": "2019",
    "period": "Q3",
    "revenue": 1984144000,
    "costOfRevenue": 1289904000,
    "grossProfit": 694240000,
    "grossProfitRatio": 0.3498939593,
    "researchAndDevelopmentExpenses": 0,
    "generalAndAdministrativeExpenses": 0,
    "sellingAndMarketingExpenses": 0,
    "sellingGeneralAndAdministrativeExpenses": 482604000,
    "otherExpenses": 49819000,
    "operatingExpenses": 532423000,
    "costAndExpenses": 1822327000,
    "interestIncome": 0,
    "interestExpense": 4900000,
    "depreciationAndAmortization": 49819000,
    "ebitda": 211636000,
    "ebitdaratio": 0.1066636293,
    "operatingIncome": 161817000,
    "operatingIncomeRatio": 0.0815550686,
    "totalOtherIncomeExpensesNet": -4900000,
    "incomeBeforeTax": 156917000,
    "incomeBeforeTaxRatio": 0.0790854898,
    "incomeTaxExpense": 34784000,
    "netIncome": 122133000,
    "netIncomeRatio": 0.0615545041,
    "eps": 0.20600000000000002,
    "epsdiluted": 0.20400000000000001,
    "weightedAverageShsOut": 594780000,
    "weightedAverageShsOutDil": 600290000,
    "link": "https://www.sec.gov/Archives/edgar/data/916365/000091636519000155/0000916365-19-000155-index.htm",
    "finalLink": "https://www.sec.gov/Archives/edgar/data/916365/000091636519000155/q3201910q.htm"
  },
  {
    "date": "2019-06-29",
    "symbol": "TSCO",
    "reportedCurrency": "USD",
    "cik": "0000916365",
    "fillingDate": "2019-08-08",
    "acceptedDate": "2019-08-08 16:37:24",
    "calendarYear": "2019",
    "period": "Q2",
    "revenue": 2353782000,
    "costOfRevenue": 1533037000,
    "grossProfit": 820745000,
    "grossProfitRatio": 0.3486920199,
    "researchAndDevelopmentExpenses": 0,
    "generalAndAdministrativeExpenses": 0,
    "sellingAndMarketingExpenses": 0,
    "sellingGeneralAndAdministrativeExpenses": 484190000,
    "otherExpenses": 48998000,
    "operatingExpenses": 533188000,
    "costAndExpenses": 2066225000,
    "interestIncome": 0,
    "interestExpense": 5176000,
    "depreciationAndAmortization": 48998000,
    "ebitda": 336555000,
    "ebitdaratio": 0.1429847794,
    "operatingIncome": 287557000,
    "operatingIncomeRatio": 0.1221680682,
    "totalOtherIncomeExpensesNet": -5176000,
    "incomeBeforeTax": 282381000,
    "incomeBeforeTaxRatio": 0.1199690541,
    "incomeTaxExpense": 63171000,
    "netIncome": 219210000,
    "netIncomeRatio": 0.0931309696,
    "eps": 0.36400000000000005,
    "epsdiluted": 0.36000000000000004,
    "weightedAverageShsOut": 601855000,
    "weightedAverageShsOutDil": 607540000,
    "link": "https://www.sec.gov/Archives/edgar/data/916365/000091636519000132/0000916365-19-000132-index.htm",
    "finalLink": "https://www.sec.gov/Archives/edgar/data/916365/000091636519000132/q2201910q.htm"
  },
  {
    "date": "2019-03-30",
    "symbol": "TSCO",
    "reportedCurrency": "USD",
    "cik": "0000916365",
    "fillingDate": "2019-05-09",
    "acceptedDate": "2019-05-09 17:09:05",
    "calendarYear": "2019",
    "period": "Q1",
    "revenue": 1822220000,
    "costOfRevenue": 1207236000,
    "grossProfit": 614984000,
    "grossProfitRatio": 0.3374916311,
    "researchAndDevelopmentExpenses": 0,
    "generalAndAdministrativeExpenses": 0,
    "sellingAndMarketingExpenses": 0,
    "sellingGeneralAndAdministrativeExpenses": 465809000,
    "otherExpenses": 45767000,
    "operatingExpenses": 511576000,
    "costAndExpenses": 1718812000,
    "interestIncome": 0,
    "interestExpense": 4930000,
    "depreciationAndAmortization": 45767000,
    "ebitda": 149175000,
    "ebitdaratio": 0.0818644291,
    "operatingIncome": 103408000,
    "operatingIncomeRatio": 0.0567483619,
    "totalOtherIncomeExpensesNet": -4930000,
    "incomeBeforeTax": 98478000,
    "incomeBeforeTaxRatio": 0.0540428708,
    "incomeTaxExpense": 21646000,
    "netIncome": 76832000,
    "netIncomeRatio": 0.0421639539,
    "eps": 0.126,
    "epsdiluted": 0.126,
    "weightedAverageShsOut": 606055000,
    "weightedAverageShsOutDil": 610760000,
    "link": "https://www.sec.gov/Archives/edgar/data/916365/000091636519000085/0000916365-19-000085-index.htm",
    "finalLink": "https://www.sec.gov/Archives/edgar/data/916365/000091636519000085/q1201910q.htm"
  },
  {
    "date": "2018-12-29",
    "symbol": "TSCO",
    "reportedCurrency": "USD",
    "cik": "0000916365",
    "fillingDate": "2019-02-21",
    "acceptedDate": "2019-02-21 17:15:43",
    "calendarYear": "2018",
    "period": "Q4",
    "revenue": 2133271000,
    "costOfRevenue": 1416938000,
    "grossProfit": 716333000,
    "grossProfitRatio": 0.3357909051,
    "researchAndDevelopmentExpenses": 0,
    "generalAndAdministrativeExpenses": 406583000,
    "sellingAndMarketingExpenses": 83400000,
    "sellingGeneralAndAdministrativeExpenses": 489983000,
    "otherExpenses": 45968000,
    "operatingExpenses": 535951000,
    "costAndExpenses": 1952889000,
    "interestIncome": 0,
    "interestExpense": 4446000,
    "depreciationAndAmortization": 45968000,
    "ebitda": 226350000,
    "ebitdaratio": 0.1061046627,
    "operatingIncome": 180382000,
    "operatingIncomeRatio": 0.0845565331,
    "totalOtherIncomeExpensesNet": -4446000,
    "incomeBeforeTax": 175936000,
    "incomeBeforeTaxRatio": 0.0824724097,
    "incomeTaxExpense": 39085000,
    "netIncome": 136851000,
    "netIncomeRatio": 0.0641507807,
    "eps": 0.22400000000000003,
    "epsdiluted": 0.22200000000000003,
    "weightedAverageShsOut": 610760000,
    "weightedAverageShsOutDil": 615860000,
    "link": "https://www.sec.gov/Archives/edgar/data/916365/000091636519000035/0000916365-19-000035-index.htm",
    "finalLink": "https://www.sec.gov/Archives/edgar/data/916365/000091636519000035/a2018q4form10-k.htm"
  },
  {
    "date": "2018-09-29",
    "symbol": "TSCO",
    "reportedCurrency": "USD",
    "cik": "0000916365",
    "fillingDate": "2018-11-08",
    "acceptedDate": "2018-11-08 17:18:14",
    "calendarYear": "2018",
    "period": "Q3",
    "revenue": 1881625000,
    "costOfRevenue": 1228493000,
    "grossProfit": 653132000,
    "grossProfitRatio": 0.3471106092,
    "researchAndDevelopmentExpenses": 0,
    "generalAndAdministrativeExpenses": 0,
    "sellingAndMarketingExpenses": 0,
    "sellingGeneralAndAdministrativeExpenses": 454998000,
    "otherExpenses": 44986000,
    "operatingExpenses": 499984000,
    "costAndExpenses": 1728477000,
    "interestIncome": 0,
    "interestExpense": 4460000,
    "depreciationAndAmortization": 44986000,
    "ebitda": 198134000,
    "ebitdaratio": 0.1052994088,
    "operatingIncome": 153148000,
    "operatingIncomeRatio": 0.0813913506,
    "totalOtherIncomeExpensesNet": -4460000,
    "incomeBeforeTax": 148688000,
    "incomeBeforeTaxRatio": 0.0790210589,
    "incomeTaxExpense": 31904000,
    "netIncome": 116784000,
    "netIncomeRatio": 0.0620655019,
    "eps": 0.192,
    "epsdiluted": 0.19,
    "weightedAverageShsOut": 609380000,
    "weightedAverageShsOutDil": 613805000,
    "link": "https://www.sec.gov/Archives/edgar/data/916365/000091636518000114/0000916365-18-000114-index.htm",
    "finalLink": "https://www.sec.gov/Archives/edgar/data/916365/000091636518000114/q3201810q.htm"
  },
  {
    "date": "2018-06-30",
    "symbol": "TSCO",
    "reportedCurrency": "USD",
    "cik": "0000916365",
    "fillingDate": "2018-08-09",
    "acceptedDate": "2018-08-09 17:09:13",
    "calendarYear": "2018",
    "period": "Q2",
    "revenue": 2213249000,
    "costOfRevenue": 1443835000,
    "grossProfit": 769414000,
    "grossProfitRatio": 0.3476400532,
    "researchAndDevelopmentExpenses": 0,
    "generalAndAdministrativeExpenses": 0,
    "sellingAndMarketingExpenses": 0,
    "sellingGeneralAndAdministrativeExpenses": 452346000,
    "otherExpenses": 43610000,
    "operatingExpenses": 495956000,
    "costAndExpenses": 1939791000,
    "interestIncome": 0,
    "interestExpense": 4978000,
    "depreciationAndAmortization": 43610000,
    "ebitda": 317068000,
    "ebitdaratio": 0.143259073,
    "operatingIncome": 273458000,
    "operatingIncomeRatio": 0.1235550089,
    "totalOtherIncomeExpensesNet": -4978000,
    "incomeBeforeTax": 268480000,
    "incomeBeforeTaxRatio": 0.1213058269,
    "incomeTaxExpense": 61191000,
    "netIncome": 207289000,
    "netIncomeRatio": 0.0936582373,
    "eps": 0.34,
    "epsdiluted": 0.338,
    "weightedAverageShsOut": 610500000,
    "weightedAverageShsOutDil": 613875000,
    "link": "https://www.sec.gov/Archives/edgar/data/916365/000091636518000093/0000916365-18-000093-index.htm",
    "finalLink": "https://www.sec.gov/Archives/edgar/data/916365/000091636518000093/q2201810q.htm"
  },
  {
    "date": "2018-03-31",
    "symbol": "TSCO",
    "reportedCurrency": "USD",
    "cik": "0000916365",
    "fillingDate": "2018-05-11",
    "acceptedDate": "2018-05-10 17:47:11",
    "calendarYear": "2018",
    "period": "Q1",
    "revenue": 1682901000,
    "costOfRevenue": 1119252000,
    "grossProfit": 563649000,
    "grossProfitRatio": 0.33492701,
    "researchAndDevelopmentExpenses": 0,
    "generalAndAdministrativeExpenses": 0,
    "sellingAndMarketingExpenses": 0,
    "sellingGeneralAndAdministrativeExpenses": 426113000,
    "otherExpenses": 42787000,
    "operatingExpenses": 468900000,
    "costAndExpenses": 1588152000,
    "interestIncome": 0,
    "interestExpense": 4468000,
    "depreciationAndAmortization": 42787000,
    "ebitda": 137536000,
    "ebitdaratio": 0.0817255442,
    "operatingIncome": 94749000,
    "operatingIncomeRatio": 0.0563009945,
    "totalOtherIncomeExpensesNet": -4468000,
    "incomeBeforeTax": 90281000,
    "incomeBeforeTaxRatio": 0.0536460552,
    "incomeTaxExpense": 18848000,
    "netIncome": 71433000,
    "netIncomeRatio": 0.0424463471,
    "eps": 0.11399999999999999,
    "epsdiluted": 0.11399999999999999,
    "weightedAverageShsOut": 622385000,
    "weightedAverageShsOutDil": 625870000,
    "link": "https://www.sec.gov/Archives/edgar/data/916365/000091636518000049/0000916365-18-000049-index.htm",
    "finalLink": "https://www.sec.gov/Archives/edgar/data/916365/000091636518000049/q1201810q.htm"
  },
  {
    "date": "2017-12-30",
    "symbol": "TSCO",
    "reportedCurrency": "USD",
    "cik": "0000916365",
    "fillingDate": "2018-02-22",
    "acceptedDate": "2018-02-22 17:02:48",
    "calendarYear": "2017",
    "period": "Q4",
    "revenue": 1952838000,
    "costOfRevenue": 1284240000,
    "grossProfit": 668598000,
    "grossProfitRatio": 0.3423724856,
    "researchAndDevelopmentExpenses": 0,
    "generalAndAdministrativeExpenses": 0,
    "sellingAndMarketingExpenses": 0,
    "sellingGeneralAndAdministrativeExpenses": 441623000,
    "otherExpenses": 43133000,
    "operatingExpenses": 484756000,
    "costAndExpenses": 1768996000,
    "interestIncome": 0,
    "interestExpense": 4238000,
    "depreciationAndAmortization": 43133000,
    "ebitda": 226975000,
    "ebitdaratio": 0.116228279,
    "operatingIncome": 183842000,
    "operatingIncomeRatio": 0.0941409374,
    "totalOtherIncomeExpensesNet": -4238000,
    "incomeBeforeTax": 179604000,
    "incomeBeforeTaxRatio": 0.0919707626,
    "incomeTaxExpense": 69861000,
    "netIncome": 109743000,
    "netIncomeRatio": 0.0561966738,
    "eps": 0.17400000000000002,
    "epsdiluted": 0.17400000000000002,
    "weightedAverageShsOut": 627365000,
    "weightedAverageShsOutDil": 630420000,
    "link": "https://www.sec.gov/Archives/edgar/data/916365/000091636518000031/0000916365-18-000031-index.htm",
    "finalLink": "https://www.sec.gov/Archives/edgar/data/916365/000091636518000031/a2017q4form10-k.htm"
  },
  {
    "date": "2017-09-30",
    "symbol": "TSCO",
    "reportedCurrency": "USD",
    "cik": "0000916365",
    "fillingDate": "2017-11-09",
    "acceptedDate": "2017-11-09 16:54:15",
    "calendarYear": "2017",
    "period": "Q3",
    "revenue": 1721704000,
    "costOfRevenue": 1121248000,
    "grossProfit": 600456000,
    "grossProfitRatio": 0.348756813,
    "researchAndDevelopmentExpenses": 0,
    "generalAndAdministrativeExpenses": 0,
    "sellingAndMarketingExpenses": 0,
    "sellingGeneralAndAdministrativeExpenses": 410276000,
    "otherExpenses": 41927000,
    "operatingExpenses": 452203000,
    "costAndExpenses": 1573451000,
    "interestIncome": 0,
    "interestExpense": 3752000,
    "depreciationAndAmortization": 41927000,
    "ebitda": 190180000,
    "ebitdaratio": 0.1104603346,
    "operatingIncome": 148253000,
    "operatingIncomeRatio": 0.0861082974,
    "totalOtherIncomeExpensesNet": -3752000,
    "incomeBeforeTax": 144501000,
    "incomeBeforeTaxRatio": 0.083929061,
    "incomeTaxExpense": 52605000,
    "netIncome": 91896000,
    "netIncomeRatio": 0.0533750285,
    "eps": 0.146,
    "epsdiluted": 0.144,
    "weightedAverageShsOut": 632080000,
    "weightedAverageShsOutDil": 634595000,
    "link": "https://www.sec.gov/Archives/edgar/data/916365/000091636517000109/0000916365-17-000109-index.htm",
    "finalLink": "https://www.sec.gov/Archives/edgar/data/916365/000091636517000109/q3201710q.htm"
  },
  {
    "date": "2017-07-01",
    "symbol": "TSCO",
    "reportedCurrency": "USD",
    "cik": "0000916365",
    "fillingDate": "2017-08-10",
    "acceptedDate": "2017-08-10 16:56:16",
    "calendarYear": "2017",
    "period": "Q2",
    "revenue": 2017762000,
    "costOfRevenue": 1313054000,
    "grossProfit": 704708000,
    "grossProfitRatio": 0.3492522904,
    "researchAndDevelopmentExpenses": 0,
    "generalAndAdministrativeExpenses": 0,
    "sellingAndMarketingExpenses": 0,
    "sellingGeneralAndAdministrativeExpenses": 405736000,
    "otherExpenses": 41047000,
    "operatingExpenses": 446783000,
    "costAndExpenses": 1759837000,
    "interestIncome": 0,
    "interestExpense": 3092000,
    "depreciationAndAmortization": 41047000,
    "ebitda": 298972000,
    "ebitdaratio": 0.1481701013,
    "operatingIncome": 257925000,
    "operatingIncomeRatio": 0.1278272661,
    "totalOtherIncomeExpensesNet": -3092000,
    "incomeBeforeTax": 254833000,
    "incomeBeforeTaxRatio": 0.1262948752,
    "incomeTaxExpense": 94184000,
    "netIncome": 160649000,
    "netIncomeRatio": 0.0796174177,
    "eps": 0.25,
    "epsdiluted": 0.25,
    "weightedAverageShsOut": 640930000,
    "weightedAverageShsOutDil": 643610000,
    "link": "https://www.sec.gov/Archives/edgar/data/916365/000091636517000092/0000916365-17-000092-index.htm",
    "finalLink": "https://www.sec.gov/Archives/edgar/data/916365/000091636517000092/q2201710q.htm"
  },
  {
    "date": "2017-04-01",
    "symbol": "TSCO",
    "reportedCurrency": "USD",
    "cik": "0000916365",
    "fillingDate": "2017-05-10",
    "acceptedDate": "2017-05-10 16:38:23",
    "calendarYear": "2017",
    "period": "Q1",
    "revenue": 1564078000,
    "costOfRevenue": 1045875000,
    "grossProfit": 518203000,
    "grossProfitRatio": 0.331315318,
    "researchAndDevelopmentExpenses": 0,
    "generalAndAdministrativeExpenses": 0,
    "sellingAndMarketingExpenses": 0,
    "sellingGeneralAndAdministrativeExpenses": 382114000,
    "otherExpenses": 39727000,
    "operatingExpenses": 421841000,
    "costAndExpenses": 1467716000,
    "interestIncome": 0,
    "interestExpense": 2777000,
    "depreciationAndAmortization": 39727000,
    "ebitda": 136089000,
    "ebitdaratio": 0.0870090878,
    "operatingIncome": 96362000,
    "operatingIncomeRatio": 0.0616094594,
    "totalOtherIncomeExpensesNet": -2777000,
    "incomeBeforeTax": 93585000,
    "incomeBeforeTaxRatio": 0.0598339725,
    "incomeTaxExpense": 33274000,
    "netIncome": 60311000,
    "netIncomeRatio": 0.0385600974,
    "eps": 0.09200000000000001,
    "epsdiluted": 0.09200000000000001,
    "weightedAverageShsOut": 651380000,
    "weightedAverageShsOutDil": 655450000,
    "link": "https://www.sec.gov/Archives/edgar/data/916365/000091636517000060/0000916365-17-000060-index.htm",
    "finalLink": "https://www.sec.gov/Archives/edgar/data/916365/000091636517000060/q1201710q.htm"
  },
  {
    "date": "2016-12-31",
    "symbol": "TSCO",
    "reportedCurrency": "USD",
    "cik": "0000916365",
    "fillingDate": "2017-02-23",
    "acceptedDate": "2017-02-23 17:28:43",
    "calendarYear": "2016",
    "period": "Q4",
    "revenue": 1916542000,
    "costOfRevenue": 1270280000,
    "grossProfit": 646262000,
    "grossProfitRatio": 0.3372021067,
    "researchAndDevelopmentExpenses": 0,
    "generalAndAdministrativeExpenses": 327784000,
    "sellingAndMarketingExpenses": 84200000,
    "sellingGeneralAndAdministrativeExpenses": 411984000,
    "otherExpenses": 39662000,
    "operatingExpenses": 451646000,
    "costAndExpenses": 1721926000,
    "interestIncome": 0,
    "interestExpense": 1665000,
    "depreciationAndAmortization": 39662000,
    "ebitda": 234278000,
    "ebitdaratio": 0.1222399509,
    "operatingIncome": 194616000,
    "operatingIncomeRatio": 0.1015453875,
    "totalOtherIncomeExpensesNet": -1665000,
    "incomeBeforeTax": 192951000,
    "incomeBeforeTaxRatio": 0.1006766353,
    "incomeTaxExpense": 69368000,
    "netIncome": 123583000,
    "netIncomeRatio": 0.0644822811,
    "eps": 0.188,
    "epsdiluted": 0.188,
    "weightedAverageShsOut": 655845000,
    "weightedAverageShsOutDil": 659290000,
    "link": "https://www.sec.gov/Archives/edgar/data/916365/000091636517000031/0000916365-17-000031-index.htm",
    "finalLink": "https://www.sec.gov/Archives/edgar/data/916365/000091636517000031/a2016form10-k.htm"
  },
  {
    "date": "2016-09-24",
    "symbol": "TSCO",
    "reportedCurrency": "USD",
    "cik": "0000916365",
    "fillingDate": "2016-11-04",
    "acceptedDate": "2016-11-03 18:59:43",
    "calendarYear": "2016",
    "period": "Q3",
    "revenue": 1542706000,
    "costOfRevenue": 1007432000,
    "grossProfit": 535274000,
    "grossProfitRatio": 0.3469708421,
    "researchAndDevelopmentExpenses": 0,
    "generalAndAdministrativeExpenses": 0,
    "sellingAndMarketingExpenses": 0,
    "sellingGeneralAndAdministrativeExpenses": 357592000,
    "otherExpenses": 35662000,
    "operatingExpenses": 393254000,
    "costAndExpenses": 1400686000,
    "interestIncome": 0,
    "interestExpense": 1110000,
    "depreciationAndAmortization": 35662000,
    "ebitda": 177682000,
    "ebitdaratio": 0.1151755422,
    "operatingIncome": 142020000,
    "operatingIncomeRatio": 0.0920590184,
    "totalOtherIncomeExpensesNet": -1110000,
    "incomeBeforeTax": 140910000,
    "incomeBeforeTaxRatio": 0.0913395034,
    "incomeTaxExpense": 51466000,
    "netIncome": 89444000,
    "netIncomeRatio": 0.0579786427,
    "eps": 0.134,
    "epsdiluted": 0.134,
    "weightedAverageShsOut": 666960000,
    "weightedAverageShsOutDil": 671280000,
    "link": "https://www.sec.gov/Archives/edgar/data/916365/000091636516000207/0000916365-16-000207-index.htm",
    "finalLink": "https://www.sec.gov/Archives/edgar/data/916365/000091636516000207/q3201610q.htm"
  },
  {
    "date": "2016-06-25",
    "symbol": "TSCO",
    "reportedCurrency": "USD",
    "cik": "0000916365",
    "fillingDate": "2016-08-04",
    "acceptedDate": "2016-08-04 17:20:12",
    "calendarYear": "2016",
    "period": "Q2",
    "revenue": 1852534000,
    "costOfRevenue": 1203312000,
    "grossProfit": 649222000,
    "grossProfitRatio": 0.3504507879,
    "researchAndDevelopmentExpenses": 0,
    "generalAndAdministrativeExpenses": 0,
    "sellingAndMarketingExpenses": 0,
    "sellingGeneralAndAdministrativeExpenses": 365916000,
    "otherExpenses": 34057000,
    "operatingExpenses": 399973000,
    "costAndExpenses": 1603285000,
    "interestIncome": 0,
    "interestExpense": 1910000,
    "depreciationAndAmortization": 34057000,
    "ebitda": 283306000,
    "ebitdaratio": 0.1529289071,
    "operatingIncome": 249249000,
    "operatingIncomeRatio": 0.134544899,
    "totalOtherIncomeExpensesNet": -1910000,
    "incomeBeforeTax": 247339000,
    "incomeBeforeTaxRatio": 0.1335138788,
    "incomeTaxExpense": 90914000,
    "netIncome": 156425000,
    "netIncomeRatio": 0.0844383963,
    "eps": 0.23399999999999999,
    "epsdiluted": 0.23199999999999998,
    "weightedAverageShsOut": 667820000,
    "weightedAverageShsOutDil": 672810000,
    "link": "https://www.sec.gov/Archives/edgar/data/916365/000091636516000193/0000916365-16-000193-index.htm",
    "finalLink": "https://www.sec.gov/Archives/edgar/data/916365/000091636516000193/q2201610q.htm"
  },
  {
    "date": "2016-03-26",
    "symbol": "TSCO",
    "reportedCurrency": "USD",
    "cik": "0000916365",
    "fillingDate": "2016-05-05",
    "acceptedDate": "2016-05-05 17:10:50",
    "calendarYear": "2016",
    "period": "Q1",
    "revenue": 1467797000,
    "costOfRevenue": 973353000,
    "grossProfit": 494444000,
    "grossProfitRatio": 0.3368612962,
    "researchAndDevelopmentExpenses": 0,
    "generalAndAdministrativeExpenses": 0,
    "sellingAndMarketingExpenses": 0,
    "sellingGeneralAndAdministrativeExpenses": 352672000,
    "otherExpenses": 33577000,
    "operatingExpenses": 386249000,
    "costAndExpenses": 1359602000,
    "interestIncome": 0,
    "interestExpense": 1125000,
    "depreciationAndAmortization": 33577000,
    "ebitda": 141772000,
    "ebitdaratio": 0.0965882884,
    "operatingIncome": 108195000,
    "operatingIncomeRatio": 0.0737125093,
    "totalOtherIncomeExpensesNet": -1125000,
    "incomeBeforeTax": 107070000,
    "incomeBeforeTaxRatio": 0.0729460545,
    "incomeTaxExpense": 39402000,
    "netIncome": 67668000,
    "netIncomeRatio": 0.046101743,
    "eps": 0.10200000000000001,
    "epsdiluted": 0.1,
    "weightedAverageShsOut": 668150000,
    "weightedAverageShsOutDil": 673545000,
    "link": "https://www.sec.gov/Archives/edgar/data/916365/000091636516000178/0000916365-16-000178-index.htm",
    "finalLink": "https://www.sec.gov/Archives/edgar/data/916365/000091636516000178/q1201610q.htm"
  },
  {
    "date": "2015-12-26",
    "symbol": "TSCO",
    "reportedCurrency": "USD",
    "cik": "0000916365",
    "fillingDate": "2016-02-23",
    "acceptedDate": "2016-02-22 19:39:51",
    "calendarYear": "2015",
    "period": "Q4",
    "revenue": 1646610000,
    "costOfRevenue": 1085609000,
    "grossProfit": 561001000,
    "grossProfitRatio": 0.3407005909,
    "researchAndDevelopmentExpenses": 0,
    "generalAndAdministrativeExpenses": 280988000,
    "sellingAndMarketingExpenses": 73900000,
    "sellingGeneralAndAdministrativeExpenses": 354888000,
    "otherExpenses": 32825000,
    "operatingExpenses": 387713000,
    "costAndExpenses": 1473322000,
    "interestIncome": 0,
    "interestExpense": 411000,
    "depreciationAndAmortization": 32825000,
    "ebitda": 206113000,
    "ebitdaratio": 0.1251741457,
    "operatingIncome": 173288000,
    "operatingIncomeRatio": 0.1052392491,
    "totalOtherIncomeExpensesNet": -411000,
    "incomeBeforeTax": 172877000,
    "incomeBeforeTaxRatio": 0.1049896454,
    "incomeTaxExpense": 61165000,
    "netIncome": 111712000,
    "netIncomeRatio": 0.0678436302,
    "eps": 0.166,
    "epsdiluted": 0.164,
    "weightedAverageShsOut": 671690000,
    "weightedAverageShsOutDil": 677530000,
    "link": "https://www.sec.gov/Archives/edgar/data/916365/000091636516000140/0000916365-16-000140-index.htm",
    "finalLink": "https://www.sec.gov/Archives/edgar/data/916365/000091636516000140/a2015form10-k.htm"
  },
  {
    "date": "2015-09-26",
    "symbol": "TSCO",
    "reportedCurrency": "USD",
    "cik": "0000916365",
    "fillingDate": "2015-11-05",
    "acceptedDate": "2015-11-05 16:45:07",
    "calendarYear": "2015",
    "period": "Q3",
    "revenue": 1475645000,
    "costOfRevenue": 963397000,
    "grossProfit": 512248000,
    "grossProfitRatio": 0.3471349817,
    "researchAndDevelopmentExpenses": 0,
    "generalAndAdministrativeExpenses": 0,
    "sellingAndMarketingExpenses": 0,
    "sellingGeneralAndAdministrativeExpenses": 342891000,
    "otherExpenses": 30149000,
    "operatingExpenses": 373040000,
    "costAndExpenses": 1336437000,
    "interestIncome": 0,
    "interestExpense": 782000,
    "depreciationAndAmortization": 30149000,
    "ebitda": 169357000,
    "ebitdaratio": 0.1147681183,
    "operatingIncome": 139208000,
    "operatingIncomeRatio": 0.0943370526,
    "totalOtherIncomeExpensesNet": -782000,
    "incomeBeforeTax": 138426000,
    "incomeBeforeTaxRatio": 0.0938071149,
    "incomeTaxExpense": 51114000,
    "netIncome": 87312000,
    "netIncomeRatio": 0.0591687025,
    "eps": 0.128,
    "epsdiluted": 0.128,
    "weightedAverageShsOut": 677625000,
    "weightedAverageShsOutDil": 683705000,
    "link": "https://www.sec.gov/Archives/edgar/data/916365/000091636515000103/0000916365-15-000103-index.htm",
    "finalLink": "https://www.sec.gov/Archives/edgar/data/916365/000091636515000103/q3201510q.htm"
  },
  {
    "date": "2015-06-27",
    "symbol": "TSCO",
    "reportedCurrency": "USD",
    "cik": "0000916365",
    "fillingDate": "2015-08-05",
    "acceptedDate": "2015-08-05 17:05:54",
    "calendarYear": "2015",
    "period": "Q2",
    "revenue": 1772900000,
    "costOfRevenue": 1147580000,
    "grossProfit": 625320000,
    "grossProfitRatio": 0.3527102487,
    "researchAndDevelopmentExpenses": 0,
    "generalAndAdministrativeExpenses": 0,
    "sellingAndMarketingExpenses": 0,
    "sellingGeneralAndAdministrativeExpenses": 349842000,
    "otherExpenses": 30313000,
    "operatingExpenses": 380155000,
    "costAndExpenses": 1527735000,
    "interestIncome": 0,
    "interestExpense": 832000,
    "depreciationAndAmortization": 30313000,
    "ebitda": 275478000,
    "ebitdaratio": 0.1553827063,
    "operatingIncome": 245165000,
    "operatingIncomeRatio": 0.1382847312,
    "totalOtherIncomeExpensesNet": -832000,
    "incomeBeforeTax": 244333000,
    "incomeBeforeTaxRatio": 0.1378154436,
    "incomeTaxExpense": 91002000,
    "netIncome": 153331000,
    "netIncomeRatio": 0.0864859834,
    "eps": 0.22599999999999998,
    "epsdiluted": 0.22400000000000003,
    "weightedAverageShsOut": 680600000,
    "weightedAverageShsOutDil": 687000000,
    "link": "https://www.sec.gov/Archives/edgar/data/916365/000091636515000093/0000916365-15-000093-index.htm",
    "finalLink": "https://www.sec.gov/Archives/edgar/data/916365/000091636515000093/q2201510q.htm"
  },
  {
    "date": "2015-03-28",
    "symbol": "TSCO",
    "reportedCurrency": "USD",
    "cik": "0000916365",
    "fillingDate": "2015-05-07",
    "acceptedDate": "2015-05-07 16:10:22",
    "calendarYear": "2015",
    "period": "Q1",
    "revenue": 1331352000,
    "costOfRevenue": 886747000,
    "grossProfit": 444605000,
    "grossProfitRatio": 0.3339499997,
    "researchAndDevelopmentExpenses": 0,
    "generalAndAdministrativeExpenses": 0,
    "sellingAndMarketingExpenses": 0,
    "sellingGeneralAndAdministrativeExpenses": 321476000,
    "otherExpenses": 30282000,
    "operatingExpenses": 351758000,
    "costAndExpenses": 1238505000,
    "interestIncome": 0,
    "interestExpense": 866000,
    "depreciationAndAmortization": 30282000,
    "ebitda": 123129000,
    "ebitdaratio": 0.0924841815,
    "operatingIncome": 92847000,
    "operatingIncomeRatio": 0.069738882,
    "totalOtherIncomeExpensesNet": -866000,
    "incomeBeforeTax": 91981000,
    "incomeBeforeTaxRatio": 0.0690884154,
    "incomeTaxExpense": 33941000,
    "netIncome": 58040000,
    "netIncomeRatio": 0.0435947818,
    "eps": 0.08600000000000001,
    "epsdiluted": 0.084,
    "weightedAverageShsOut": 681735000,
    "weightedAverageShsOutDil": 688675000,
    "link": "https://www.sec.gov/Archives/edgar/data/916365/000091636515000078/0000916365-15-000078-index.htm",
    "finalLink": "https://www.sec.gov/Archives/edgar/data/916365/000091636515000078/q1201510q.htm"
  },
  {
    "date": "2014-12-31",
    "symbol": "TSCO",
    "reportedCurrency": "USD",
    "cik": "0000916365",
    "fillingDate": "2014-12-31",
    "acceptedDate": "2014-12-30 19:00:00",
    "calendarYear": "2014",
    "period": "Q4",
    "revenue": 1584254000,
    "costOfRevenue": 1044659000,
    "grossProfit": 539595000,
    "grossProfitRatio": 0.3405987929,
    "researchAndDevelopmentExpenses": 0,
    "generalAndAdministrativeExpenses": 261380000,
    "sellingAndMarketingExpenses": 70400000,
    "sellingGeneralAndAdministrativeExpenses": 331780000,
    "otherExpenses": 30114000,
    "operatingExpenses": 361894000,
    "costAndExpenses": 1406553000,
    "interestIncome": 0,
    "interestExpense": 618000,
    "depreciationAndAmortization": 30114000,
    "ebitda": 207815000,
    "ebitdaratio": 0.131175304,
    "operatingIncome": 177701000,
    "operatingIncomeRatio": 0.1121669884,
    "totalOtherIncomeExpensesNet": -618000,
    "incomeBeforeTax": 177083000,
    "incomeBeforeTaxRatio": 0.1117768994,
    "incomeTaxExpense": 65021000,
    "netIncome": 112062000,
    "netIncomeRatio": 0.0707348695,
    "eps": 0.164,
    "epsdiluted": 0.16200000000000003,
    "weightedAverageShsOut": 680970000,
    "weightedAverageShsOutDil": 688665000,
    "link": null,
    "finalLink": null
  },
  {
    "date": "2014-09-30",
    "symbol": "TSCO",
    "reportedCurrency": "USD",
    "cik": "0000916365",
    "fillingDate": "2014-09-30",
    "acceptedDate": "2014-09-29 20:00:00",
    "calendarYear": "2014",
    "period": "Q3",
    "revenue": 1359950000,
    "costOfRevenue": 895881000,
    "grossProfit": 464069000,
    "grossProfitRatio": 0.3412397515,
    "researchAndDevelopmentExpenses": 0,
    "generalAndAdministrativeExpenses": 0,
    "sellingAndMarketingExpenses": 0,
    "sellingGeneralAndAdministrativeExpenses": 312669000,
    "otherExpenses": 29387000,
    "operatingExpenses": 342056000,
    "costAndExpenses": 1237937000,
    "interestIncome": 0,
    "interestExpense": 505000,
    "depreciationAndAmortization": 29387000,
    "ebitda": 151400000,
    "ebitdaratio": 0.1113276223,
    "operatingIncome": 122013000,
    "operatingIncomeRatio": 0.0897187397,
    "totalOtherIncomeExpensesNet": -505000,
    "incomeBeforeTax": 121508000,
    "incomeBeforeTaxRatio": 0.0893474025,
    "incomeTaxExpense": 44905000,
    "netIncome": 76603000,
    "netIncomeRatio": 0.0563278062,
    "eps": 0.11200000000000002,
    "epsdiluted": 0.11000000000000001,
    "weightedAverageShsOut": 686835000,
    "weightedAverageShsOutDil": 694315000,
    "link": null,
    "finalLink": null
  },
  {
    "date": "2014-06-30",
    "symbol": "TSCO",
    "reportedCurrency": "USD",
    "cik": "0000916365",
    "fillingDate": "2014-06-30",
    "acceptedDate": "2014-06-29 20:00:00",
    "calendarYear": "2014",
    "period": "Q2",
    "revenue": 1583831000,
    "costOfRevenue": 1033299000,
    "grossProfit": 550532000,
    "grossProfitRatio": 0.3475951664,
    "researchAndDevelopmentExpenses": 0,
    "generalAndAdministrativeExpenses": 0,
    "sellingAndMarketingExpenses": 0,
    "sellingGeneralAndAdministrativeExpenses": 311589000,
    "otherExpenses": 27914000,
    "operatingExpenses": 339503000,
    "costAndExpenses": 1372802000,
    "interestIncome": 0,
    "interestExpense": 308000,
    "depreciationAndAmortization": 27914000,
    "ebitda": 238943000,
    "ebitdaratio": 0.1508639495,
    "operatingIncome": 211029000,
    "operatingIncomeRatio": 0.1332395944,
    "totalOtherIncomeExpensesNet": -308000,
    "incomeBeforeTax": 210721000,
    "incomeBeforeTaxRatio": 0.1330451292,
    "incomeTaxExpense": 77310000,
    "netIncome": 133411000,
    "netIncomeRatio": 0.0842331032,
    "eps": 0.192,
    "epsdiluted": 0.19,
    "weightedAverageShsOut": 691970000,
    "weightedAverageShsOutDil": 700550000,
    "link": null,
    "finalLink": null
  },
  {
    "date": "2014-03-31",
    "symbol": "TSCO",
    "reportedCurrency": "USD",
    "cik": "0000916365",
    "fillingDate": "2014-04-23",
    "acceptedDate": "2014-04-23 16:42:13",
    "calendarYear": "2014",
    "period": "Q1",
    "revenue": 1183680000,
    "costOfRevenue": 787461000,
    "grossProfit": 396219000,
    "grossProfitRatio": 0.3347348946,
    "researchAndDevelopmentExpenses": 0,
    "generalAndAdministrativeExpenses": 0,
    "sellingAndMarketingExpenses": 0,
    "sellingGeneralAndAdministrativeExpenses": 290270000,
    "otherExpenses": 27220000,
    "operatingExpenses": 317490000,
    "costAndExpenses": 1104951000,
    "interestIncome": 0,
    "interestExpense": 454000,
    "depreciationAndAmortization": 27220000,
    "ebitda": 105949000,
    "ebitdaratio": 0.0895081441,
    "operatingIncome": 78729000,
    "operatingIncomeRatio": 0.0665120641,
    "totalOtherIncomeExpensesNet": -454000,
    "incomeBeforeTax": 78275000,
    "incomeBeforeTaxRatio": 0.0661285145,
    "incomeTaxExpense": 29466000,
    "netIncome": 48809000,
    "netIncomeRatio": 0.0412349622,
    "eps": 0.06999999999999999,
    "epsdiluted": 0.06999999999999999,
    "weightedAverageShsOut": 695590000,
    "weightedAverageShsOutDil": 705160000,
    "link": "https://www.sec.gov/Archives/edgar/data/916365/000091636514000083/0000916365-14-000083-index.htm",
    "finalLink": "https://www.sec.gov/Archives/edgar/data/916365/000091636514000083/q120148k.htm"
  },
  {
    "date": "2013-12-31",
    "symbol": "TSCO",
    "reportedCurrency": "USD",
    "cik": "0000916365",
    "fillingDate": "2013-12-31",
    "acceptedDate": "2013-12-31 00:00:00",
    "calendarYear": "2013",
    "period": "Q4",
    "revenue": 1415089000,
    "costOfRevenue": 935377000,
    "grossProfit": 479712000,
    "grossProfitRatio": 0.3389977592,
    "researchAndDevelopmentExpenses": 0,
    "generalAndAdministrativeExpenses": 240065000,
    "sellingAndMarketingExpenses": 65600000,
    "sellingGeneralAndAdministrativeExpenses": 305665000,
    "otherExpenses": 26969000,
    "operatingExpenses": 332634000,
    "costAndExpenses": 1268011000,
    "interestIncome": 0,
    "interestExpense": 0,
    "depreciationAndAmortization": 26969000,
    "ebitda": 174047000,
    "ebitdaratio": 0.1229936774,
    "operatingIncome": 147078000,
    "operatingIncomeRatio": 0.1039355122,
    "totalOtherIncomeExpensesNet": 528000,
    "incomeBeforeTax": 147606000,
    "incomeBeforeTaxRatio": 0.1043086336,
    "incomeTaxExpense": 51725000,
    "netIncome": 95881000,
    "netIncomeRatio": 0.0677561623,
    "eps": 0.13799999999999998,
    "epsdiluted": 0.136,
    "weightedAverageShsOut": 698745000,
    "weightedAverageShsOutDil": 709145000,
    "link": null,
    "finalLink": null
  },
  {
    "date": "2013-09-28",
    "symbol": "TSCO",
    "reportedCurrency": "USD",
    "cik": "0000916365",
    "fillingDate": "2013-11-04",
    "acceptedDate": "2013-11-04 17:17:45",
    "calendarYear": "2013",
    "period": "Q3",
    "revenue": 1208090000,
    "costOfRevenue": 792424000,
    "grossProfit": 415666000,
    "grossProfitRatio": 0.3440687366,
    "researchAndDevelopmentExpenses": 0,
    "generalAndAdministrativeExpenses": 0,
    "sellingAndMarketingExpenses": 0,
    "sellingGeneralAndAdministrativeExpenses": 287859000,
    "otherExpenses": 26137000,
    "operatingExpenses": 313996000,
    "costAndExpenses": 1106420000,
    "interestIncome": 0,
    "interestExpense": 350000,
    "depreciationAndAmortization": 26137000,
    "ebitda": 127807000,
    "ebitdaratio": 0.1057926148,
    "operatingIncome": 101670000,
    "operatingIncomeRatio": 0.0841576373,
    "totalOtherIncomeExpensesNet": -350000,
    "incomeBeforeTax": 101320000,
    "incomeBeforeTaxRatio": 0.0838679237,
    "incomeTaxExpense": 36553000,
    "netIncome": 64767000,
    "netIncomeRatio": 0.053611072,
    "eps": 0.09200000000000001,
    "epsdiluted": 0.09200000000000001,
    "weightedAverageShsOut": 697620000,
    "weightedAverageShsOutDil": 708630000,
    "link": "https://www.sec.gov/Archives/edgar/data/916365/000091636513000056/0000916365-13-000056-index.htm",
    "finalLink": "https://www.sec.gov/Archives/edgar/data/916365/000091636513000056/q3201310q.htm"
  },
  {
    "date": "2013-06-29",
    "symbol": "TSCO",
    "reportedCurrency": "USD",
    "cik": "0000916365",
    "fillingDate": "2013-08-05",
    "acceptedDate": "2013-08-05 08:59:14",
    "calendarYear": "2013",
    "period": "Q2",
    "revenue": 1455767000,
    "costOfRevenue": 949627000,
    "grossProfit": 506140000,
    "grossProfitRatio": 0.3476792646,
    "researchAndDevelopmentExpenses": 0,
    "generalAndAdministrativeExpenses": 0,
    "sellingAndMarketingExpenses": 0,
    "sellingGeneralAndAdministrativeExpenses": 283941000,
    "otherExpenses": 24220000,
    "operatingExpenses": 308161000,
    "costAndExpenses": 1257788000,
    "interestIncome": 0,
    "interestExpense": 556000,
    "depreciationAndAmortization": 24220000,
    "ebitda": 222199000,
    "ebitdaratio": 0.1526336289,
    "operatingIncome": 197979000,
    "operatingIncomeRatio": 0.1359963511,
    "totalOtherIncomeExpensesNet": -556000,
    "incomeBeforeTax": 197423000,
    "incomeBeforeTaxRatio": 0.1356144218,
    "incomeTaxExpense": 73843000,
    "netIncome": 123580000,
    "netIncomeRatio": 0.0848899584,
    "eps": 0.17800000000000002,
    "epsdiluted": 0.17600000000000002,
    "weightedAverageShsOut": 696720000,
    "weightedAverageShsOutDil": 707900000,
    "link": "https://www.sec.gov/Archives/edgar/data/916365/000091636513000024/0000916365-13-000024-index.htm",
    "finalLink": "https://www.sec.gov/Archives/edgar/data/916365/000091636513000024/q2201310q.htm"
  },
  {
    "date": "2013-03-30",
    "symbol": "TSCO",
    "reportedCurrency": "USD",
    "cik": "0000916365",
    "fillingDate": "2013-05-06",
    "acceptedDate": "2013-05-06 16:45:13",
    "calendarYear": "2013",
    "period": "Q1",
    "revenue": 1085838000,
    "costOfRevenue": 733747000,
    "grossProfit": 352091000,
    "grossProfitRatio": 0.3242573938,
    "researchAndDevelopmentExpenses": 0,
    "generalAndAdministrativeExpenses": 0,
    "sellingAndMarketingExpenses": 0,
    "sellingGeneralAndAdministrativeExpenses": 261469000,
    "otherExpenses": 22699000,
    "operatingExpenses": 284168000,
    "costAndExpenses": 1017915000,
    "interestIncome": 0,
    "interestExpense": 179000,
    "depreciationAndAmortization": 22699000,
    "ebitda": 90622000,
    "ebitdaratio": 0.0834581217,
    "operatingIncome": 67923000,
    "operatingIncomeRatio": 0.0625535301,
    "totalOtherIncomeExpensesNet": -179000,
    "incomeBeforeTax": 67744000,
    "incomeBeforeTaxRatio": 0.0623886804,
    "incomeTaxExpense": 23738000,
    "netIncome": 44006000,
    "netIncomeRatio": 0.0405272241,
    "eps": 0.064,
    "epsdiluted": 0.062,
    "weightedAverageShsOut": 694480000,
    "weightedAverageShsOutDil": 708050000,
    "link": "https://www.sec.gov/Archives/edgar/data/916365/000091636513000016/0000916365-13-000016-index.htm",
    "finalLink": "https://www.sec.gov/Archives/edgar/data/916365/000091636513000016/a2013q1form10-q.htm"
  },
  {
    "date": "2012-12-29",
    "symbol": "TSCO",
    "reportedCurrency": "USD",
    "cik": "0000916365",
    "fillingDate": "2013-02-20",
    "acceptedDate": "2013-02-20 16:14:02",
    "calendarYear": "2012",
    "period": "Q4",
    "revenue": 1286166000,
    "costOfRevenue": 861544000,
    "grossProfit": 424622000,
    "grossProfitRatio": 0.3301455644,
    "researchAndDevelopmentExpenses": 0,
    "generalAndAdministrativeExpenses": 214651000,
    "sellingAndMarketingExpenses": 62600000,
    "sellingGeneralAndAdministrativeExpenses": 277251000,
    "otherExpenses": 22595000,
    "operatingExpenses": 299846000,
    "costAndExpenses": 1161390000,
    "interestIncome": 0,
    "interestExpense": 200000,
    "depreciationAndAmortization": 22595000,
    "ebitda": 147371000,
    "ebitdaratio": 0.1145816325,
    "operatingIncome": 124776000,
    "operatingIncomeRatio": 0.0970139158,
    "totalOtherIncomeExpensesNet": -200000,
    "incomeBeforeTax": 124576000,
    "incomeBeforeTaxRatio": 0.0968584149,
    "incomeTaxExpense": 45089000,
    "netIncome": 79487000,
    "netIncomeRatio": 0.0618015093,
    "eps": 0.11200000000000002,
    "epsdiluted": 0.11200000000000002,
    "weightedAverageShsOut": 702180000,
    "weightedAverageShsOutDil": 717330000,
    "link": "https://www.sec.gov/Archives/edgar/data/916365/000091636513000006/0000916365-13-000006-index.htm",
    "finalLink": "https://www.sec.gov/Archives/edgar/data/916365/000091636513000006/a2012form10-k.htm"
  },
  {
    "date": "2012-09-29",
    "symbol": "TSCO",
    "reportedCurrency": "USD",
    "cik": "0000916365",
    "fillingDate": "2012-11-05",
    "acceptedDate": "2012-11-05 16:43:10",
    "calendarYear": "2012",
    "period": "Q3",
    "revenue": 1065638000,
    "costOfRevenue": 708467000,
    "grossProfit": 357171000,
    "grossProfitRatio": 0.3351710431,
    "researchAndDevelopmentExpenses": 0,
    "generalAndAdministrativeExpenses": 0,
    "sellingAndMarketingExpenses": 0,
    "sellingGeneralAndAdministrativeExpenses": 257184000,
    "otherExpenses": 22208000,
    "operatingExpenses": 279392000,
    "costAndExpenses": 987859000,
    "interestIncome": 0,
    "interestExpense": 241000,
    "depreciationAndAmortization": 22208000,
    "ebitda": 99987000,
    "ebitdaratio": 0.0938282982,
    "operatingIncome": 77779000,
    "operatingIncomeRatio": 0.0729882005,
    "totalOtherIncomeExpensesNet": -241000,
    "incomeBeforeTax": 77538000,
    "incomeBeforeTaxRatio": 0.0727620449,
    "incomeTaxExpense": 27517000,
    "netIncome": 50021000,
    "netIncomeRatio": 0.0469399552,
    "eps": 0.072,
    "epsdiluted": 0.06999999999999999,
    "weightedAverageShsOut": 707410000,
    "weightedAverageShsOutDil": 723130000,
    "link": "https://www.sec.gov/Archives/edgar/data/916365/000091636512000078/0000916365-12-000078-index.htm",
    "finalLink": "https://www.sec.gov/Archives/edgar/data/916365/000091636512000078/tsco-9292012x10q.htm"
  },
  {
    "date": "2012-06-30",
    "symbol": "TSCO",
    "reportedCurrency": "USD",
    "cik": "0000916365",
    "fillingDate": "2012-08-06",
    "acceptedDate": "2012-08-06 16:32:28",
    "calendarYear": "2012",
    "period": "Q2",
    "revenue": 1291899000,
    "costOfRevenue": 840438000,
    "grossProfit": 451461000,
    "grossProfitRatio": 0.3494553367,
    "researchAndDevelopmentExpenses": 0,
    "generalAndAdministrativeExpenses": 0,
    "sellingAndMarketingExpenses": 0,
    "sellingGeneralAndAdministrativeExpenses": 259184000,
    "otherExpenses": 22433000,
    "operatingExpenses": 281617000,
    "costAndExpenses": 1122055000,
    "interestIncome": 0,
    "interestExpense": 31000,
    "depreciationAndAmortization": 22433000,
    "ebitda": 192277000,
    "ebitdaratio": 0.1488328422,
    "operatingIncome": 169844000,
    "operatingIncomeRatio": 0.1314684817,
    "totalOtherIncomeExpensesNet": -31000,
    "incomeBeforeTax": 169813000,
    "incomeBeforeTaxRatio": 0.131444486,
    "incomeTaxExpense": 63192000,
    "netIncome": 106621000,
    "netIncomeRatio": 0.0825304455,
    "eps": 0.148,
    "epsdiluted": 0.146,
    "weightedAverageShsOut": 718140000,
    "weightedAverageShsOutDil": 734880000,
    "link": "https://www.sec.gov/Archives/edgar/data/916365/000091636512000067/0000916365-12-000067-index.htm",
    "finalLink": "https://www.sec.gov/Archives/edgar/data/916365/000091636512000067/tsco-6302012x10q.htm"
  },
  {
    "date": "2012-03-31",
    "symbol": "TSCO",
    "reportedCurrency": "USD",
    "cik": "0000916365",
    "fillingDate": "2012-04-25",
    "acceptedDate": "2012-04-25 16:10:07",
    "calendarYear": "2012",
    "period": "Q1",
    "revenue": 1020417000,
    "costOfRevenue": 687617000,
    "grossProfit": 332800000,
    "grossProfitRatio": 0.3261411756,
    "researchAndDevelopmentExpenses": 0,
    "generalAndAdministrativeExpenses": 0,
    "sellingAndMarketingExpenses": 0,
    "sellingGeneralAndAdministrativeExpenses": 246668000,
    "otherExpenses": 21739000,
    "operatingExpenses": 268407000,
    "costAndExpenses": 956024000,
    "interestIncome": 0,
    "interestExpense": 583000,
    "depreciationAndAmortization": 21739000,
    "ebitda": 86132000,
    "ebitdaratio": 0.084408629,
    "operatingIncome": 64393000,
    "operatingIncomeRatio": 0.0631045935,
    "totalOtherIncomeExpensesNet": -583000,
    "incomeBeforeTax": 63810000,
    "incomeBeforeTaxRatio": 0.0625332585,
    "incomeTaxExpense": 23482000,
    "netIncome": 40328000,
    "netIncomeRatio": 0.0395210977,
    "eps": 0.05600000000000001,
    "epsdiluted": 0.05600000000000001,
    "weightedAverageShsOut": 715940000,
    "weightedAverageShsOutDil": 734940000,
    "link": "https://www.sec.gov/Archives/edgar/data/916365/000091636512000044/0000916365-12-000044-index.htm",
    "finalLink": "https://www.sec.gov/Archives/edgar/data/916365/000091636512000044/form8-k.htm"
  },
  {
    "date": "2011-12-31",
    "symbol": "TSCO",
    "reportedCurrency": "USD",
    "cik": "0000916365",
    "fillingDate": "2011-12-31",
    "acceptedDate": "2011-12-30 19:00:00",
    "calendarYear": "2011",
    "period": "Q4",
    "revenue": 1240028000,
    "costOfRevenue": 836862000,
    "grossProfit": 403166000,
    "grossProfitRatio": 0.3251265294,
    "researchAndDevelopmentExpenses": 0,
    "generalAndAdministrativeExpenses": 0,
    "sellingAndMarketingExpenses": 0,
    "sellingGeneralAndAdministrativeExpenses": 267959000,
    "otherExpenses": 23662000,
    "operatingExpenses": 291621000,
    "costAndExpenses": 1128483000,
    "interestIncome": 0,
    "interestExpense": 0,
    "depreciationAndAmortization": 23662000,
    "ebitda": 135207000,
    "ebitdaratio": 0.1090354411,
    "operatingIncome": 111545000,
    "operatingIncomeRatio": 0.089953614,
    "totalOtherIncomeExpensesNet": -1036000,
    "incomeBeforeTax": 110509000,
    "incomeBeforeTaxRatio": 0.0891181489,
    "incomeTaxExpense": 39997000,
    "netIncome": 70512000,
    "netIncomeRatio": 0.0568632321,
    "eps": 0.1,
    "epsdiluted": 0.096,
    "weightedAverageShsOut": 711900000,
    "weightedAverageShsOutDil": 732560000,
    "link": null,
    "finalLink": null
  },
  {
    "date": "2011-09-30",
    "symbol": "TSCO",
    "reportedCurrency": "USD",
    "cik": "0000916365",
    "fillingDate": "2011-09-30",
    "acceptedDate": "2011-09-29 20:00:00",
    "calendarYear": "2011",
    "period": "Q3",
    "revenue": 977776000,
    "costOfRevenue": 650173000,
    "grossProfit": 327603000,
    "grossProfitRatio": 0.3350491319,
    "researchAndDevelopmentExpenses": 0,
    "generalAndAdministrativeExpenses": 0,
    "sellingAndMarketingExpenses": 0,
    "sellingGeneralAndAdministrativeExpenses": 239883000,
    "otherExpenses": 19591000,
    "operatingExpenses": 259474000,
    "costAndExpenses": 909647000,
    "interestIncome": 0,
    "interestExpense": 591000,
    "depreciationAndAmortization": 19591000,
    "ebitda": 87720000,
    "ebitdaratio": 0.0897137995,
    "operatingIncome": 68129000,
    "operatingIncomeRatio": 0.0696775131,
    "totalOtherIncomeExpensesNet": -591000,
    "incomeBeforeTax": 67538000,
    "incomeBeforeTaxRatio": 0.0690730801,
    "incomeTaxExpense": 24805000,
    "netIncome": 42733000,
    "netIncomeRatio": 0.043704284,
    "eps": 0.06,
    "epsdiluted": 0.057999999999999996,
    "weightedAverageShsOut": 712260000,
    "weightedAverageShsOutDil": 733430000,
    "link": null,
    "finalLink": null
  },
  {
    "date": "2011-06-30",
    "symbol": "TSCO",
    "reportedCurrency": "USD",
    "cik": "0000916365",
    "fillingDate": "2011-06-30",
    "acceptedDate": "2011-06-29 20:00:00",
    "calendarYear": "2011",
    "period": "Q2",
    "revenue": 1178363000,
    "costOfRevenue": 775866000,
    "grossProfit": 402497000,
    "grossProfitRatio": 0.3415730127,
    "researchAndDevelopmentExpenses": 0,
    "generalAndAdministrativeExpenses": 0,
    "sellingAndMarketingExpenses": 0,
    "sellingGeneralAndAdministrativeExpenses": 239405000,
    "otherExpenses": 18829000,
    "operatingExpenses": 258234000,
    "costAndExpenses": 1034100000,
    "interestIncome": 0,
    "interestExpense": 217000,
    "depreciationAndAmortization": 18829000,
    "ebitda": 163092000,
    "ebitdaratio": 0.1384055677,
    "operatingIncome": 144263000,
    "operatingIncomeRatio": 0.1224266207,
    "totalOtherIncomeExpensesNet": -217000,
    "incomeBeforeTax": 144046000,
    "incomeBeforeTaxRatio": 0.1222424669,
    "incomeTaxExpense": 52886000,
    "netIncome": 91160000,
    "netIncomeRatio": 0.0773615601,
    "eps": 0.128,
    "epsdiluted": 0.124,
    "weightedAverageShsOut": 720070000,
    "weightedAverageShsOutDil": 741800000,
    "link": null,
    "finalLink": null
  },
  {
    "date": "2011-03-31",
    "symbol": "TSCO",
    "reportedCurrency": "USD",
    "cik": "0000916365",
    "fillingDate": "2011-04-20",
    "acceptedDate": "2011-04-20 16:04:15",
    "calendarYear": "2011",
    "period": "Q1",
    "revenue": 836576000,
    "costOfRevenue": 562970000,
    "grossProfit": 273606000,
    "grossProfitRatio": 0.3270545653,
    "researchAndDevelopmentExpenses": 0,
    "generalAndAdministrativeExpenses": 0,
    "sellingAndMarketingExpenses": 0,
    "sellingGeneralAndAdministrativeExpenses": 226575000,
    "otherExpenses": 18265000,
    "operatingExpenses": 244840000,
    "costAndExpenses": 807810000,
    "interestIncome": 0,
    "interestExpense": 243000,
    "depreciationAndAmortization": 18265000,
    "ebitda": 47031000,
    "ebitdaratio": 0.0562184428,
    "operatingIncome": 28766000,
    "operatingIncomeRatio": 0.0343853995,
    "totalOtherIncomeExpensesNet": -243000,
    "incomeBeforeTax": 28523000,
    "incomeBeforeTaxRatio": 0.0340949298,
    "incomeTaxExpense": 10188000,
    "netIncome": 18335000,
    "netIncomeRatio": 0.0219167177,
    "eps": 0.026000000000000002,
    "epsdiluted": 0.024,
    "weightedAverageShsOut": 727040000,
    "weightedAverageShsOutDil": 749270000,
    "link": "https://www.sec.gov/Archives/edgar/data/916365/000091636511000023/0000916365-11-000023-index.htm",
    "finalLink": "https://www.sec.gov/Archives/edgar/data/916365/000091636511000023/form8-k.htm"
  },
  {
    "date": "2010-12-31",
    "symbol": "TSCO",
    "reportedCurrency": "USD",
    "cik": "0000916365",
    "fillingDate": "2010-12-31",
    "acceptedDate": "2010-12-31 00:00:00",
    "calendarYear": "2010",
    "period": "Q4",
    "revenue": 1032649000,
    "costOfRevenue": 695810000,
    "grossProfit": 336839000,
    "grossProfitRatio": 0.3261892473,
    "researchAndDevelopmentExpenses": 0,
    "generalAndAdministrativeExpenses": 0,
    "sellingAndMarketingExpenses": 0,
    "sellingGeneralAndAdministrativeExpenses": 239731000,
    "otherExpenses": 18484000,
    "operatingExpenses": 258215000,
    "costAndExpenses": 954025000,
    "interestIncome": 0,
    "interestExpense": 687000,
    "depreciationAndAmortization": 18484000,
    "ebitda": 97108000,
    "ebitdaratio": 0.0940377611,
    "operatingIncome": 78624000,
    "operatingIncomeRatio": 0.076138165,
    "totalOtherIncomeExpensesNet": -687000,
    "incomeBeforeTax": 77937000,
    "incomeBeforeTaxRatio": 0.0754728858,
    "incomeTaxExpense": 27777000,
    "netIncome": 50160000,
    "netIncomeRatio": 0.0485741041,
    "eps": 0.06999999999999999,
    "epsdiluted": 0.066,
    "weightedAverageShsOut": 727040000,
    "weightedAverageShsOutDil": 749270000,
    "link": null,
    "finalLink": null
  },
  {
    "date": "2010-09-25",
    "symbol": "TSCO",
    "reportedCurrency": "USD",
    "cik": "0000916365",
    "fillingDate": "2010-11-02",
    "acceptedDate": "2010-11-02 17:14:23",
    "calendarYear": "2010",
    "period": "Q3",
    "revenue": 829114000,
    "costOfRevenue": 549975000,
    "grossProfit": 279139000,
    "grossProfitRatio": 0.3366714348,
    "researchAndDevelopmentExpenses": 0,
    "generalAndAdministrativeExpenses": 0,
    "sellingAndMarketingExpenses": 0,
    "sellingGeneralAndAdministrativeExpenses": 210779000,
    "otherExpenses": 17502000,
    "operatingExpenses": 228281000,
    "costAndExpenses": 778256000,
    "interestIncome": 0,
    "interestExpense": 38000,
    "depreciationAndAmortization": 17502000,
    "ebitda": 68360000,
    "ebitdaratio": 0.0824494581,
    "operatingIncome": 50858000,
    "operatingIncomeRatio": 0.0613401776,
    "totalOtherIncomeExpensesNet": -38000,
    "incomeBeforeTax": 50820000,
    "incomeBeforeTaxRatio": 0.0612943455,
    "incomeTaxExpense": 18803000,
    "netIncome": 32017000,
    "netIncomeRatio": 0.0386159201,
    "eps": 0.044000000000000004,
    "epsdiluted": 0.044000000000000004,
    "weightedAverageShsOut": 726000000,
    "weightedAverageShsOutDil": 749320000,
    "link": "https://www.sec.gov/Archives/edgar/data/916365/000091636510000028/0000916365-10-000028-index.htm",
    "finalLink": "https://www.sec.gov/Archives/edgar/data/916365/000091636510000028/tractorsupplysep252010q.htm"
  },
  {
    "date": "2010-06-26",
    "symbol": "TSCO",
    "reportedCurrency": "USD",
    "cik": "0000916365",
    "fillingDate": "2010-08-03",
    "acceptedDate": "2010-08-03 16:04:31",
    "calendarYear": "2010",
    "period": "Q2",
    "revenue": 1065656000,
    "costOfRevenue": 706853000,
    "grossProfit": 358803000,
    "grossProfitRatio": 0.3366968327,
    "researchAndDevelopmentExpenses": 0,
    "generalAndAdministrativeExpenses": 0,
    "sellingAndMarketingExpenses": 0,
    "sellingGeneralAndAdministrativeExpenses": 219324000,
    "otherExpenses": 17157000,
    "operatingExpenses": 236481000,
    "costAndExpenses": 943334000,
    "interestIncome": 0,
    "interestExpense": 241000,
    "depreciationAndAmortization": 17157000,
    "ebitda": 139479000,
    "ebitdaratio": 0.1308855766,
    "operatingIncome": 122322000,
    "operatingIncomeRatio": 0.1147856344,
    "totalOtherIncomeExpensesNet": -241000,
    "incomeBeforeTax": 122081000,
    "incomeBeforeTaxRatio": 0.1145594826,
    "incomeTaxExpense": 45594000,
    "netIncome": 76487000,
    "netIncomeRatio": 0.0717745689,
    "eps": 0.10600000000000001,
    "epsdiluted": 0.10200000000000001,
    "weightedAverageShsOut": 726660000,
    "weightedAverageShsOutDil": 746780000,
    "link": "https://www.sec.gov/Archives/edgar/data/916365/000091636510000020/0000916365-10-000020-index.htm",
    "finalLink": "https://www.sec.gov/Archives/edgar/data/916365/000091636510000020/tractorsupplyjune262010q.htm"
  },
  {
    "date": "2010-03-27",
    "symbol": "TSCO",
    "reportedCurrency": "USD",
    "cik": "0000916365",
    "fillingDate": "2010-05-04",
    "acceptedDate": "2010-05-04 16:21:14",
    "calendarYear": "2010",
    "period": "Q1",
    "revenue": 710917000,
    "costOfRevenue": 482033000,
    "grossProfit": 228884000,
    "grossProfitRatio": 0.3219560089,
    "researchAndDevelopmentExpenses": 0,
    "generalAndAdministrativeExpenses": 0,
    "sellingAndMarketingExpenses": 0,
    "sellingGeneralAndAdministrativeExpenses": 197810000,
    "otherExpenses": 16654000,
    "operatingExpenses": 214464000,
    "costAndExpenses": 696497000,
    "interestIncome": 0,
    "interestExpense": 318000,
    "depreciationAndAmortization": 16654000,
    "ebitda": 31074000,
    "ebitdaratio": 0.0437097439,
    "operatingIncome": 14420000,
    "operatingIncomeRatio": 0.0202836618,
    "totalOtherIncomeExpensesNet": -318000,
    "incomeBeforeTax": 14102000,
    "incomeBeforeTaxRatio": 0.0198363522,
    "incomeTaxExpense": 4794000,
    "netIncome": 9308000,
    "netIncomeRatio": 0.013092949,
    "eps": 0.013000000000000001,
    "epsdiluted": 0.0125,
    "weightedAverageShsOut": 723100000,
    "weightedAverageShsOutDil": 740000000,
    "link": "https://www.sec.gov/Archives/edgar/data/916365/000091636510000011/0000916365-10-000011-index.htm",
    "finalLink": "https://www.sec.gov/Archives/edgar/data/916365/000091636510000011/tractorsupplymarch27201010q.htm"
  },
  {
    "date": "2009-12-26",
    "symbol": "TSCO",
    "reportedCurrency": "USD",
    "cik": "0000916365",
    "fillingDate": "2010-02-24",
    "acceptedDate": "2010-02-24 16:05:41",
    "calendarYear": "2009",
    "period": "Q4",
    "revenue": 862532000,
    "costOfRevenue": 576847000,
    "grossProfit": 285685000,
    "grossProfitRatio": 0.3312166969,
    "researchAndDevelopmentExpenses": 0,
    "generalAndAdministrativeExpenses": 0,
    "sellingAndMarketingExpenses": 0,
    "sellingGeneralAndAdministrativeExpenses": 208827000,
    "otherExpenses": 17501000,
    "operatingExpenses": 226328000,
    "costAndExpenses": 803175000,
    "interestIncome": 0,
    "interestExpense": 505000,
    "depreciationAndAmortization": 17501000,
    "ebitda": 76858000,
    "ebitdaratio": 0.0891074186,
    "operatingIncome": 59357000,
    "operatingIncomeRatio": 0.0688171569,
    "totalOtherIncomeExpensesNet": -505000,
    "incomeBeforeTax": 58852000,
    "incomeBeforeTaxRatio": 0.0682316714,
    "incomeTaxExpense": 20599000,
    "netIncome": 38253000,
    "netIncomeRatio": 0.0443496589,
    "eps": 0.052000000000000005,
    "epsdiluted": 0.05,
    "weightedAverageShsOut": 723100000,
    "weightedAverageShsOutDil": 740000000,
    "link": "https://www.sec.gov/Archives/edgar/data/916365/000095012310016345/0000950123-10-016345-index.htm",
    "finalLink": "https://www.sec.gov/Archives/edgar/data/916365/000095012310016345/c96786e10vk.htm"
  },
  {
    "date": "2009-09-26",
    "symbol": "TSCO",
    "reportedCurrency": "USD",
    "cik": "0000916365",
    "fillingDate": "2009-11-02",
    "acceptedDate": "2009-11-02 16:00:27",
    "calendarYear": "2009",
    "period": "Q3",
    "revenue": 747730000,
    "costOfRevenue": 501692000,
    "grossProfit": 246038000,
    "grossProfitRatio": 0.329046581,
    "researchAndDevelopmentExpenses": 0,
    "generalAndAdministrativeExpenses": 0,
    "sellingAndMarketingExpenses": 0,
    "sellingGeneralAndAdministrativeExpenses": 193820000,
    "otherExpenses": 16421000,
    "operatingExpenses": 210241000,
    "costAndExpenses": 711933000,
    "interestIncome": 0,
    "interestExpense": 461000,
    "depreciationAndAmortization": 16421000,
    "ebitda": 52218000,
    "ebitdaratio": 0.0698353684,
    "operatingIncome": 35797000,
    "operatingIncomeRatio": 0.0478742327,
    "totalOtherIncomeExpensesNet": -461000,
    "incomeBeforeTax": 35336000,
    "incomeBeforeTaxRatio": 0.0472577,
    "incomeTaxExpense": 13357000,
    "netIncome": 21979000,
    "netIncomeRatio": 0.0293943001,
    "eps": 0.03,
    "epsdiluted": 0.03,
    "weightedAverageShsOut": 720680000,
    "weightedAverageShsOutDil": 734220000,
    "link": "https://www.sec.gov/Archives/edgar/data/916365/000095012309056222/0000950123-09-056222-index.htm",
    "finalLink": "https://www.sec.gov/Archives/edgar/data/916365/000095012309056222/c91703e10vq.htm"
  },
  {
    "date": "2009-06-27",
    "symbol": "TSCO",
    "reportedCurrency": "USD",
    "cik": "0000916365",
    "fillingDate": "2009-08-04",
    "acceptedDate": "2009-08-04 16:20:53",
    "calendarYear": "2009",
    "period": "Q2",
    "revenue": 946504000,
    "costOfRevenue": 644306000,
    "grossProfit": 302198000,
    "grossProfitRatio": 0.3192781013,
    "researchAndDevelopmentExpenses": 0,
    "generalAndAdministrativeExpenses": 0,
    "sellingAndMarketingExpenses": 0,
    "sellingGeneralAndAdministrativeExpenses": 197769000,
    "otherExpenses": 16135000,
    "operatingExpenses": 213904000,
    "costAndExpenses": 858210000,
    "interestIncome": 0,
    "interestExpense": 264000,
    "depreciationAndAmortization": 16135000,
    "ebitda": 104429000,
    "ebitdaratio": 0.1103312823,
    "operatingIncome": 88294000,
    "operatingIncomeRatio": 0.093284339,
    "totalOtherIncomeExpensesNet": -264000,
    "incomeBeforeTax": 88030000,
    "incomeBeforeTaxRatio": 0.0930054178,
    "incomeTaxExpense": 33266000,
    "netIncome": 54764000,
    "netIncomeRatio": 0.0578592378,
    "eps": 0.07600000000000001,
    "epsdiluted": 0.07600000000000001,
    "weightedAverageShsOut": 717680000,
    "weightedAverageShsOutDil": 730280000,
    "link": "https://www.sec.gov/Archives/edgar/data/916365/000095012309029586/0000950123-09-029586-index.htm",
    "finalLink": "https://www.sec.gov/Archives/edgar/data/916365/000095012309029586/c88667e10vq.htm"
  },
  {
    "date": "2009-03-28",
    "symbol": "TSCO",
    "reportedCurrency": "USD",
    "cik": "0000916365",
    "fillingDate": "2009-05-06",
    "acceptedDate": "2009-05-06 16:28:28",
    "calendarYear": "2009",
    "period": "Q1",
    "revenue": 650171000,
    "costOfRevenue": 449135000,
    "grossProfit": 201036000,
    "grossProfitRatio": 0.3092048092,
    "researchAndDevelopmentExpenses": 0,
    "generalAndAdministrativeExpenses": 0,
    "sellingAndMarketingExpenses": 0,
    "sellingGeneralAndAdministrativeExpenses": 183650000,
    "otherExpenses": 16201000,
    "operatingExpenses": 199851000,
    "costAndExpenses": 648986000,
    "interestIncome": 0,
    "interestExpense": 414000,
    "depreciationAndAmortization": 16201000,
    "ebitda": 16201000,
    "ebitdaratio": 0.02491806,
    "operatingIncome": 1185000,
    "operatingIncomeRatio": 0.0018225974,
    "totalOtherIncomeExpensesNet": -414000,
    "incomeBeforeTax": 771000,
    "incomeBeforeTaxRatio": 0.0011858419,
    "incomeTaxExpense": 301000,
    "netIncome": 470000,
    "netIncomeRatio": 0.0007228867,
    "eps": 0.0005,
    "epsdiluted": 0.0005,
    "weightedAverageShsOut": 719020000,
    "weightedAverageShsOutDil": 731060000,
    "link": "https://www.sec.gov/Archives/edgar/data/916365/000136231009006626/0001362310-09-006626-index.htm",
    "finalLink": "https://www.sec.gov/Archives/edgar/data/916365/000136231009006626/c84884e10vq.htm"
  },
  {
    "date": "2008-12-27",
    "symbol": "TSCO",
    "reportedCurrency": "USD",
    "cik": "0000916365",
    "fillingDate": "2009-02-25",
    "acceptedDate": "2009-02-25 16:42:08",
    "calendarYear": "2008",
    "period": "Q4",
    "revenue": 799496000,
    "costOfRevenue": 568222000,
    "grossProfit": 231274000,
    "grossProfitRatio": 0.2892747431,
    "researchAndDevelopmentExpenses": 0,
    "generalAndAdministrativeExpenses": 0,
    "sellingAndMarketingExpenses": 0,
    "sellingGeneralAndAdministrativeExpenses": 188659000,
    "otherExpenses": 16006000,
    "operatingExpenses": 204665000,
    "costAndExpenses": 772887000,
    "interestIncome": 0,
    "interestExpense": 0,
    "depreciationAndAmortization": 16006000,
    "ebitda": 42615000,
    "ebitdaratio": 0.0533023305,
    "operatingIncome": 26609000,
    "operatingIncomeRatio": 0.0332822178,
    "totalOtherIncomeExpensesNet": -406000,
    "incomeBeforeTax": 26203000,
    "incomeBeforeTaxRatio": 0.0327743979,
    "incomeTaxExpense": 9900000,
    "netIncome": 16303000,
    "netIncomeRatio": 0.0203915967,
    "eps": 0.034,
    "epsdiluted": 0.034,
    "weightedAverageShsOut": 721755930,
    "weightedAverageShsOutDil": 731060000,
    "link": "https://www.sec.gov/Archives/edgar/data/916365/000136231009002757/0001362310-09-002757-index.htm",
    "finalLink": "https://www.sec.gov/Archives/edgar/data/916365/000136231009002757/c81596e10vk.htm"
  },
  {
    "date": "2008-09-27",
    "symbol": "TSCO",
    "reportedCurrency": "USD",
    "cik": "0000916365",
    "fillingDate": "2008-11-04",
    "acceptedDate": "2008-11-04 09:50:01",
    "calendarYear": "2008",
    "period": "Q3",
    "revenue": 733918000,
    "costOfRevenue": 509312000,
    "grossProfit": 224606000,
    "grossProfitRatio": 0.3060369142,
    "researchAndDevelopmentExpenses": 0,
    "generalAndAdministrativeExpenses": 0,
    "sellingAndMarketingExpenses": 0,
    "sellingGeneralAndAdministrativeExpenses": 176774000,
    "otherExpenses": 15345000,
    "operatingExpenses": 192119000,
    "costAndExpenses": 701431000,
    "interestIncome": 0,
    "interestExpense": 0,
    "depreciationAndAmortization": 15345000,
    "ebitda": 47832000,
    "ebitdaratio": 0.0651734935,
    "operatingIncome": 32487000,
    "operatingIncomeRatio": 0.0442651631,
    "totalOtherIncomeExpensesNet": 69000,
    "incomeBeforeTax": 32556000,
    "incomeBeforeTaxRatio": 0.0443591791,
    "incomeTaxExpense": 12795000,
    "netIncome": 19761000,
    "netIncomeRatio": 0.0269253513,
    "eps": 0.028000000000000004,
    "epsdiluted": 0.026000000000000002,
    "weightedAverageShsOut": 731888890,
    "weightedAverageShsOutDil": 745698115,
    "link": "https://www.sec.gov/Archives/edgar/data/916365/000136231008006561/0001362310-08-006561-index.htm",
    "finalLink": "https://www.sec.gov/Archives/edgar/data/916365/000136231008006561/c76652e10vq.htm"
  },
  {
    "date": "2008-06-28",
    "symbol": "TSCO",
    "reportedCurrency": "USD",
    "cik": "0000916365",
    "fillingDate": "2008-08-01",
    "acceptedDate": "2008-08-01 10:12:54",
    "calendarYear": "2008",
    "period": "Q2",
    "revenue": 898327000,
    "costOfRevenue": 618850000,
    "grossProfit": 279477000,
    "grossProfitRatio": 0.3111083158,
    "researchAndDevelopmentExpenses": 0,
    "generalAndAdministrativeExpenses": 0,
    "sellingAndMarketingExpenses": 0,
    "sellingGeneralAndAdministrativeExpenses": 187343000,
    "otherExpenses": 15008000,
    "operatingExpenses": 202351000,
    "costAndExpenses": 821201000,
    "interestIncome": 0,
    "interestExpense": 0,
    "depreciationAndAmortization": 15008000,
    "ebitda": 92134000,
    "ebitdaratio": 0.102561762,
    "operatingIncome": 77126000,
    "operatingIncomeRatio": 0.0858551507,
    "totalOtherIncomeExpensesNet": -573000,
    "incomeBeforeTax": 76553000,
    "incomeBeforeTaxRatio": 0.0852172984,
    "incomeTaxExpense": 29535000,
    "netIncome": 47018000,
    "netIncomeRatio": 0.0523395156,
    "eps": 0.064,
    "epsdiluted": 0.062,
    "weightedAverageShsOut": 746317460,
    "weightedAverageShsOutDil": 758354840,
    "link": "https://www.sec.gov/Archives/edgar/data/916365/000136231008004031/0001362310-08-004031-index.htm",
    "finalLink": "https://www.sec.gov/Archives/edgar/data/916365/000136231008004031/c74138e10vq.htm"
  },
  {
    "date": "2008-03-29",
    "symbol": "TSCO",
    "reportedCurrency": "USD",
    "cik": "0000916365",
    "fillingDate": "2008-05-06",
    "acceptedDate": "2008-05-06 11:30:44",
    "calendarYear": "2008",
    "period": "Q1",
    "revenue": 576208000,
    "costOfRevenue": 399304000,
    "grossProfit": 176904000,
    "grossProfitRatio": 0.3070141338,
    "researchAndDevelopmentExpenses": 0,
    "generalAndAdministrativeExpenses": 0,
    "sellingAndMarketingExpenses": 0,
    "sellingGeneralAndAdministrativeExpenses": 163185000,
    "otherExpenses": 14372000,
    "operatingExpenses": 177557000,
    "costAndExpenses": 576861000,
    "interestIncome": 0,
    "interestExpense": 0,
    "depreciationAndAmortization": 14372000,
    "ebitda": 13719000,
    "ebitdaratio": 0.0238091106,
    "operatingIncome": -653000,
    "operatingIncomeRatio": -0.0011332713,
    "totalOtherIncomeExpensesNet": -1223000,
    "incomeBeforeTax": -1876000,
    "incomeBeforeTaxRatio": -0.0032557688,
    "incomeTaxExpense": -724000,
    "netIncome": -1152000,
    "netIncomeRatio": -0.001999278,
    "eps": -0.0015400000000000001,
    "epsdiluted": -0.0015400000000000001,
    "weightedAverageShsOut": 750280000,
    "weightedAverageShsOutDil": 750280000,
    "link": "https://www.sec.gov/Archives/edgar/data/916365/000136231008002434/0001362310-08-002434-index.htm",
    "finalLink": "https://www.sec.gov/Archives/edgar/data/916365/000136231008002434/c73213e10vq.htm"
  },
  {
    "date": "2007-12-29",
    "symbol": "TSCO",
    "reportedCurrency": "USD",
    "cik": "0000916365",
    "fillingDate": "2008-02-27",
    "acceptedDate": "2008-02-27 14:41:18",
    "calendarYear": "2007",
    "period": "Q4",
    "revenue": 723252000,
    "costOfRevenue": 487795000,
    "grossProfit": 235457000,
    "grossProfitRatio": 0.3255531958,
    "researchAndDevelopmentExpenses": 0,
    "generalAndAdministrativeExpenses": 0,
    "sellingAndMarketingExpenses": 0,
    "sellingGeneralAndAdministrativeExpenses": 171379000,
    "otherExpenses": 13794000,
    "operatingExpenses": 185173000,
    "costAndExpenses": 672968000,
    "interestIncome": 0,
    "interestExpense": 0,
    "depreciationAndAmortization": 13794000,
    "ebitda": 64078000,
    "ebitdaratio": 0.0885970588,
    "operatingIncome": 50284000,
    "operatingIncomeRatio": 0.0695248682,
    "totalOtherIncomeExpensesNet": -1991000,
    "incomeBeforeTax": 48293000,
    "incomeBeforeTaxRatio": 0.0667720241,
    "incomeTaxExpense": 18276000,
    "netIncome": 30017000,
    "netIncomeRatio": 0.0415028234,
    "eps": 0.04000000000000001,
    "epsdiluted": 0.04000000000000001,
    "weightedAverageShsOut": 750280000,
    "weightedAverageShsOutDil": 750280000,
    "link": "https://www.sec.gov/Archives/edgar/data/916365/000136231008001146/0001362310-08-001146-index.htm",
    "finalLink": "https://www.sec.gov/Archives/edgar/data/916365/000136231008001146/c72557e10vk.htm"
  },
  {
    "date": "2007-09-29",
    "symbol": "TSCO",
    "reportedCurrency": "USD",
    "cik": "0000916365",
    "fillingDate": "2007-11-02",
    "acceptedDate": "2007-11-02 12:35:13",
    "calendarYear": "2007",
    "period": "Q3",
    "revenue": 629199000,
    "costOfRevenue": 430552000,
    "grossProfit": 198647000,
    "grossProfitRatio": 0.3157141063,
    "researchAndDevelopmentExpenses": 0,
    "generalAndAdministrativeExpenses": 0,
    "sellingAndMarketingExpenses": 0,
    "sellingGeneralAndAdministrativeExpenses": 156078000,
    "otherExpenses": 12900000,
    "operatingExpenses": 168978000,
    "costAndExpenses": 599530000,
    "interestIncome": 0,
    "interestExpense": 0,
    "depreciationAndAmortization": 12900000,
    "ebitda": 42569000,
    "ebitdaratio": 0.0676558609,
    "operatingIncome": 29669000,
    "operatingIncomeRatio": 0.0471536032,
    "totalOtherIncomeExpensesNet": -1517000,
    "incomeBeforeTax": 28152000,
    "incomeBeforeTaxRatio": 0.0447426013,
    "incomeTaxExpense": 10684000,
    "netIncome": 17468000,
    "netIncomeRatio": 0.0277622819,
    "eps": 0.022000000000000002,
    "epsdiluted": 0.022000000000000002,
    "weightedAverageShsOut": 776355555,
    "weightedAverageShsOutDil": 794000000,
    "link": "https://www.sec.gov/Archives/edgar/data/916365/000136231007002657/0001362310-07-002657-index.htm",
    "finalLink": "https://www.sec.gov/Archives/edgar/data/916365/000136231007002657/c71422e10vq.htm"
  },
  {
    "date": "2007-06-30",
    "symbol": "TSCO",
    "reportedCurrency": "USD",
    "cik": "0000916365",
    "fillingDate": "2007-08-09",
    "acceptedDate": "2007-08-09 10:10:40",
    "calendarYear": "2007",
    "period": "Q2",
    "revenue": 790929000,
    "costOfRevenue": 540505000,
    "grossProfit": 250424000,
    "grossProfitRatio": 0.3166200759,
    "researchAndDevelopmentExpenses": 0,
    "generalAndAdministrativeExpenses": 0,
    "sellingAndMarketingExpenses": 0,
    "sellingGeneralAndAdministrativeExpenses": 166959000,
    "otherExpenses": 12357000,
    "operatingExpenses": 179316000,
    "costAndExpenses": 719821000,
    "interestIncome": 0,
    "interestExpense": 0,
    "depreciationAndAmortization": 12357000,
    "ebitda": 83465000,
    "ebitdaratio": 0.1055278034,
    "operatingIncome": 71108000,
    "operatingIncomeRatio": 0.0899044036,
    "totalOtherIncomeExpensesNet": -604000,
    "incomeBeforeTax": 70504000,
    "incomeBeforeTaxRatio": 0.0891407446,
    "incomeTaxExpense": 26747000,
    "netIncome": 43757000,
    "netIncomeRatio": 0.0553235499,
    "eps": 0.05600000000000001,
    "epsdiluted": 0.054000000000000006,
    "weightedAverageShsOut": 795581820,
    "weightedAverageShsOutDil": 810314815,
    "link": "https://www.sec.gov/Archives/edgar/data/916365/000118811207002419/0001188112-07-002419-index.htm",
    "finalLink": "https://www.sec.gov/Archives/edgar/data/916365/000118811207002419/t60251_10q.htm"
  },
  {
    "date": "2007-03-31",
    "symbol": "TSCO",
    "reportedCurrency": "USD",
    "cik": "0000916365",
    "fillingDate": "2007-05-10",
    "acceptedDate": "2007-05-10 12:22:17",
    "calendarYear": "2007",
    "period": "Q1",
    "revenue": 559832000,
    "costOfRevenue": 391652000,
    "grossProfit": 168180000,
    "grossProfitRatio": 0.300411552,
    "researchAndDevelopmentExpenses": 0,
    "generalAndAdministrativeExpenses": 0,
    "sellingAndMarketingExpenses": 0,
    "sellingGeneralAndAdministrativeExpenses": 147187000,
    "otherExpenses": 12013000,
    "operatingExpenses": 159200000,
    "costAndExpenses": 550852000,
    "interestIncome": 0,
    "interestExpense": 0,
    "depreciationAndAmortization": 12013000,
    "ebitda": 20993000,
    "ebitdaratio": 0.0374987496,
    "operatingIncome": 8980000,
    "operatingIncomeRatio": 0.0160405264,
    "totalOtherIncomeExpensesNet": -925000,
    "incomeBeforeTax": 8055000,
    "incomeBeforeTaxRatio": 0.014388245,
    "incomeTaxExpense": 3056000,
    "netIncome": 4999000,
    "netIncomeRatio": 0.0089294646,
    "eps": 0.006,
    "epsdiluted": 0.006,
    "weightedAverageShsOut": 833166665,
    "weightedAverageShsOutDil": 833166665,
    "link": "https://www.sec.gov/Archives/edgar/data/916365/000118811207001424/0001188112-07-001424-index.htm",
    "finalLink": "https://www.sec.gov/Archives/edgar/data/916365/000118811207001424/t14295_10q.htm"
  },
  {
    "date": "2006-12-30",
    "symbol": "TSCO",
    "reportedCurrency": "USD",
    "cik": "0000916365",
    "fillingDate": "2007-02-28",
    "acceptedDate": "2007-02-28 16:17:53",
    "calendarYear": "2006",
    "period": "Q4",
    "revenue": 629898000,
    "costOfRevenue": 424631000,
    "grossProfit": 205267000,
    "grossProfitRatio": 0.3258733954,
    "researchAndDevelopmentExpenses": 0,
    "generalAndAdministrativeExpenses": 0,
    "sellingAndMarketingExpenses": 0,
    "sellingGeneralAndAdministrativeExpenses": 145651000,
    "otherExpenses": 11372000,
    "operatingExpenses": 157023000,
    "costAndExpenses": 581654000,
    "interestIncome": 0,
    "interestExpense": 0,
    "depreciationAndAmortization": 11372000,
    "ebitda": 59616000,
    "ebitdaratio": 0.0946438947,
    "operatingIncome": 48244000,
    "operatingIncomeRatio": 0.0765901781,
    "totalOtherIncomeExpensesNet": -749000,
    "incomeBeforeTax": 47495000,
    "incomeBeforeTaxRatio": 0.0754010967,
    "incomeTaxExpense": 17998000,
    "netIncome": 29497000,
    "netIncomeRatio": 0.0468282166,
    "eps": 0.036,
    "epsdiluted": 0.036,
    "weightedAverageShsOut": 810797930,
    "weightedAverageShsOutDil": 833166665,
    "link": "https://www.sec.gov/Archives/edgar/data/916365/000118811207000534/0001188112-07-000534-index.htm",
    "finalLink": "https://www.sec.gov/Archives/edgar/data/916365/000118811207000534/t13162_10k.txt"
  },
  {
    "date": "2006-09-30",
    "symbol": "TSCO",
    "reportedCurrency": "USD",
    "cik": "0000916365",
    "fillingDate": "2006-11-09",
    "acceptedDate": "2006-11-09 12:56:34",
    "calendarYear": "2006",
    "period": "Q3",
    "revenue": 559222000,
    "costOfRevenue": 382882000,
    "grossProfit": 176340000,
    "grossProfitRatio": 0.3153309419,
    "researchAndDevelopmentExpenses": 0,
    "generalAndAdministrativeExpenses": 0,
    "sellingAndMarketingExpenses": 0,
    "sellingGeneralAndAdministrativeExpenses": 136520000,
    "otherExpenses": 10717000,
    "operatingExpenses": 147237000,
    "costAndExpenses": 530119000,
    "interestIncome": 0,
    "interestExpense": 0,
    "depreciationAndAmortization": 10717000,
    "ebitda": 39820000,
    "ebitdaratio": 0.0712060684,
    "operatingIncome": 29103000,
    "operatingIncomeRatio": 0.052041944,
    "totalOtherIncomeExpensesNet": -385000,
    "incomeBeforeTax": 28718000,
    "incomeBeforeTaxRatio": 0.0513534875,
    "incomeTaxExpense": 10659000,
    "netIncome": 18059000,
    "netIncomeRatio": 0.0322930786,
    "eps": 0.022000000000000002,
    "epsdiluted": 0.022000000000000002,
    "weightedAverageShsOut": 802622220,
    "weightedAverageShsOutDil": 820863635,
    "link": "https://www.sec.gov/Archives/edgar/data/916365/000118811206003340/0001188112-06-003340-index.htm",
    "finalLink": "https://www.sec.gov/Archives/edgar/data/916365/000118811206003340/t12035_10q.txt"
  },
  {
    "date": "2006-07-01",
    "symbol": "TSCO",
    "reportedCurrency": "USD",
    "cik": "0000916365",
    "fillingDate": "2006-08-10",
    "acceptedDate": "2006-08-10 10:46:58",
    "calendarYear": "2006",
    "period": "Q2",
    "revenue": 714944000,
    "costOfRevenue": 487559000,
    "grossProfit": 227385000,
    "grossProfitRatio": 0.3180458889,
    "researchAndDevelopmentExpenses": 0,
    "generalAndAdministrativeExpenses": 0,
    "sellingAndMarketingExpenses": 0,
    "sellingGeneralAndAdministrativeExpenses": 147874000,
    "otherExpenses": 10580000,
    "operatingExpenses": 158454000,
    "costAndExpenses": 646013000,
    "interestIncome": 0,
    "interestExpense": 0,
    "depreciationAndAmortization": 10580000,
    "ebitda": 79511000,
    "ebitdaratio": 0.1112129062,
    "operatingIncome": 68931000,
    "operatingIncomeRatio": 0.0964145444,
    "totalOtherIncomeExpensesNet": -647000,
    "incomeBeforeTax": 68284000,
    "incomeBeforeTaxRatio": 0.0955095784,
    "incomeTaxExpense": 25357000,
    "netIncome": 42927000,
    "netIncomeRatio": 0.0600424649,
    "eps": 0.054000000000000006,
    "epsdiluted": 0.052000000000000005,
    "weightedAverageShsOut": 802373830,
    "weightedAverageShsOutDil": 817657145,
    "link": "https://www.sec.gov/Archives/edgar/data/916365/000118811206002434/0001188112-06-002434-index.htm",
    "finalLink": "https://www.sec.gov/Archives/edgar/data/916365/000118811206002434/t11118tractor_supply10q.txt"
  },
  {
    "date": "2006-04-01",
    "symbol": "TSCO",
    "reportedCurrency": "USD",
    "cik": "0000916365",
    "fillingDate": "2006-05-11",
    "acceptedDate": "2006-05-11 12:22:40",
    "calendarYear": "2006",
    "period": "Q1",
    "revenue": 465547000,
    "costOfRevenue": 323263000,
    "grossProfit": 142284000,
    "grossProfitRatio": 0.3056275736,
    "researchAndDevelopmentExpenses": 0,
    "generalAndAdministrativeExpenses": 0,
    "sellingAndMarketingExpenses": 0,
    "sellingGeneralAndAdministrativeExpenses": 130920000,
    "otherExpenses": 9623000,
    "operatingExpenses": 140543000,
    "costAndExpenses": 463806000,
    "interestIncome": 0,
    "interestExpense": 0,
    "depreciationAndAmortization": 9623000,
    "ebitda": 11364000,
    "ebitdaratio": 0.0244099951,
    "operatingIncome": 1741000,
    "operatingIncomeRatio": 0.0037396869,
    "totalOtherIncomeExpensesNet": -907000,
    "incomeBeforeTax": 834000,
    "incomeBeforeTaxRatio": 0.001791441,
    "incomeTaxExpense": 309000,
    "netIncome": 525000,
    "netIncomeRatio": 0.0011277057,
    "eps": 0.0005,
    "epsdiluted": 0.0005,
    "weightedAverageShsOut": 793960000,
    "weightedAverageShsOutDil": 820320000,
    "link": "https://www.sec.gov/Archives/edgar/data/916365/000118811206001396/0001188112-06-001396-index.htm",
    "finalLink": "https://www.sec.gov/Archives/edgar/data/916365/000118811206001396/t10212_10q.txt"
  },
  {
    "date": "2005-12-31",
    "symbol": "TSCO",
    "reportedCurrency": "USD",
    "cik": "0000916365",
    "fillingDate": "2006-03-16",
    "acceptedDate": "2006-03-16 15:10:15",
    "calendarYear": "2005",
    "period": "Q4",
    "revenue": 597934000,
    "costOfRevenue": 407115000,
    "grossProfit": 190819000,
    "grossProfitRatio": 0.3191305395,
    "researchAndDevelopmentExpenses": 0,
    "generalAndAdministrativeExpenses": 0,
    "sellingAndMarketingExpenses": 0,
    "sellingGeneralAndAdministrativeExpenses": 131956000,
    "otherExpenses": 9416000,
    "operatingExpenses": 141372000,
    "costAndExpenses": 548487000,
    "interestIncome": 0,
    "interestExpense": 0,
    "depreciationAndAmortization": 9416000,
    "ebitda": 58863000,
    "ebitdaratio": 0.0984439754,
    "operatingIncome": 49447000,
    "operatingIncomeRatio": 0.082696418,
    "totalOtherIncomeExpensesNet": -542000,
    "incomeBeforeTax": 48905000,
    "incomeBeforeTaxRatio": 0.0817899634,
    "incomeTaxExpense": 18003000,
    "netIncome": 30902000,
    "netIncomeRatio": 0.0516812892,
    "eps": 0.038000000000000006,
    "epsdiluted": 0.038000000000000006,
    "weightedAverageShsOut": 793960000,
    "weightedAverageShsOutDil": 820320000,
    "link": "https://www.sec.gov/Archives/edgar/data/916365/000118811206000717/0001188112-06-000717-index.htm",
    "finalLink": "https://www.sec.gov/Archives/edgar/data/916365/000118811206000717/t10k-9368.txt"
  },
  {
    "date": "2005-09-24",
    "symbol": "TSCO",
    "reportedCurrency": "USD",
    "cik": "0000916365",
    "fillingDate": "2005-11-01",
    "acceptedDate": "2005-11-01 15:04:40",
    "calendarYear": "2005",
    "period": "Q3",
    "revenue": 479607000,
    "costOfRevenue": 332702000,
    "grossProfit": 146905000,
    "grossProfitRatio": 0.3063028688,
    "researchAndDevelopmentExpenses": 0,
    "generalAndAdministrativeExpenses": 0,
    "sellingAndMarketingExpenses": 0,
    "sellingGeneralAndAdministrativeExpenses": 109073000,
    "otherExpenses": 8893000,
    "operatingExpenses": 117966000,
    "costAndExpenses": 450668000,
    "interestIncome": 0,
    "interestExpense": 0,
    "depreciationAndAmortization": 8893000,
    "ebitda": 37832000,
    "ebitdaratio": 0.0788812507,
    "operatingIncome": 28939000,
    "operatingIncomeRatio": 0.0603389859,
    "totalOtherIncomeExpensesNet": -189000,
    "incomeBeforeTax": 28750000,
    "incomeBeforeTaxRatio": 0.0599449132,
    "incomeTaxExpense": 10421000,
    "netIncome": 18329000,
    "netIncomeRatio": 0.0382167066,
    "eps": 0.024,
    "epsdiluted": 0.022000000000000002,
    "weightedAverageShsOut": 779957445,
    "weightedAverageShsOutDil": 814622220,
    "link": "https://www.sec.gov/Archives/edgar/data/916365/000118811205001880/0001188112-05-001880-index.htm",
    "finalLink": "https://www.sec.gov/Archives/edgar/data/916365/000118811205001880/t10q-8066.txt"
  },
  {
    "date": "2005-06-25",
    "symbol": "TSCO",
    "reportedCurrency": "USD",
    "cik": "0000916365",
    "fillingDate": "2005-08-03",
    "acceptedDate": "2005-08-03 15:45:45",
    "calendarYear": "2005",
    "period": "Q2",
    "revenue": 613235000,
    "costOfRevenue": 423479000,
    "grossProfit": 189756000,
    "grossProfitRatio": 0.309434393,
    "researchAndDevelopmentExpenses": 0,
    "generalAndAdministrativeExpenses": 0,
    "sellingAndMarketingExpenses": 0,
    "sellingGeneralAndAdministrativeExpenses": 125383000,
    "otherExpenses": 8065000,
    "operatingExpenses": 133448000,
    "costAndExpenses": 556927000,
    "interestIncome": 0,
    "interestExpense": 0,
    "depreciationAndAmortization": 8065000,
    "ebitda": 64373000,
    "ebitdaratio": 0.1049728081,
    "operatingIncome": 56308000,
    "operatingIncomeRatio": 0.0918212431,
    "totalOtherIncomeExpensesNet": -224000,
    "incomeBeforeTax": 56084000,
    "incomeBeforeTaxRatio": 0.0914559671,
    "incomeTaxExpense": 20330000,
    "netIncome": 35754000,
    "netIncomeRatio": 0.0583039129,
    "eps": 0.046000000000000006,
    "epsdiluted": 0.044000000000000004,
    "weightedAverageShsOut": 777260870,
    "weightedAverageShsOutDil": 821931035,
    "link": "https://www.sec.gov/Archives/edgar/data/916365/000118811205001396/0001188112-05-001396-index.htm",
    "finalLink": "https://www.sec.gov/Archives/edgar/data/916365/000118811205001396/t10q-7176.txt"
  },
  {
    "date": "2005-03-26",
    "symbol": "TSCO",
    "reportedCurrency": "USD",
    "cik": "0000916365",
    "fillingDate": "2005-05-03",
    "acceptedDate": "2005-05-03 11:14:42",
    "calendarYear": "2005",
    "period": "Q1",
    "revenue": 377203000,
    "costOfRevenue": 265132000,
    "grossProfit": 112071000,
    "grossProfitRatio": 0.2971105744,
    "researchAndDevelopmentExpenses": 0,
    "generalAndAdministrativeExpenses": 0,
    "sellingAndMarketingExpenses": 0,
    "sellingGeneralAndAdministrativeExpenses": 102675000,
    "otherExpenses": 7646000,
    "operatingExpenses": 110321000,
    "costAndExpenses": 375453000,
    "interestIncome": 0,
    "interestExpense": 0,
    "depreciationAndAmortization": 7646000,
    "ebitda": 9396000,
    "ebitdaratio": 0.024909664,
    "operatingIncome": 1750000,
    "operatingIncomeRatio": 0.0046394117,
    "totalOtherIncomeExpensesNet": -677000,
    "incomeBeforeTax": 1073000,
    "incomeBeforeTaxRatio": 0.0028446221,
    "incomeTaxExpense": 389000,
    "netIncome": 684000,
    "netIncomeRatio": 0.0018133472,
    "eps": 0.001,
    "epsdiluted": 0.001,
    "weightedAverageShsOut": 771660000,
    "weightedAverageShsOutDil": 815340000,
    "link": "https://www.sec.gov/Archives/edgar/data/916365/000118811205000902/0001188112-05-000902-index.htm",
    "finalLink": "https://www.sec.gov/Archives/edgar/data/916365/000118811205000902/t10q-6138.txt"
  },
  {
    "date": "2004-12-25",
    "symbol": "TSCO",
    "reportedCurrency": "USD",
    "cik": "0000916365",
    "fillingDate": "2005-03-10",
    "acceptedDate": "2005-03-10 17:21:35",
    "calendarYear": "2004",
    "period": "Q4",
    "revenue": 455986000,
    "costOfRevenue": 310587000,
    "grossProfit": 145399000,
    "grossProfitRatio": 0.3188672459,
    "researchAndDevelopmentExpenses": 0,
    "generalAndAdministrativeExpenses": 0,
    "sellingAndMarketingExpenses": 0,
    "sellingGeneralAndAdministrativeExpenses": 103811000,
    "otherExpenses": 9000000,
    "operatingExpenses": 112811000,
    "costAndExpenses": 423398000,
    "interestIncome": 0,
    "interestExpense": 0,
    "depreciationAndAmortization": 9000000,
    "ebitda": 41588000,
    "ebitdaratio": 0.0912045545,
    "operatingIncome": 32588000,
    "operatingIncomeRatio": 0.0714671064,
    "totalOtherIncomeExpensesNet": -698000,
    "incomeBeforeTax": 31890000,
    "incomeBeforeTaxRatio": 0.0699363577,
    "incomeTaxExpense": 10970000,
    "netIncome": 20920000,
    "netIncomeRatio": 0.0458786015,
    "eps": 0.028000000000000004,
    "epsdiluted": 0.026000000000000002,
    "weightedAverageShsOut": 771660000,
    "weightedAverageShsOutDil": 818280000,
    "link": "https://www.sec.gov/Archives/edgar/data/916365/000118811205000418/0001188112-05-000418-index.htm",
    "finalLink": "https://www.sec.gov/Archives/edgar/data/916365/000118811205000418/t10k-4994a.txt"
  },
  {
    "date": "2004-09-25",
    "symbol": "TSCO",
    "reportedCurrency": "USD",
    "cik": "0000916365",
    "fillingDate": "2004-11-04",
    "acceptedDate": "2004-11-04 14:29:42",
    "calendarYear": "2004",
    "period": "Q3",
    "revenue": 426384000,
    "costOfRevenue": 306808000,
    "grossProfit": 119576000,
    "grossProfitRatio": 0.2804420429,
    "researchAndDevelopmentExpenses": 0,
    "generalAndAdministrativeExpenses": 0,
    "sellingAndMarketingExpenses": 0,
    "sellingGeneralAndAdministrativeExpenses": 100647000,
    "otherExpenses": 6269000,
    "operatingExpenses": 106916000,
    "costAndExpenses": 413724000,
    "interestIncome": 0,
    "interestExpense": 0,
    "depreciationAndAmortization": 6269000,
    "ebitda": 18929000,
    "ebitdaratio": 0.0443942549,
    "operatingIncome": 12660000,
    "operatingIncomeRatio": 0.0296915456,
    "totalOtherIncomeExpensesNet": -171000,
    "incomeBeforeTax": 12489000,
    "incomeBeforeTaxRatio": 0.0292904987,
    "incomeTaxExpense": 4537000,
    "netIncome": 7952000,
    "netIncomeRatio": 0.0186498555,
    "eps": 0.010000000000000002,
    "epsdiluted": 0.009500000000000001,
    "weightedAverageShsOut": 761200000,
    "weightedAverageShsOutDil": 801263160,
    "link": "https://www.sec.gov/Archives/edgar/data/916365/000118811204001695/0001188112-04-001695-index.htm",
    "finalLink": "https://www.sec.gov/Archives/edgar/data/916365/000118811204001695/t10q-3911.txt"
  },
  {
    "date": "2004-06-26",
    "symbol": "TSCO",
    "reportedCurrency": "USD",
    "cik": "0000916365",
    "fillingDate": "2004-08-04",
    "acceptedDate": "2004-08-04 17:30:58",
    "calendarYear": "2004",
    "period": "Q2",
    "revenue": 525919000,
    "costOfRevenue": 365376000,
    "grossProfit": 160543000,
    "grossProfitRatio": 0.3052618369,
    "researchAndDevelopmentExpenses": 0,
    "generalAndAdministrativeExpenses": 0,
    "sellingAndMarketingExpenses": 0,
    "sellingGeneralAndAdministrativeExpenses": 104606000,
    "otherExpenses": 6114000,
    "operatingExpenses": 110720000,
    "costAndExpenses": 476096000,
    "interestIncome": 0,
    "interestExpense": 0,
    "depreciationAndAmortization": 6114000,
    "ebitda": 55937000,
    "ebitdaratio": 0.1063604852,
    "operatingIncome": 49823000,
    "operatingIncomeRatio": 0.0947351208,
    "totalOtherIncomeExpensesNet": -190000,
    "incomeBeforeTax": 49633000,
    "incomeBeforeTaxRatio": 0.0943738484,
    "incomeTaxExpense": 18257000,
    "netIncome": 31376000,
    "netIncomeRatio": 0.0596593772,
    "eps": 0.042,
    "epsdiluted": 0.038000000000000006,
    "weightedAverageShsOut": 765268295,
    "weightedAverageShsOutDil": 836693335,
    "link": "https://www.sec.gov/Archives/edgar/data/916365/000118811204001145/0001188112-04-001145-index.htm",
    "finalLink": "https://www.sec.gov/Archives/edgar/data/916365/000118811204001145/t3293tractorsupply10q.txt"
  },
  {
    "date": "2004-03-27",
    "symbol": "TSCO",
    "reportedCurrency": "USD",
    "cik": "0000916365",
    "fillingDate": "2004-05-04",
    "acceptedDate": "2004-05-04 14:29:52",
    "calendarYear": "2004",
    "period": "Q1",
    "revenue": 330554000,
    "costOfRevenue": 231385000,
    "grossProfit": 99169000,
    "grossProfitRatio": 0.3000084706,
    "researchAndDevelopmentExpenses": 0,
    "generalAndAdministrativeExpenses": 0,
    "sellingAndMarketingExpenses": 0,
    "sellingGeneralAndAdministrativeExpenses": 86891000,
    "otherExpenses": 5803000,
    "operatingExpenses": 92694000,
    "costAndExpenses": 324079000,
    "interestIncome": 0,
    "interestExpense": 0,
    "depreciationAndAmortization": 5803000,
    "ebitda": 12278000,
    "ebitdaratio": 0.0371437042,
    "operatingIncome": 6475000,
    "operatingIncomeRatio": 0.0195883275,
    "totalOtherIncomeExpensesNet": -381000,
    "incomeBeforeTax": 6094000,
    "incomeBeforeTaxRatio": 0.018435717,
    "incomeTaxExpense": 2273000,
    "netIncome": 3821000,
    "netIncomeRatio": 0.0115593821,
    "eps": 0.0045,
    "epsdiluted": 0.004,
    "weightedAverageShsOut": 756580000,
    "weightedAverageShsOutDil": 814440000,
    "link": "https://www.sec.gov/Archives/edgar/data/916365/000118811204000705/0001188112-04-000705-index.htm",
    "finalLink": "https://www.sec.gov/Archives/edgar/data/916365/000118811204000705/t10q-2534.txt"
  },
  {
    "date": "2003-12-27",
    "symbol": "TSCO",
    "reportedCurrency": "USD",
    "cik": "0000916365",
    "fillingDate": "2004-03-08",
    "acceptedDate": "2004-03-08 15:37:54",
    "calendarYear": "2003",
    "period": "Q4",
    "revenue": 388530000,
    "costOfRevenue": 265952000,
    "grossProfit": 122578000,
    "grossProfitRatio": 0.3154917252,
    "researchAndDevelopmentExpenses": 0,
    "generalAndAdministrativeExpenses": 0,
    "sellingAndMarketingExpenses": 0,
    "sellingGeneralAndAdministrativeExpenses": 88646000,
    "otherExpenses": 5389000,
    "operatingExpenses": 94035000,
    "costAndExpenses": 359987000,
    "interestIncome": 0,
    "interestExpense": 0,
    "depreciationAndAmortization": 5389000,
    "ebitda": 33932000,
    "ebitdaratio": 0.0873343114,
    "operatingIncome": 28543000,
    "operatingIncomeRatio": 0.0734640826,
    "totalOtherIncomeExpensesNet": -688000,
    "incomeBeforeTax": 27855000,
    "incomeBeforeTaxRatio": 0.0716933055,
    "incomeTaxExpense": 10995000,
    "netIncome": 16860000,
    "netIncomeRatio": 0.0433943325,
    "eps": 0.022000000000000002,
    "epsdiluted": 0.020000000000000004,
    "weightedAverageShsOut": 756640000,
    "weightedAverageShsOutDil": 836240000,
    "link": "https://www.sec.gov/Archives/edgar/data/916365/000118811204000294/0001188112-04-000294-index.htm",
    "finalLink": "https://www.sec.gov/Archives/edgar/data/916365/000118811204000294/t10k-1784b.txt"
  },
  {
    "date": "2003-09-27",
    "symbol": "TSCO",
    "reportedCurrency": "USD",
    "cik": "0000916365",
    "fillingDate": "2003-11-04",
    "acceptedDate": "2003-11-03 18:10:15",
    "calendarYear": "2003",
    "period": "Q3",
    "revenue": 361204000,
    "costOfRevenue": 251971000,
    "grossProfit": 109233000,
    "grossProfitRatio": 0.3024135945,
    "researchAndDevelopmentExpenses": 0,
    "generalAndAdministrativeExpenses": 0,
    "sellingAndMarketingExpenses": 0,
    "sellingGeneralAndAdministrativeExpenses": 84075000,
    "otherExpenses": 5165000,
    "operatingExpenses": 89240000,
    "costAndExpenses": 341211000,
    "interestIncome": 0,
    "interestExpense": 1257000,
    "depreciationAndAmortization": 5165000,
    "ebitda": 25158000,
    "ebitdaratio": 0.0696503915,
    "operatingIncome": 19993000,
    "operatingIncomeRatio": 0.0553509928,
    "totalOtherIncomeExpensesNet": -805000,
    "incomeBeforeTax": 19188000,
    "incomeBeforeTaxRatio": 0.0531223353,
    "incomeTaxExpense": 7059000,
    "netIncome": 12129000,
    "netIncomeRatio": 0.0335793624,
    "eps": 0.0165,
    "epsdiluted": 0.015,
    "weightedAverageShsOut": 735090910,
    "weightedAverageShsOutDil": 808600000,
    "link": "https://www.sec.gov/Archives/edgar/data/916365/000095014403012173/0000950144-03-012173-index.htm",
    "finalLink": "https://www.sec.gov/Archives/edgar/data/916365/000095014403012173/g85600e10vq.htm"
  },
  {
    "date": "2003-06-28",
    "symbol": "TSCO",
    "reportedCurrency": "USD",
    "cik": "0000916365",
    "fillingDate": "2003-08-07",
    "acceptedDate": "2003-08-07 11:34:47",
    "calendarYear": "2003",
    "period": "Q2",
    "revenue": 449391000,
    "costOfRevenue": 313099000,
    "grossProfit": 136292000,
    "grossProfitRatio": 0.3032815521,
    "researchAndDevelopmentExpenses": 0,
    "generalAndAdministrativeExpenses": 0,
    "sellingAndMarketingExpenses": 0,
    "sellingGeneralAndAdministrativeExpenses": 87356000,
    "otherExpenses": 4750000,
    "operatingExpenses": 92106000,
    "costAndExpenses": 405205000,
    "interestIncome": 0,
    "interestExpense": 1148000,
    "depreciationAndAmortization": 4750000,
    "ebitda": 48936000,
    "ebitdaratio": 0.1088940366,
    "operatingIncome": 44186000,
    "operatingIncomeRatio": 0.0983241765,
    "totalOtherIncomeExpensesNet": -941000,
    "incomeBeforeTax": 43245000,
    "incomeBeforeTaxRatio": 0.0962302316,
    "incomeTaxExpense": 15858000,
    "netIncome": 27387000,
    "netIncomeRatio": 0.0609424755,
    "eps": 0.038000000000000006,
    "epsdiluted": 0.034,
    "weightedAverageShsOut": 740189190,
    "weightedAverageShsOutDil": 799620440,
    "link": "https://www.sec.gov/Archives/edgar/data/916365/000095014403009451/0000950144-03-009451-index.htm",
    "finalLink": "https://www.sec.gov/Archives/edgar/data/916365/000095014403009451/g84220e10vq.htm"
  },
  {
    "date": "2003-03-29",
    "symbol": "TSCO",
    "reportedCurrency": "USD",
    "cik": "0000916365",
    "fillingDate": "2003-05-13",
    "acceptedDate": "2003-05-12 21:07:53",
    "calendarYear": "2003",
    "period": "Q1",
    "revenue": 273760000,
    "costOfRevenue": 192963000,
    "grossProfit": 80797000,
    "grossProfitRatio": 0.2951380771,
    "researchAndDevelopmentExpenses": 0,
    "generalAndAdministrativeExpenses": 0,
    "sellingAndMarketingExpenses": 0,
    "sellingGeneralAndAdministrativeExpenses": 72138000,
    "otherExpenses": 4454000,
    "operatingExpenses": 76592000,
    "costAndExpenses": 269555000,
    "interestIncome": 0,
    "interestExpense": 1010000,
    "depreciationAndAmortization": 4454000,
    "ebitda": 8659000,
    "ebitdaratio": 0.0316298948,
    "operatingIncome": 4205000,
    "operatingIncomeRatio": 0.0153601695,
    "totalOtherIncomeExpensesNet": -1010000,
    "incomeBeforeTax": 3195000,
    "incomeBeforeTaxRatio": 0.0116708065,
    "incomeTaxExpense": 1182000,
    "netIncome": 125000,
    "netIncomeRatio": 0.0004566043,
    "eps": 0.00011999999999999999,
    "epsdiluted": 0.00011999999999999999,
    "weightedAverageShsOut": 732320000,
    "weightedAverageShsOutDil": 794320000,
    "link": "https://www.sec.gov/Archives/edgar/data/916365/000095014403006471/0000950144-03-006471-index.htm",
    "finalLink": "https://www.sec.gov/Archives/edgar/data/916365/000095014403006471/g82702e10vq.htm"
  },
  {
    "date": "2002-12-28",
    "symbol": "TSCO",
    "reportedCurrency": "USD",
    "cik": "0000916365",
    "fillingDate": "2003-03-14",
    "acceptedDate": "2003-03-14 17:29:31",
    "calendarYear": "2002",
    "period": "Q4",
    "revenue": 327917000,
    "costOfRevenue": 230119000,
    "grossProfit": 97798000,
    "grossProfitRatio": 0.2982401034,
    "researchAndDevelopmentExpenses": 0,
    "generalAndAdministrativeExpenses": 0,
    "sellingAndMarketingExpenses": 0,
    "sellingGeneralAndAdministrativeExpenses": 65044000,
    "otherExpenses": 4350000,
    "operatingExpenses": 69394000,
    "costAndExpenses": 299513000,
    "interestIncome": 0,
    "interestExpense": 0,
    "depreciationAndAmortization": 4350000,
    "ebitda": 32754000,
    "ebitdaratio": 0.0998850319,
    "operatingIncome": 28404000,
    "operatingIncomeRatio": 0.0866194799,
    "totalOtherIncomeExpensesNet": -1235000,
    "incomeBeforeTax": 27169000,
    "incomeBeforeTaxRatio": 0.082853283,
    "incomeTaxExpense": 9536000,
    "netIncome": 17633000,
    "netIncomeRatio": 0.0537727535,
    "eps": 0.012,
    "epsdiluted": 0.011000000000000001,
    "weightedAverageShsOut": 732320000,
    "weightedAverageShsOutDil": 794320000,
    "link": "https://www.sec.gov/Archives/edgar/data/916365/000095014403003161/0000950144-03-003161-index.htm",
    "finalLink": "https://www.sec.gov/Archives/edgar/data/916365/000095014403003161/g81261e10vk.htm"
  },
  {
    "date": "2002-09-28",
    "symbol": "TSCO",
    "reportedCurrency": "USD",
    "cik": "0000916365",
    "fillingDate": "2002-11-12",
    "acceptedDate": "2002-11-12 12:07:58",
    "calendarYear": "2002",
    "period": "Q3",
    "revenue": 296215000,
    "costOfRevenue": 212196000,
    "grossProfit": 84019000,
    "grossProfitRatio": 0.2836419493,
    "researchAndDevelopmentExpenses": 0,
    "generalAndAdministrativeExpenses": 0,
    "sellingAndMarketingExpenses": 0,
    "sellingGeneralAndAdministrativeExpenses": 66150000,
    "otherExpenses": 4557000,
    "operatingExpenses": 70707000,
    "costAndExpenses": 282903000,
    "interestIncome": 0,
    "interestExpense": 0,
    "depreciationAndAmortization": 4557000,
    "ebitda": 17869000,
    "ebitdaratio": 0.0603244265,
    "operatingIncome": 13312000,
    "operatingIncomeRatio": 0.0449403305,
    "totalOtherIncomeExpensesNet": -1257000,
    "incomeBeforeTax": 12055000,
    "incomeBeforeTaxRatio": 0.0406967912,
    "incomeTaxExpense": 4254000,
    "netIncome": 7801000,
    "netIncomeRatio": 0.0263356008,
    "eps": 0.01076,
    "epsdiluted": 0.009760000000000001,
    "weightedAverageShsOut": 725674420,
    "weightedAverageShsOutDil": 800102565,
    "link": "https://www.sec.gov/Archives/edgar/data/916365/000095014402011458/0000950144-02-011458-index.htm",
    "finalLink": "https://www.sec.gov/Archives/edgar/data/916365/000095014402011458/g79159e10vq.htm"
  },
  {
    "date": "2002-06-29",
    "symbol": "TSCO",
    "reportedCurrency": "USD",
    "cik": "0000916365",
    "fillingDate": "2002-08-12",
    "acceptedDate": "2002-08-12 15:16:58",
    "calendarYear": "2002",
    "period": "Q2",
    "revenue": 392048000,
    "costOfRevenue": 283657000,
    "grossProfit": 108391000,
    "grossProfitRatio": 0.2764737991,
    "researchAndDevelopmentExpenses": 0,
    "generalAndAdministrativeExpenses": 0,
    "sellingAndMarketingExpenses": 0,
    "sellingGeneralAndAdministrativeExpenses": 74809000,
    "otherExpenses": 4457000,
    "operatingExpenses": 79266000,
    "costAndExpenses": 362923000,
    "interestIncome": 0,
    "interestExpense": 0,
    "depreciationAndAmortization": 4457000,
    "ebitda": 33582000,
    "ebitdaratio": 0.0856578786,
    "operatingIncome": 29125000,
    "operatingIncomeRatio": 0.0742893727,
    "totalOtherIncomeExpensesNet": -1148000,
    "incomeBeforeTax": 27977000,
    "incomeBeforeTaxRatio": 0.0713611599,
    "incomeTaxExpense": 10631000,
    "netIncome": 17346000,
    "netIncomeRatio": 0.0442445823,
    "eps": 0.024,
    "epsdiluted": 0.022000000000000002,
    "weightedAverageShsOut": 722750000,
    "weightedAverageShsOutDil": 788454545,
    "link": "https://www.sec.gov/Archives/edgar/data/916365/000095014402008261/0000950144-02-008261-index.htm",
    "finalLink": "https://www.sec.gov/Archives/edgar/data/916365/000095014402008261/g77761e10vq.htm"
  },
  {
    "date": "2002-03-30",
    "symbol": "TSCO",
    "reportedCurrency": "USD",
    "cik": "0000916365",
    "fillingDate": "2002-05-13",
    "acceptedDate": "2002-05-13 16:50:31",
    "calendarYear": "2002",
    "period": "Q1",
    "revenue": 193810000,
    "costOfRevenue": 141831000,
    "grossProfit": 51979000,
    "grossProfitRatio": 0.2681956555,
    "researchAndDevelopmentExpenses": 0,
    "generalAndAdministrativeExpenses": 0,
    "sellingAndMarketingExpenses": 0,
    "sellingGeneralAndAdministrativeExpenses": 54287000,
    "otherExpenses": 3093000,
    "operatingExpenses": 57380000,
    "costAndExpenses": 199211000,
    "interestIncome": 0,
    "interestExpense": 0,
    "depreciationAndAmortization": 3093000,
    "ebitda": -2308000,
    "ebitdaratio": -0.0119085702,
    "operatingIncome": -5401000,
    "operatingIncomeRatio": -0.0278674991,
    "totalOtherIncomeExpensesNet": -1067000,
    "incomeBeforeTax": -6468000,
    "incomeBeforeTaxRatio": -0.033372891,
    "incomeTaxExpense": -2458000,
    "netIncome": -4010000,
    "netIncomeRatio": -0.0206903669,
    "eps": -0.0014000000000000002,
    "epsdiluted": -0.0014000000000000002,
    "weightedAverageShsOut": 715680000,
    "weightedAverageShsOutDil": 715680000,
    "link": "https://www.sec.gov/Archives/edgar/data/916365/000095014402005220/0000950144-02-005220-index.htm",
    "finalLink": "https://www.sec.gov/Archives/edgar/data/916365/000095014402005220/g76225e10-q.htm"
  },
  {
    "date": "2001-12-29",
    "symbol": "TSCO",
    "reportedCurrency": "USD",
    "cik": "0000916365",
    "fillingDate": "2002-03-28",
    "acceptedDate": "2002-03-28 00:00:00",
    "calendarYear": "2001",
    "period": "Q4",
    "revenue": 220357000,
    "costOfRevenue": 159873000,
    "grossProfit": 60484000,
    "grossProfitRatio": 0.2744818635,
    "researchAndDevelopmentExpenses": 0,
    "generalAndAdministrativeExpenses": 0,
    "sellingAndMarketingExpenses": 0,
    "sellingGeneralAndAdministrativeExpenses": 45560000,
    "otherExpenses": 2900000,
    "operatingExpenses": 48460000,
    "costAndExpenses": 208333000,
    "interestIncome": 0,
    "interestExpense": 0,
    "depreciationAndAmortization": 2900000,
    "ebitda": 14924000,
    "ebitdaratio": 0.0677264621,
    "operatingIncome": 12024000,
    "operatingIncomeRatio": 0.0545659997,
    "totalOtherIncomeExpensesNet": -891000,
    "incomeBeforeTax": 11133000,
    "incomeBeforeTaxRatio": 0.0505225611,
    "incomeTaxExpense": 1579000,
    "netIncome": 9554000,
    "netIncomeRatio": 0.0433569163,
    "eps": 0.0034000000000000002,
    "epsdiluted": 0.0034000000000000002,
    "weightedAverageShsOut": 715680000,
    "weightedAverageShsOutDil": 715680000,
    "link": "https://www.sec.gov/Archives/edgar/data/916365/000095014402002982/0000950144-02-002982-index.htm",
    "finalLink": "https://www.sec.gov/Archives/edgar/data/916365/000095014402002982/g74962e10-k405.htm"
  },
  {
    "date": "2001-09-29",
    "symbol": "TSCO",
    "reportedCurrency": "USD",
    "cik": "0000916365",
    "fillingDate": "2001-11-09",
    "acceptedDate": "2001-11-09 00:00:00",
    "calendarYear": "2001",
    "period": "Q3",
    "revenue": 199435000,
    "costOfRevenue": 145463000,
    "grossProfit": 53972000,
    "grossProfitRatio": 0.2706245143,
    "researchAndDevelopmentExpenses": 0,
    "generalAndAdministrativeExpenses": 0,
    "sellingAndMarketingExpenses": 0,
    "sellingGeneralAndAdministrativeExpenses": 46223000,
    "otherExpenses": 2816000,
    "operatingExpenses": 49039000,
    "costAndExpenses": 194502000,
    "interestIncome": 0,
    "interestExpense": 0,
    "depreciationAndAmortization": 2816000,
    "ebitda": 7749000,
    "ebitdaratio": 0.0388547647,
    "operatingIncome": 4933000,
    "operatingIncomeRatio": 0.024734876,
    "totalOtherIncomeExpensesNet": -1021000,
    "incomeBeforeTax": 3912000,
    "incomeBeforeTaxRatio": 0.0196154135,
    "incomeTaxExpense": 1487000,
    "netIncome": 2425000,
    "netIncomeRatio": 0.0121593502,
    "eps": 0.0035000000000000005,
    "epsdiluted": 0.0033799999999999998,
    "weightedAverageShsOut": 692857145,
    "weightedAverageShsOutDil": 718518520,
    "link": "https://www.sec.gov/Archives/edgar/data/916365/000095014401508665/0000950144-01-508665-index.htm",
    "finalLink": "https://www.sec.gov/Archives/edgar/data/916365/000095014401508665/g72565e10-q.htm"
  },
  {
    "date": "2001-06-30",
    "symbol": "TSCO",
    "reportedCurrency": "USD",
    "cik": "0000916365",
    "fillingDate": "2001-08-14",
    "acceptedDate": "2001-08-14 00:00:00",
    "calendarYear": "2001",
    "period": "Q2",
    "revenue": 267490000,
    "costOfRevenue": 195697000,
    "grossProfit": 71793000,
    "grossProfitRatio": 0.2683950802,
    "researchAndDevelopmentExpenses": 0,
    "generalAndAdministrativeExpenses": 0,
    "sellingAndMarketingExpenses": 0,
    "sellingGeneralAndAdministrativeExpenses": 45507000,
    "otherExpenses": 2831000,
    "operatingExpenses": 48338000,
    "costAndExpenses": 244035000,
    "interestIncome": 0,
    "interestExpense": 0,
    "depreciationAndAmortization": 2831000,
    "ebitda": 26286000,
    "ebitdaratio": 0.0982690942,
    "operatingIncome": 23455000,
    "operatingIncomeRatio": 0.087685521,
    "totalOtherIncomeExpensesNet": 1108000,
    "incomeBeforeTax": 24563000,
    "incomeBeforeTaxRatio": 0.0918277319,
    "incomeTaxExpense": 8919000,
    "netIncome": 15644000,
    "netIncomeRatio": 0.0584844293,
    "eps": 0.022000000000000002,
    "epsdiluted": 0.022000000000000002,
    "weightedAverageShsOut": 703101125,
    "weightedAverageShsOutDil": 711090910,
    "link": "https://www.sec.gov/Archives/edgar/data/916365/000095014401505788/0000950144-01-505788-index.htm",
    "finalLink": "https://www.sec.gov/Archives/edgar/data/916365/000095014401505788/g71118e10-q.txt"
  },
  {
    "date": "2001-03-31",
    "symbol": "TSCO",
    "reportedCurrency": "USD",
    "cik": "0000916365",
    "fillingDate": "2001-05-04",
    "acceptedDate": "2001-05-04 00:00:00",
    "calendarYear": "2001",
    "period": "Q1",
    "revenue": 162517000,
    "costOfRevenue": 120422000,
    "grossProfit": 42095000,
    "grossProfitRatio": 0.2590190565,
    "researchAndDevelopmentExpenses": 0,
    "generalAndAdministrativeExpenses": 0,
    "sellingAndMarketingExpenses": 0,
    "sellingGeneralAndAdministrativeExpenses": 40953000,
    "otherExpenses": 2707000,
    "operatingExpenses": 43660000,
    "costAndExpenses": 164082000,
    "interestIncome": 0,
    "interestExpense": 0,
    "depreciationAndAmortization": 2707000,
    "ebitda": 1142000,
    "ebitdaratio": 0.0070269572,
    "operatingIncome": -1565000,
    "operatingIncomeRatio": -0.0096297618,
    "totalOtherIncomeExpensesNet": -1517000,
    "incomeBeforeTax": -3082000,
    "incomeBeforeTaxRatio": -0.0189641699,
    "incomeTaxExpense": -1233000,
    "netIncome": -1849000,
    "netIncomeRatio": -0.0113772713,
    "eps": -0.0026200000000000004,
    "epsdiluted": -0.0026200000000000004,
    "weightedAverageShsOut": 704380950,
    "weightedAverageShsOutDil": 704380950,
    "link": "https://www.sec.gov/Archives/edgar/data/916365/000095014401501516/0000950144-01-501516-index.htm",
    "finalLink": "https://www.sec.gov/Archives/edgar/data/916365/000095014401501516/g69025e10-q.txt"
  },
  {
    "date": "2000-12-30",
    "symbol": "TSCO",
    "reportedCurrency": "USD",
    "cik": "0000916365",
    "fillingDate": "2001-03-23",
    "acceptedDate": "2001-03-23 00:00:00",
    "calendarYear": "2000",
    "period": "Q4",
    "revenue": 203736000,
    "costOfRevenue": 147635000,
    "grossProfit": 56101000,
    "grossProfitRatio": 0.2753612518,
    "researchAndDevelopmentExpenses": 0,
    "generalAndAdministrativeExpenses": 0,
    "sellingAndMarketingExpenses": 0,
    "sellingGeneralAndAdministrativeExpenses": 41789000,
    "otherExpenses": 2672000,
    "operatingExpenses": 44461000,
    "costAndExpenses": 192096000,
    "interestIncome": 0,
    "interestExpense": 0,
    "depreciationAndAmortization": 2672000,
    "ebitda": 14312000,
    "ebitdaratio": 0.0702477716,
    "operatingIncome": 11640000,
    "operatingIncomeRatio": 0.05713276,
    "totalOtherIncomeExpensesNet": -2050000,
    "incomeBeforeTax": 9590000,
    "incomeBeforeTaxRatio": 0.047070719,
    "incomeTaxExpense": 3894000,
    "netIncome": 5696000,
    "netIncomeRatio": 0.0279577492,
    "eps": 0.008,
    "epsdiluted": 0.008,
    "weightedAverageShsOut": 700968175,
    "weightedAverageShsOutDil": 704380950,
    "link": "https://www.sec.gov/Archives/edgar/data/916365/000095014401003865/0000950144-01-003865-index.htm",
    "finalLink": "https://www.sec.gov/Archives/edgar/data/916365/000095014401003865/g67748e10-k.txt"
  },
  {
    "date": "2000-09-30",
    "symbol": "TSCO",
    "reportedCurrency": "USD",
    "cik": "0000916365",
    "fillingDate": "2000-11-14",
    "acceptedDate": "2000-11-14 00:00:00",
    "calendarYear": "2000",
    "period": "Q3",
    "revenue": 175478000,
    "costOfRevenue": 130361000,
    "grossProfit": 45117000,
    "grossProfitRatio": 0.2571091533,
    "researchAndDevelopmentExpenses": 0,
    "generalAndAdministrativeExpenses": 0,
    "sellingAndMarketingExpenses": 0,
    "sellingGeneralAndAdministrativeExpenses": 38908000,
    "otherExpenses": 2590000,
    "operatingExpenses": 41498000,
    "costAndExpenses": 171859000,
    "interestIncome": 0,
    "interestExpense": 0,
    "depreciationAndAmortization": 2590000,
    "ebitda": 6209000,
    "ebitdaratio": 0.0353833529,
    "operatingIncome": 3619000,
    "operatingIncomeRatio": 0.0206236679,
    "totalOtherIncomeExpensesNet": -1725000,
    "incomeBeforeTax": 1894000,
    "incomeBeforeTaxRatio": 0.0107933758,
    "incomeTaxExpense": 771000,
    "netIncome": 1123000,
    "netIncomeRatio": 0.0063996626,
    "eps": 0.00162,
    "epsdiluted": 0.00162,
    "weightedAverageShsOut": 691076925,
    "weightedAverageShsOutDil": 691076925,
    "link": "https://www.sec.gov/Archives/edgar/data/916365/000095014400013831/0000950144-00-013831-index.htm",
    "finalLink": "https://www.sec.gov/Archives/edgar/data/916365/000095014400013831/g65421e10-q.txt"
  },
  {
    "date": "2000-07-01",
    "symbol": "TSCO",
    "reportedCurrency": "USD",
    "cik": "0000916365",
    "fillingDate": "2000-08-04",
    "acceptedDate": "2000-08-04 00:00:00",
    "calendarYear": "2000",
    "period": "Q2",
    "revenue": 232341000,
    "costOfRevenue": 170756000,
    "grossProfit": 61585000,
    "grossProfitRatio": 0.2650629893,
    "researchAndDevelopmentExpenses": 0,
    "generalAndAdministrativeExpenses": 0,
    "sellingAndMarketingExpenses": 0,
    "sellingGeneralAndAdministrativeExpenses": 40078000,
    "otherExpenses": 2445000,
    "operatingExpenses": 42523000,
    "costAndExpenses": 213279000,
    "interestIncome": 0,
    "interestExpense": 0,
    "depreciationAndAmortization": 2445000,
    "ebitda": 21507000,
    "ebitdaratio": 0.0925665294,
    "operatingIncome": 19062000,
    "operatingIncomeRatio": 0.0820432037,
    "totalOtherIncomeExpensesNet": -1309000,
    "incomeBeforeTax": 17753000,
    "incomeBeforeTaxRatio": 0.0764092433,
    "incomeTaxExpense": 7207000,
    "netIncome": 10546000,
    "netIncomeRatio": 0.0453901808,
    "eps": 0.015,
    "epsdiluted": 0.015,
    "weightedAverageShsOut": 703066665,
    "weightedAverageShsOutDil": 703066665,
    "link": "https://www.sec.gov/Archives/edgar/data/916365/000095014400009448/0000950144-00-009448-index.htm",
    "finalLink": "https://www.sec.gov/Archives/edgar/data/916365/000095014400009448/e10-q.txt"
  },
  {
    "date": "2000-04-01",
    "symbol": "TSCO",
    "reportedCurrency": "USD",
    "cik": "0000916365",
    "fillingDate": "2000-05-05",
    "acceptedDate": "2000-05-05 00:00:00",
    "calendarYear": "2000",
    "period": "Q1",
    "revenue": 147482000,
    "costOfRevenue": 109878000,
    "grossProfit": 37604000,
    "grossProfitRatio": 0.2549734883,
    "researchAndDevelopmentExpenses": 0,
    "generalAndAdministrativeExpenses": 0,
    "sellingAndMarketingExpenses": 0,
    "sellingGeneralAndAdministrativeExpenses": 35760000,
    "otherExpenses": 2182000,
    "operatingExpenses": 37942000,
    "costAndExpenses": 147820000,
    "interestIncome": 0,
    "interestExpense": 0,
    "depreciationAndAmortization": 2182000,
    "ebitda": 1844000,
    "ebitdaratio": 0.0125032207,
    "operatingIncome": -338000,
    "operatingIncomeRatio": -0.0022918051,
    "totalOtherIncomeExpensesNet": -1303000,
    "incomeBeforeTax": -1641000,
    "incomeBeforeTaxRatio": -0.0111267816,
    "incomeTaxExpense": -666000,
    "netIncome": -975000,
    "netIncomeRatio": -0.0066109763,
    "eps": -0.00034,
    "epsdiluted": -0.00034,
    "weightedAverageShsOut": 703066665,
    "weightedAverageShsOutDil": 703066665,
    "link": "https://www.sec.gov/Archives/edgar/data/916365/000095014400005923/0000950144-00-005923-index.html",
    "finalLink": "https://www.sec.gov/Archives/edgar/data/916365/000095014400005923/"
  },
  {
    "date": "2000-01-01",
    "symbol": "TSCO",
    "reportedCurrency": "USD",
    "cik": "0000916365",
    "fillingDate": "2000-03-24",
    "acceptedDate": "2000-03-24 00:00:00",
    "calendarYear": "1999",
    "period": "Q4",
    "revenue": 188100000,
    "costOfRevenue": 136100000,
    "grossProfit": 52000000,
    "grossProfitRatio": 0.2764486975,
    "researchAndDevelopmentExpenses": 0,
    "generalAndAdministrativeExpenses": 0,
    "sellingAndMarketingExpenses": 0,
    "sellingGeneralAndAdministrativeExpenses": 37900000,
    "otherExpenses": 2100000,
    "operatingExpenses": 40000000,
    "costAndExpenses": 176100000,
    "interestIncome": 0,
    "interestExpense": 0,
    "depreciationAndAmortization": 2100000,
    "ebitda": 14100000,
    "ebitdaratio": 0.0749601276,
    "operatingIncome": 12000000,
    "operatingIncomeRatio": 0.0637958533,
    "totalOtherIncomeExpensesNet": -1600000,
    "incomeBeforeTax": 10400000,
    "incomeBeforeTaxRatio": 0.0552897395,
    "incomeTaxExpense": 4100000,
    "netIncome": 6300000,
    "netIncomeRatio": 0.033492823,
    "eps": 0.0022,
    "epsdiluted": 0.0022,
    "weightedAverageShsOut": 701120000,
    "weightedAverageShsOutDil": 701120000,
    "link": "https://www.sec.gov/Archives/edgar/data/916365/000095014400003625/0000950144-00-003625-index.html",
    "finalLink": "https://www.sec.gov/Archives/edgar/data/916365/000095014400003625/"
  },
  {
    "date": "1999-09-25",
    "symbol": "TSCO",
    "reportedCurrency": "USD",
    "cik": "0000916365",
    "fillingDate": "1999-10-29",
    "acceptedDate": "1999-10-29 00:00:00",
    "calendarYear": "1999",
    "period": "Q3",
    "revenue": 160200000,
    "costOfRevenue": 118600000,
    "grossProfit": 41600000,
    "grossProfitRatio": 0.2596754057,
    "researchAndDevelopmentExpenses": 0,
    "generalAndAdministrativeExpenses": 0,
    "sellingAndMarketingExpenses": 0,
    "sellingGeneralAndAdministrativeExpenses": 34100000,
    "otherExpenses": 1900000,
    "operatingExpenses": 36000000,
    "costAndExpenses": 154600000,
    "interestIncome": 0,
    "interestExpense": 0,
    "depreciationAndAmortization": 1900000,
    "ebitda": 7500000,
    "ebitdaratio": 0.0468164794,
    "operatingIncome": 5600000,
    "operatingIncomeRatio": 0.0349563046,
    "totalOtherIncomeExpensesNet": -1214000,
    "incomeBeforeTax": 4400000,
    "incomeBeforeTaxRatio": 0.0274656679,
    "incomeTaxExpense": 1800000,
    "netIncome": 2600000,
    "netIncomeRatio": 0.0162297129,
    "eps": 0.0009400000000000001,
    "epsdiluted": 0.0009400000000000001,
    "weightedAverageShsOut": 701120000,
    "weightedAverageShsOutDil": 701120000,
    "link": "https://www.sec.gov/Archives/edgar/data/916365/000095014499012218/0000950144-99-012218-index.html",
    "finalLink": "https://www.sec.gov/Archives/edgar/data/916365/000095014499012218/"
  },
  {
    "date": "1999-06-26",
    "symbol": "TSCO",
    "reportedCurrency": "USD",
    "cik": "0000916365",
    "fillingDate": "1999-07-30",
    "acceptedDate": "1999-07-30 00:00:00",
    "calendarYear": "1999",
    "period": "Q2",
    "revenue": 214100000,
    "costOfRevenue": 158700000,
    "grossProfit": 55400000,
    "grossProfitRatio": 0.2587575899,
    "researchAndDevelopmentExpenses": 0,
    "generalAndAdministrativeExpenses": 0,
    "sellingAndMarketingExpenses": 0,
    "sellingGeneralAndAdministrativeExpenses": 35900000,
    "otherExpenses": 1900000,
    "operatingExpenses": 37800000,
    "costAndExpenses": 196500000,
    "interestIncome": 0,
    "interestExpense": 0,
    "depreciationAndAmortization": 1900000,
    "ebitda": 19500000,
    "ebitdaratio": 0.0910789351,
    "operatingIncome": 17600000,
    "operatingIncomeRatio": 0.0822045773,
    "totalOtherIncomeExpensesNet": -500000,
    "incomeBeforeTax": 17100000,
    "incomeBeforeTaxRatio": 0.07986922,
    "incomeTaxExpense": 7000000,
    "netIncome": 10100000,
    "netIncomeRatio": 0.0471742177,
    "eps": 0.0036200000000000004,
    "epsdiluted": 0.0035600000000000002,
    "weightedAverageShsOut": 700880000,
    "weightedAverageShsOutDil": 700880000,
    "link": "https://www.sec.gov/Archives/edgar/data/916365/000095014499009356/0000950144-99-009356-index.html",
    "finalLink": "https://www.sec.gov/Archives/edgar/data/916365/000095014499009356/"
  },
  {
    "date": "1999-03-27",
    "symbol": "TSCO",
    "reportedCurrency": "USD",
    "cik": "0000916365",
    "fillingDate": "1999-04-30",
    "acceptedDate": "1999-04-30 00:00:00",
    "calendarYear": "1999",
    "period": "Q1",
    "revenue": 125600000,
    "costOfRevenue": 93500000,
    "grossProfit": 32100000,
    "grossProfitRatio": 0.2555732484,
    "researchAndDevelopmentExpenses": 0,
    "generalAndAdministrativeExpenses": 0,
    "sellingAndMarketingExpenses": 0,
    "sellingGeneralAndAdministrativeExpenses": 31900000,
    "otherExpenses": 1400000,
    "operatingExpenses": 33300000,
    "costAndExpenses": 126800000,
    "interestIncome": 0,
    "interestExpense": 0,
    "depreciationAndAmortization": 1400000,
    "ebitda": 247000,
    "ebitdaratio": 0.0019665605,
    "operatingIncome": -1200000,
    "operatingIncomeRatio": -0.0095541401,
    "totalOtherIncomeExpensesNet": -647000,
    "incomeBeforeTax": -1800000,
    "incomeBeforeTaxRatio": -0.0143312102,
    "incomeTaxExpense": -700000,
    "netIncome": -1100000,
    "netIncomeRatio": -0.0087579618,
    "eps": -0.0015800000000000002,
    "epsdiluted": -0.0015800000000000002,
    "weightedAverageShsOut": 700160000,
    "weightedAverageShsOutDil": 700160000,
    "link": "https://www.sec.gov/Archives/edgar/data/916365/000095014499005109/0000950144-99-005109-index.html",
    "finalLink": "https://www.sec.gov/Archives/edgar/data/916365/"
  },
  {
    "date": "1998-12-26",
    "symbol": "TSCO",
    "reportedCurrency": "USD",
    "cik": "0000916365",
    "fillingDate": "1999-03-17",
    "acceptedDate": "1999-03-17 00:00:00",
    "calendarYear": "1998",
    "period": "Q4",
    "revenue": 158400000,
    "costOfRevenue": 115900000,
    "grossProfit": 42500000,
    "grossProfitRatio": 0.2683080808,
    "researchAndDevelopmentExpenses": 0,
    "generalAndAdministrativeExpenses": 0,
    "sellingAndMarketingExpenses": 0,
    "sellingGeneralAndAdministrativeExpenses": 31500000,
    "otherExpenses": 1300000,
    "operatingExpenses": 32800000,
    "costAndExpenses": 148700000,
    "interestIncome": 0,
    "interestExpense": 0,
    "depreciationAndAmortization": 1300000,
    "ebitda": 11000000,
    "ebitdaratio": 0.0694444444,
    "operatingIncome": 9700000,
    "operatingIncomeRatio": 0.0612373737,
    "totalOtherIncomeExpensesNet": -1100000,
    "incomeBeforeTax": 8600000,
    "incomeBeforeTaxRatio": 0.0542929293,
    "incomeTaxExpense": 3600000,
    "netIncome": 5000000,
    "netIncomeRatio": 0.0315656566,
    "eps": 0.0072,
    "epsdiluted": 0.0072,
    "weightedAverageShsOut": 699840000,
    "weightedAverageShsOutDil": 700160000,
    "link": "https://www.sec.gov/Archives/edgar/data/916365/000095014499002796/0000950144-99-002796-index.html",
    "finalLink": "https://www.sec.gov/Archives/edgar/data/916365/"
  },
  {
    "date": "1998-09-26",
    "symbol": "TSCO",
    "reportedCurrency": "USD",
    "cik": "0000916365",
    "fillingDate": "1998-10-30",
    "acceptedDate": "1998-10-30 00:00:00",
    "calendarYear": "1998",
    "period": "Q3",
    "revenue": 140600000,
    "costOfRevenue": 104200000,
    "grossProfit": 36400000,
    "grossProfitRatio": 0.2588904694,
    "researchAndDevelopmentExpenses": 0,
    "generalAndAdministrativeExpenses": 0,
    "sellingAndMarketingExpenses": 0,
    "sellingGeneralAndAdministrativeExpenses": 30600000,
    "otherExpenses": 1400000,
    "operatingExpenses": 32000000,
    "costAndExpenses": 136200000,
    "interestIncome": 0,
    "interestExpense": 0,
    "depreciationAndAmortization": 1400000,
    "ebitda": 5800000,
    "ebitdaratio": 0.0412517781,
    "operatingIncome": 4400000,
    "operatingIncomeRatio": 0.0312944523,
    "totalOtherIncomeExpensesNet": -800000,
    "incomeBeforeTax": 3600000,
    "incomeBeforeTaxRatio": 0.0256045519,
    "incomeTaxExpense": 1500000,
    "netIncome": 2100000,
    "netIncomeRatio": 0.0149359886,
    "eps": 0.00076,
    "epsdiluted": 0.00076,
    "weightedAverageShsOut": 699520000,
    "weightedAverageShsOutDil": 699520000,
    "link": "https://www.sec.gov/Archives/edgar/data/916365/000095014498011806/0000950144-98-011806-index.html",
    "finalLink": "https://www.sec.gov/Archives/edgar/data/916365/"
  },
  {
    "date": "1998-06-27",
    "symbol": "TSCO",
    "reportedCurrency": "USD",
    "cik": "0000916365",
    "fillingDate": "1998-07-31",
    "acceptedDate": "1998-07-31 00:00:00",
    "calendarYear": "1998",
    "period": "Q2",
    "revenue": 196100000,
    "costOfRevenue": 146800000,
    "grossProfit": 49300000,
    "grossProfitRatio": 0.2514023457,
    "researchAndDevelopmentExpenses": 0,
    "generalAndAdministrativeExpenses": 0,
    "sellingAndMarketingExpenses": 0,
    "sellingGeneralAndAdministrativeExpenses": 31700000,
    "otherExpenses": 1300000,
    "operatingExpenses": 33000000,
    "costAndExpenses": 179800000,
    "interestIncome": 0,
    "interestExpense": 0,
    "depreciationAndAmortization": 1300000,
    "ebitda": 17600000,
    "ebitdaratio": 0.0897501275,
    "operatingIncome": 16300000,
    "operatingIncomeRatio": 0.0831208567,
    "totalOtherIncomeExpensesNet": -700000,
    "incomeBeforeTax": 15600000,
    "incomeBeforeTaxRatio": 0.0795512494,
    "incomeTaxExpense": 6400000,
    "netIncome": 9200000,
    "netIncomeRatio": 0.0469148394,
    "eps": 0.0032800000000000004,
    "epsdiluted": 0.00326,
    "weightedAverageShsOut": 699280000,
    "weightedAverageShsOutDil": 699280000,
    "link": "https://www.sec.gov/Archives/edgar/data/916365/000095014498008976/0000950144-98-008976-index.html",
    "finalLink": "https://www.sec.gov/Archives/edgar/data/916365/"
  },
  {
    "date": "1998-03-28",
    "symbol": "TSCO",
    "reportedCurrency": "USD",
    "cik": "0000916365",
    "fillingDate": "1998-05-01",
    "acceptedDate": "1998-05-01 00:00:00",
    "calendarYear": "1998",
    "period": "Q1",
    "revenue": 105600000,
    "costOfRevenue": 79100000,
    "grossProfit": 26500000,
    "grossProfitRatio": 0.2509469697,
    "researchAndDevelopmentExpenses": 0,
    "generalAndAdministrativeExpenses": 0,
    "sellingAndMarketingExpenses": 0,
    "sellingGeneralAndAdministrativeExpenses": 26900000,
    "otherExpenses": 1300000,
    "operatingExpenses": 28200000,
    "costAndExpenses": 107300000,
    "interestIncome": 0,
    "interestExpense": 0,
    "depreciationAndAmortization": 1300000,
    "ebitda": -400000,
    "ebitdaratio": -0.0037878788,
    "operatingIncome": -1700000,
    "operatingIncomeRatio": -0.0160984848,
    "totalOtherIncomeExpensesNet": -800000,
    "incomeBeforeTax": -2500000,
    "incomeBeforeTaxRatio": -0.0236742424,
    "incomeTaxExpense": -1000000,
    "netIncome": -1500000,
    "netIncomeRatio": -0.0142045455,
    "eps": -0.00214,
    "epsdiluted": -0.00214,
    "weightedAverageShsOut": 698880000,
    "weightedAverageShsOutDil": 698880000,
    "link": "https://www.sec.gov/Archives/edgar/data/916365/000095014498005470/0000950144-98-005470-index.html",
    "finalLink": "https://www.sec.gov/Archives/edgar/data/916365/"
  },
  {
    "date": "1997-12-27",
    "symbol": "TSCO",
    "reportedCurrency": "USD",
    "cik": "0000916365",
    "fillingDate": "1998-03-18",
    "acceptedDate": "1998-03-18 00:00:00",
    "calendarYear": "1997",
    "period": "Q4",
    "revenue": 134800000,
    "costOfRevenue": 98800000,
    "grossProfit": 36000000,
    "grossProfitRatio": 0.2670623145,
    "researchAndDevelopmentExpenses": 0,
    "generalAndAdministrativeExpenses": 0,
    "sellingAndMarketingExpenses": 0,
    "sellingGeneralAndAdministrativeExpenses": 26700000,
    "otherExpenses": 1200000,
    "operatingExpenses": 27900000,
    "costAndExpenses": 126700000,
    "interestIncome": 0,
    "interestExpense": 0,
    "depreciationAndAmortization": 1200000,
    "ebitda": 9300000,
    "ebitdaratio": 0.0689910979,
    "operatingIncome": 8100000,
    "operatingIncomeRatio": 0.0600890208,
    "totalOtherIncomeExpensesNet": -800000,
    "incomeBeforeTax": 7300000,
    "incomeBeforeTaxRatio": 0.0541543027,
    "incomeTaxExpense": 3100000,
    "netIncome": 4200000,
    "netIncomeRatio": 0.03115727,
    "eps": 0.0058000000000000005,
    "epsdiluted": 0.0058000000000000005,
    "weightedAverageShsOut": 698480000,
    "weightedAverageShsOutDil": 698880000,
    "link": "https://www.sec.gov/Archives/edgar/data/916365/000095014498002932/0000950144-98-002932-index.html",
    "finalLink": "https://www.sec.gov/Archives/edgar/data/916365/"
  },
  {
    "date": "1997-09-27",
    "symbol": "TSCO",
    "reportedCurrency": "USD",
    "cik": "0000916365",
    "fillingDate": "1997-10-31",
    "acceptedDate": "1997-10-31 00:00:00",
    "calendarYear": "1997",
    "period": "Q3",
    "revenue": 118400000,
    "costOfRevenue": 88200000,
    "grossProfit": 30200000,
    "grossProfitRatio": 0.2550675676,
    "researchAndDevelopmentExpenses": 0,
    "generalAndAdministrativeExpenses": 0,
    "sellingAndMarketingExpenses": 0,
    "sellingGeneralAndAdministrativeExpenses": 25900000,
    "otherExpenses": 1200000,
    "operatingExpenses": 27100000,
    "costAndExpenses": 115300000,
    "interestIncome": 0,
    "interestExpense": 0,
    "depreciationAndAmortization": 1200000,
    "ebitda": 4300000,
    "ebitdaratio": 0.0363175676,
    "operatingIncome": 3100000,
    "operatingIncomeRatio": 0.0261824324,
    "totalOtherIncomeExpensesNet": -500000,
    "incomeBeforeTax": 2600000,
    "incomeBeforeTaxRatio": 0.0219594595,
    "incomeTaxExpense": 1000000,
    "netIncome": 1600000,
    "netIncomeRatio": 0.0135135135,
    "eps": 0.0005600000000000001,
    "epsdiluted": 0.0005600000000000001,
    "weightedAverageShsOut": 698160000,
    "weightedAverageShsOutDil": 698160000,
    "link": "https://www.sec.gov/Archives/edgar/data/916365/000095014497011404/0000950144-97-011404-index.html",
    "finalLink": "https://www.sec.gov/Archives/edgar/data/916365/"
  },
  {
    "date": "1997-06-28",
    "symbol": "TSCO",
    "reportedCurrency": "USD",
    "cik": "0000916365",
    "fillingDate": "1997-08-08",
    "acceptedDate": "1997-08-08 00:00:00",
    "calendarYear": "1997",
    "period": "Q2",
    "revenue": 159500000,
    "costOfRevenue": 118200000,
    "grossProfit": 41300000,
    "grossProfitRatio": 0.2589341693,
    "researchAndDevelopmentExpenses": 0,
    "generalAndAdministrativeExpenses": 0,
    "sellingAndMarketingExpenses": 0,
    "sellingGeneralAndAdministrativeExpenses": 28000000,
    "otherExpenses": 1100000,
    "operatingExpenses": 29100000,
    "costAndExpenses": 147300000,
    "interestIncome": 0,
    "interestExpense": 0,
    "depreciationAndAmortization": 1100000,
    "ebitda": 13300000,
    "ebitdaratio": 0.0833855799,
    "operatingIncome": 12200000,
    "operatingIncomeRatio": 0.0764890282,
    "totalOtherIncomeExpensesNet": -500000,
    "incomeBeforeTax": 11700000,
    "incomeBeforeTaxRatio": 0.073354232,
    "incomeTaxExpense": 4700000,
    "netIncome": 7000000,
    "netIncomeRatio": 0.0438871473,
    "eps": 0.0025000000000000005,
    "epsdiluted": 0.0025000000000000005,
    "weightedAverageShsOut": 698160000,
    "weightedAverageShsOutDil": 698160000,
    "link": "https://www.sec.gov/Archives/edgar/data/916365/000095014497008644/0000950144-97-008644-index.html",
    "finalLink": "https://www.sec.gov/Archives/edgar/data/916365/"
  },
  {
    "date": "1997-03-27",
    "symbol": "TSCO",
    "reportedCurrency": "USD",
    "cik": "0000916365",
    "fillingDate": "1997-06-17",
    "acceptedDate": "1997-06-18 00:00:00",
    "calendarYear": "1997",
    "period": "Q1",
    "revenue": 96400000,
    "costOfRevenue": 72300000,
    "grossProfit": 24100000,
    "grossProfitRatio": 0.25,
    "researchAndDevelopmentExpenses": 0,
    "generalAndAdministrativeExpenses": 0,
    "sellingAndMarketingExpenses": 0,
    "sellingGeneralAndAdministrativeExpenses": 24100000,
    "otherExpenses": 1000000,
    "operatingExpenses": 25100000,
    "costAndExpenses": 97400000,
    "interestIncome": 0,
    "interestExpense": 0,
    "depreciationAndAmortization": 1000000,
    "ebitda": 0,
    "ebitdaratio": 0,
    "operatingIncome": -1000000,
    "operatingIncomeRatio": -0.010373444,
    "totalOtherIncomeExpensesNet": -600000,
    "incomeBeforeTax": -1600000,
    "incomeBeforeTaxRatio": -0.0165975104,
    "incomeTaxExpense": -600000,
    "netIncome": -1000000,
    "netIncomeRatio": -0.010373444,
    "eps": 0.0079,
    "epsdiluted": 0.0079,
    "weightedAverageShsOut": 698160000,
    "weightedAverageShsOutDil": 698160000,
    "link": null,
    "finalLink": null
  },
  {
    "date": "1996-12-28",
    "symbol": "TSCO",
    "reportedCurrency": "USD",
    "cik": "0000916365",
    "fillingDate": "1997-03-21",
    "acceptedDate": "1997-03-21 00:00:00",
    "calendarYear": "1996",
    "period": "Q4",
    "revenue": 116100000,
    "costOfRevenue": 85000000,
    "grossProfit": 31100000,
    "grossProfitRatio": 0.2678725237,
    "researchAndDevelopmentExpenses": 0,
    "generalAndAdministrativeExpenses": 0,
    "sellingAndMarketingExpenses": 0,
    "sellingGeneralAndAdministrativeExpenses": 23000000,
    "otherExpenses": 900000,
    "operatingExpenses": 23900000,
    "costAndExpenses": 108900000,
    "interestIncome": 0,
    "interestExpense": 0,
    "depreciationAndAmortization": 900000,
    "ebitda": 8100000,
    "ebitdaratio": 0.0697674419,
    "operatingIncome": 7200000,
    "operatingIncomeRatio": 0.0620155039,
    "totalOtherIncomeExpensesNet": -600000,
    "incomeBeforeTax": 6600000,
    "incomeBeforeTaxRatio": 0.0568475452,
    "incomeTaxExpense": 2600000,
    "netIncome": 4000000,
    "netIncomeRatio": 0.0344530577,
    "eps": 0.0058000000000000005,
    "epsdiluted": 0.0058000000000000005,
    "weightedAverageShsOut": 697440000,
    "weightedAverageShsOutDil": 697520000,
    "link": "https://www.sec.gov/Archives/edgar/data/916365/000095014497002685/0000950144-97-002685-index.html",
    "finalLink": "https://www.sec.gov/Archives/edgar/data/916365/"
  },
  {
    "date": "1996-09-28",
    "symbol": "TSCO",
    "reportedCurrency": "USD",
    "cik": "0000916365",
    "fillingDate": "1996-11-04",
    "acceptedDate": "1996-11-04 00:00:00",
    "calendarYear": "1996",
    "period": "Q3",
    "revenue": 105000000,
    "costOfRevenue": 77900000,
    "grossProfit": 27100000,
    "grossProfitRatio": 0.2580952381,
    "researchAndDevelopmentExpenses": 0,
    "generalAndAdministrativeExpenses": 0,
    "sellingAndMarketingExpenses": 0,
    "sellingGeneralAndAdministrativeExpenses": 21800000,
    "otherExpenses": 900000,
    "operatingExpenses": 22700000,
    "costAndExpenses": 100600000,
    "interestIncome": 0,
    "interestExpense": 0,
    "depreciationAndAmortization": 900000,
    "ebitda": 5300000,
    "ebitdaratio": 0.0504761905,
    "operatingIncome": 4400000,
    "operatingIncomeRatio": 0.0419047619,
    "totalOtherIncomeExpensesNet": -600000,
    "incomeBeforeTax": 3800000,
    "incomeBeforeTaxRatio": 0.0361904762,
    "incomeTaxExpense": 1500000,
    "netIncome": 2300000,
    "netIncomeRatio": 0.0219047619,
    "eps": 0.0008200000000000001,
    "epsdiluted": 0.0008200000000000001,
    "weightedAverageShsOut": 697440000,
    "weightedAverageShsOutDil": 697440000,
    "link": "https://www.sec.gov/Archives/edgar/data/916365/000095014496007519/0000950144-96-007519-index.html",
    "finalLink": "https://www.sec.gov/Archives/edgar/data/916365/"
  },
  {
    "date": "1996-06-29",
    "symbol": "TSCO",
    "reportedCurrency": "USD",
    "cik": "0000916365",
    "fillingDate": "1996-08-02",
    "acceptedDate": "1996-08-02 00:00:00",
    "calendarYear": "1996",
    "period": "Q2",
    "revenue": 146700000,
    "costOfRevenue": 108900000,
    "grossProfit": 37800000,
    "grossProfitRatio": 0.2576687117,
    "researchAndDevelopmentExpenses": 0,
    "generalAndAdministrativeExpenses": 0,
    "sellingAndMarketingExpenses": 0,
    "sellingGeneralAndAdministrativeExpenses": 23200000,
    "otherExpenses": 900000,
    "operatingExpenses": 24100000,
    "costAndExpenses": 133000000,
    "interestIncome": 0,
    "interestExpense": 0,
    "depreciationAndAmortization": 900000,
    "ebitda": 14600000,
    "ebitdaratio": 0.0995228357,
    "operatingIncome": 13700000,
    "operatingIncomeRatio": 0.0933878664,
    "totalOtherIncomeExpensesNet": -500000,
    "incomeBeforeTax": 13200000,
    "incomeBeforeTaxRatio": 0.0899795501,
    "incomeTaxExpense": 5300000,
    "netIncome": 7900000,
    "netIncomeRatio": 0.0538513974,
    "eps": 0.00282,
    "epsdiluted": 0.00278,
    "weightedAverageShsOut": 697440000,
    "weightedAverageShsOutDil": 697440000,
    "link": "https://www.sec.gov/Archives/edgar/data/916365/000095014496004777/0000950144-96-004777-index.html",
    "finalLink": "https://www.sec.gov/Archives/edgar/data/916365/"
  },
  {
    "date": "1996-03-31",
    "symbol": "TSCO",
    "reportedCurrency": "USD",
    "cik": "0000916365",
    "fillingDate": "1996-03-31",
    "acceptedDate": "1996-03-31 00:00:00",
    "calendarYear": "1996",
    "period": "Q1",
    "revenue": 81200000,
    "costOfRevenue": 60600000,
    "grossProfit": 20600000,
    "grossProfitRatio": 0.2536945813,
    "researchAndDevelopmentExpenses": 0,
    "generalAndAdministrativeExpenses": 0,
    "sellingAndMarketingExpenses": 0,
    "sellingGeneralAndAdministrativeExpenses": 20800000,
    "otherExpenses": 700000,
    "operatingExpenses": 21500000,
    "costAndExpenses": 82100000,
    "interestIncome": 0,
    "interestExpense": 0,
    "depreciationAndAmortization": 700000,
    "ebitda": -200000,
    "ebitdaratio": -0.0024630542,
    "operatingIncome": -900000,
    "operatingIncomeRatio": -0.0110837438,
    "totalOtherIncomeExpensesNet": -700000,
    "incomeBeforeTax": -1600000,
    "incomeBeforeTaxRatio": -0.0197044335,
    "incomeTaxExpense": -600000,
    "netIncome": -1000000,
    "netIncomeRatio": -0.0123152709,
    "eps": -0.00144,
    "epsdiluted": -0.00144,
    "weightedAverageShsOut": 697440000,
    "weightedAverageShsOutDil": 697440000,
    "link": null,
    "finalLink": null
  },
  {
    "date": "1995-12-31",
    "symbol": "TSCO",
    "reportedCurrency": "USD",
    "cik": "0000916365",
    "fillingDate": "1995-12-31",
    "acceptedDate": "1995-12-31 00:00:00",
    "calendarYear": "1995",
    "period": "Q4",
    "revenue": 100500000,
    "costOfRevenue": 74000000,
    "grossProfit": 26500000,
    "grossProfitRatio": 0.263681592,
    "researchAndDevelopmentExpenses": 0,
    "generalAndAdministrativeExpenses": 0,
    "sellingAndMarketingExpenses": 0,
    "sellingGeneralAndAdministrativeExpenses": 19200000,
    "otherExpenses": 700000,
    "operatingExpenses": 19900000,
    "costAndExpenses": 93900000,
    "interestIncome": 0,
    "interestExpense": 0,
    "depreciationAndAmortization": 700000,
    "ebitda": 7300000,
    "ebitdaratio": 0.0726368159,
    "operatingIncome": 6600000,
    "operatingIncomeRatio": 0.0656716418,
    "totalOtherIncomeExpensesNet": -800000,
    "incomeBeforeTax": 5800000,
    "incomeBeforeTaxRatio": 0.0577114428,
    "incomeTaxExpense": 2300000,
    "netIncome": 3500000,
    "netIncomeRatio": 0.0348258706,
    "eps": 0.005000000000000001,
    "epsdiluted": 0.005000000000000001,
    "weightedAverageShsOut": 697440000,
    "weightedAverageShsOutDil": 697440000,
    "link": null,
    "finalLink": null
  },
  {
    "date": "1995-09-30",
    "symbol": "TSCO",
    "reportedCurrency": "USD",
    "cik": "0000916365",
    "fillingDate": "1995-09-30",
    "acceptedDate": "1995-09-30 00:00:00",
    "calendarYear": "1995",
    "period": "Q3",
    "revenue": 88300000,
    "costOfRevenue": 65400000,
    "grossProfit": 22900000,
    "grossProfitRatio": 0.2593431484,
    "researchAndDevelopmentExpenses": 0,
    "generalAndAdministrativeExpenses": 0,
    "sellingAndMarketingExpenses": 0,
    "sellingGeneralAndAdministrativeExpenses": 18100000,
    "otherExpenses": 600000,
    "operatingExpenses": 18700000,
    "costAndExpenses": 84100000,
    "interestIncome": 0,
    "interestExpense": 0,
    "depreciationAndAmortization": 600000,
    "ebitda": 4800000,
    "ebitdaratio": 0.0543601359,
    "operatingIncome": 4200000,
    "operatingIncomeRatio": 0.0475651189,
    "totalOtherIncomeExpensesNet": -500000,
    "incomeBeforeTax": 3700000,
    "incomeBeforeTaxRatio": 0.0419026048,
    "incomeTaxExpense": 1500000,
    "netIncome": 2200000,
    "netIncomeRatio": 0.0249150623,
    "eps": 0.00078,
    "epsdiluted": 0.00078,
    "weightedAverageShsOut": 697440000,
    "weightedAverageShsOutDil": 697440000,
    "link": null,
    "finalLink": null
  }
]