[
  {
    "date": "2025-06-28",
    "symbol": "TSN",
    "reportedCurrency": "USD",
    "cik": "0000100493",
    "fillingDate": "2025-08-04",
    "acceptedDate": "2025-08-04 07:37:25",
    "calendarYear": "2025",
    "period": "Q3",
    "revenue": 13884000000,
    "costOfRevenue": 12743000000,
    "grossProfit": 1141000000,
    "grossProfitRatio": 0.0821809277,
    "researchAndDevelopmentExpenses": 0,
    "generalAndAdministrativeExpenses": 0,
    "sellingAndMarketingExpenses": 0,
    "sellingGeneralAndAdministrativeExpenses": 538000000,
    "otherExpenses": 343000000,
    "operatingExpenses": 881000000,
    "costAndExpenses": 13624000000,
    "interestIncome": 15000000,
    "interestExpense": 113000000,
    "depreciationAndAmortization": 329000000,
    "ebitda": 635000000,
    "ebitdaratio": 0.0457360991,
    "operatingIncome": 260000000,
    "operatingIncomeRatio": 0.0187265918,
    "totalOtherIncomeExpensesNet": -67000000,
    "incomeBeforeTax": 193000000,
    "incomeBeforeTaxRatio": 0.0139008931,
    "incomeTaxExpense": 124000000,
    "netIncome": 61000000,
    "netIncomeRatio": 0.0043935465,
    "eps": 0.18,
    "epsdiluted": 0.17,
    "weightedAverageShsOut": 348000000,
    "weightedAverageShsOutDil": 348000000,
    "link": "https://www.sec.gov/Archives/edgar/data/100493/000010049325000076/0000100493-25-000076-index.htm",
    "finalLink": "https://www.sec.gov/Archives/edgar/data/100493/000010049325000076/tsn-20250628.htm"
  },
  {
    "date": "2025-03-29",
    "symbol": "TSN",
    "reportedCurrency": "USD",
    "cik": "0000100493",
    "fillingDate": "2025-05-05",
    "acceptedDate": "2025-05-05 07:33:13",
    "calendarYear": "2025",
    "period": "Q2",
    "revenue": 13074000000,
    "costOfRevenue": 12474000000,
    "grossProfit": 600000000,
    "grossProfitRatio": 0.0458926113,
    "researchAndDevelopmentExpenses": 0,
    "generalAndAdministrativeExpenses": 0,
    "sellingAndMarketingExpenses": 0,
    "sellingGeneralAndAdministrativeExpenses": 500000000,
    "otherExpenses": 0,
    "operatingExpenses": 500000000,
    "costAndExpenses": 12974000000,
    "interestIncome": 17000000,
    "interestExpense": 110000000,
    "depreciationAndAmortization": 352000000,
    "ebitda": 492000000,
    "ebitdaratio": 0.0376319413,
    "operatingIncome": 100000000,
    "operatingIncomeRatio": 0.0076487685,
    "totalOtherIncomeExpensesNet": -70000000,
    "incomeBeforeTax": 30000000,
    "incomeBeforeTaxRatio": 0.0022946306,
    "incomeTaxExpense": 16000000,
    "netIncome": 7000000,
    "netIncomeRatio": 0.0005354138,
    "eps": 0.0197,
    "epsdiluted": 0.0197,
    "weightedAverageShsOut": 355000000,
    "weightedAverageShsOutDil": 357000000,
    "link": "https://www.sec.gov/Archives/edgar/data/100493/000010049325000056/0000100493-25-000056-index.htm",
    "finalLink": "https://www.sec.gov/Archives/edgar/data/100493/000010049325000056/tsn-20250329.htm"
  },
  {
    "date": "2024-12-28",
    "symbol": "TSN",
    "reportedCurrency": "USD",
    "cik": "0000100493",
    "fillingDate": "2025-02-03",
    "acceptedDate": "2025-02-03 07:33:32",
    "calendarYear": "2025",
    "period": "Q1",
    "revenue": 13623000000,
    "costOfRevenue": 12528000000,
    "grossProfit": 1095000000,
    "grossProfitRatio": 0.0803787712,
    "researchAndDevelopmentExpenses": 0,
    "generalAndAdministrativeExpenses": 0,
    "sellingAndMarketingExpenses": 0,
    "sellingGeneralAndAdministrativeExpenses": 515000000,
    "otherExpenses": 0,
    "operatingExpenses": 515000000,
    "costAndExpenses": 13043000000,
    "interestIncome": 25000000,
    "interestExpense": 120000000,
    "depreciationAndAmortization": 348000000,
    "ebitda": 946000000,
    "ebitdaratio": 0.0694413859,
    "operatingIncome": 580000000,
    "operatingIncomeRatio": 0.0425750569,
    "totalOtherIncomeExpensesNet": -102000000,
    "incomeBeforeTax": 478000000,
    "incomeBeforeTaxRatio": 0.0350877193,
    "incomeTaxExpense": 112000000,
    "netIncome": 359000000,
    "netIncomeRatio": 0.0263524921,
    "eps": 1.03,
    "epsdiluted": 1.01,
    "weightedAverageShsOut": 355000000,
    "weightedAverageShsOutDil": 357000000,
    "link": "https://www.sec.gov/Archives/edgar/data/100493/000010049325000007/0000100493-25-000007-index.htm",
    "finalLink": "https://www.sec.gov/Archives/edgar/data/100493/000010049325000007/tsn-20241228.htm"
  },
  {
    "date": "2024-09-28",
    "symbol": "TSN",
    "reportedCurrency": "USD",
    "cik": "0000100493",
    "fillingDate": "2024-11-12",
    "acceptedDate": "2024-11-12 12:34:42",
    "calendarYear": "2024",
    "period": "Q4",
    "revenue": 13565000000,
    "costOfRevenue": 12505000000,
    "grossProfit": 1060000000,
    "grossProfitRatio": 0.0781422779,
    "researchAndDevelopmentExpenses": 0,
    "generalAndAdministrativeExpenses": 0,
    "sellingAndMarketingExpenses": 0,
    "sellingGeneralAndAdministrativeExpenses": 535000000,
    "otherExpenses": 0,
    "operatingExpenses": 535000000,
    "costAndExpenses": 13040000000,
    "interestIncome": 29000000,
    "interestExpense": 130000000,
    "depreciationAndAmortization": 318000000,
    "ebitda": 923000000,
    "ebitdaratio": 0.0680427571,
    "operatingIncome": 525000000,
    "operatingIncomeRatio": 0.0387025433,
    "totalOtherIncomeExpensesNet": -50000000,
    "incomeBeforeTax": 475000000,
    "incomeBeforeTaxRatio": 0.0350165868,
    "incomeTaxExpense": 111000000,
    "netIncome": 357000000,
    "netIncomeRatio": 0.0263177295,
    "eps": 1.03,
    "epsdiluted": 1,
    "weightedAverageShsOut": 346601942,
    "weightedAverageShsOutDil": 357000000,
    "link": "https://www.sec.gov/Archives/edgar/data/100493/000010049324000119/0000100493-24-000119-index.htm",
    "finalLink": "https://www.sec.gov/Archives/edgar/data/100493/000010049324000119/tsn-20240928.htm"
  },
  {
    "date": "2024-06-29",
    "symbol": "TSN",
    "reportedCurrency": "USD",
    "cik": "0000100493",
    "fillingDate": "2024-08-05",
    "acceptedDate": "2024-08-05 08:33:41",
    "calendarYear": "2024",
    "period": "Q3",
    "revenue": 13353000000,
    "costOfRevenue": 12475000000,
    "grossProfit": 878000000,
    "grossProfitRatio": 0.0657530143,
    "researchAndDevelopmentExpenses": 0,
    "generalAndAdministrativeExpenses": 0,
    "sellingAndMarketingExpenses": 0,
    "sellingGeneralAndAdministrativeExpenses": 537000000,
    "otherExpenses": 0,
    "operatingExpenses": 537000000,
    "costAndExpenses": 13012000000,
    "interestIncome": 36000000,
    "interestExpense": 135000000,
    "depreciationAndAmortization": 360000000,
    "ebitda": 748000000,
    "ebitdaratio": 0.0560173744,
    "operatingIncome": 341000000,
    "operatingIncomeRatio": 0.0255373324,
    "totalOtherIncomeExpensesNet": -88000000,
    "incomeBeforeTax": 253000000,
    "incomeBeforeTaxRatio": 0.0189470531,
    "incomeTaxExpense": 57000000,
    "netIncome": 191000000,
    "netIncomeRatio": 0.0143039017,
    "eps": 0.54,
    "epsdiluted": 0.54,
    "weightedAverageShsOut": 354000000,
    "weightedAverageShsOutDil": 356000000,
    "link": "https://www.sec.gov/Archives/edgar/data/100493/000010049324000103/0000100493-24-000103-index.htm",
    "finalLink": "https://www.sec.gov/Archives/edgar/data/100493/000010049324000103/tsn-20240629.htm"
  },
  {
    "date": "2024-03-30",
    "symbol": "TSN",
    "reportedCurrency": "USD",
    "cik": "0000100493",
    "fillingDate": "2024-05-06",
    "acceptedDate": "2024-05-06 07:33:09",
    "calendarYear": "2024",
    "period": "Q2",
    "revenue": 13072000000,
    "costOfRevenue": 12206000000,
    "grossProfit": 866000000,
    "grossProfitRatio": 0.06624847,
    "researchAndDevelopmentExpenses": 0,
    "generalAndAdministrativeExpenses": 0,
    "sellingAndMarketingExpenses": 0,
    "sellingGeneralAndAdministrativeExpenses": 554000000,
    "otherExpenses": 0,
    "operatingExpenses": 554000000,
    "costAndExpenses": 12760000000,
    "interestIncome": 14000000,
    "interestExpense": 111000000,
    "depreciationAndAmortization": 349000000,
    "ebitda": 663000000,
    "ebitdaratio": 0.0507190942,
    "operatingIncome": 312000000,
    "operatingIncomeRatio": 0.0238678091,
    "totalOtherIncomeExpensesNet": -109000000,
    "incomeBeforeTax": 203000000,
    "incomeBeforeTaxRatio": 0.0155293758,
    "incomeTaxExpense": 55000000,
    "netIncome": 145000000,
    "netIncomeRatio": 0.0110924113,
    "eps": 0.41,
    "epsdiluted": 0.41,
    "weightedAverageShsOut": 354000000,
    "weightedAverageShsOutDil": 355000000,
    "link": "https://www.sec.gov/Archives/edgar/data/100493/000010049324000069/0000100493-24-000069-index.htm",
    "finalLink": "https://www.sec.gov/Archives/edgar/data/100493/000010049324000069/tsn-20240330.htm"
  },
  {
    "date": "2023-12-30",
    "symbol": "TSN",
    "reportedCurrency": "USD",
    "cik": "0000100493",
    "fillingDate": "2024-02-05",
    "acceptedDate": "2024-02-05 07:34:05",
    "calendarYear": "2024",
    "period": "Q1",
    "revenue": 13319000000,
    "costOfRevenue": 12496000000,
    "grossProfit": 823000000,
    "grossProfitRatio": 0.0617914258,
    "researchAndDevelopmentExpenses": 0,
    "generalAndAdministrativeExpenses": 0,
    "sellingAndMarketingExpenses": 0,
    "sellingGeneralAndAdministrativeExpenses": 592000000,
    "otherExpenses": 0,
    "operatingExpenses": 592000000,
    "costAndExpenses": 13088000000,
    "interestIncome": 10000000,
    "interestExpense": 105000000,
    "depreciationAndAmortization": 373000000,
    "ebitda": 639000000,
    "ebitdaratio": 0.0479765748,
    "operatingIncome": 231000000,
    "operatingIncomeRatio": 0.0173436444,
    "totalOtherIncomeExpensesNet": -70000000,
    "incomeBeforeTax": 161000000,
    "incomeBeforeTaxRatio": 0.0120879946,
    "incomeTaxExpense": 47000000,
    "netIncome": 107000000,
    "netIncomeRatio": 0.0080336362,
    "eps": 0.3,
    "epsdiluted": 0.3,
    "weightedAverageShsOut": 354000000,
    "weightedAverageShsOutDil": 355000000,
    "link": "https://www.sec.gov/Archives/edgar/data/100493/000010049324000014/0000100493-24-000014-index.htm",
    "finalLink": "https://www.sec.gov/Archives/edgar/data/100493/000010049324000014/tsn-20231230.htm"
  },
  {
    "date": "2023-09-30",
    "symbol": "TSN",
    "reportedCurrency": "USD",
    "cik": "0000100493",
    "fillingDate": "2023-11-13",
    "acceptedDate": "2023-11-13 07:34:37",
    "calendarYear": "2023",
    "period": "Q4",
    "revenue": 13348000000,
    "costOfRevenue": 12889000000,
    "grossProfit": 459000000,
    "grossProfitRatio": 0.0343871741,
    "researchAndDevelopmentExpenses": 0,
    "generalAndAdministrativeExpenses": 232000000,
    "sellingAndMarketingExpenses": 339000000,
    "sellingGeneralAndAdministrativeExpenses": 571000000,
    "otherExpenses": 351000000,
    "operatingExpenses": 922000000,
    "costAndExpenses": 13811000000,
    "interestIncome": 8000000,
    "interestExpense": 93000000,
    "depreciationAndAmortization": 396000000,
    "ebitda": -67000000,
    "ebitdaratio": -0.0050194786,
    "operatingIncome": -463000000,
    "operatingIncomeRatio": -0.0346868445,
    "totalOtherIncomeExpensesNet": -93000000,
    "incomeBeforeTax": -556000000,
    "incomeBeforeTaxRatio": -0.0416541804,
    "incomeTaxExpense": -113000000,
    "netIncome": -450000000,
    "netIncomeRatio": -0.0337129158,
    "eps": -1.29,
    "epsdiluted": -1.29,
    "weightedAverageShsOut": 348238928,
    "weightedAverageShsOutDil": 348238928,
    "link": "https://www.sec.gov/Archives/edgar/data/100493/000010049323000105/0000100493-23-000105-index.htm",
    "finalLink": "https://www.sec.gov/Archives/edgar/data/100493/000010049323000105/tsn-20230930.htm"
  },
  {
    "date": "2023-07-01",
    "symbol": "TSN",
    "reportedCurrency": "USD",
    "cik": "0000100493",
    "fillingDate": "2023-08-10",
    "acceptedDate": "2023-08-10 07:50:17",
    "calendarYear": "2023",
    "period": "Q3",
    "revenue": 13140000000,
    "costOfRevenue": 12463000000,
    "grossProfit": 677000000,
    "grossProfitRatio": 0.05152207,
    "researchAndDevelopmentExpenses": 0,
    "generalAndAdministrativeExpenses": 0,
    "sellingAndMarketingExpenses": 0,
    "sellingGeneralAndAdministrativeExpenses": 579000000,
    "otherExpenses": 448000000,
    "operatingExpenses": 1027000000,
    "costAndExpenses": 13490000000,
    "interestIncome": 6000000,
    "interestExpense": 89000000,
    "depreciationAndAmortization": 323000000,
    "ebitda": -14000000,
    "ebitdaratio": -0.001065449,
    "operatingIncome": -350000000,
    "operatingIncomeRatio": -0.0266362253,
    "totalOtherIncomeExpensesNet": -76000000,
    "incomeBeforeTax": -426000000,
    "incomeBeforeTaxRatio": -0.0324200913,
    "incomeTaxExpense": 9000000,
    "netIncome": -417000000,
    "netIncomeRatio": -0.0317351598,
    "eps": -1.18,
    "epsdiluted": -1.18,
    "weightedAverageShsOut": 354000000,
    "weightedAverageShsOutDil": 354000000,
    "link": "https://www.sec.gov/Archives/edgar/data/100493/000010049323000089/0000100493-23-000089-index.htm",
    "finalLink": "https://www.sec.gov/Archives/edgar/data/100493/000010049323000089/tsn-20230701.htm"
  },
  {
    "date": "2023-04-01",
    "symbol": "TSN",
    "reportedCurrency": "USD",
    "cik": "0000100493",
    "fillingDate": "2023-05-08",
    "acceptedDate": "2023-05-08 07:00:54",
    "calendarYear": "2023",
    "period": "Q2",
    "revenue": 13133000000,
    "costOfRevenue": 12606000000,
    "grossProfit": 527000000,
    "grossProfitRatio": 0.040127922,
    "researchAndDevelopmentExpenses": 0,
    "generalAndAdministrativeExpenses": 0,
    "sellingAndMarketingExpenses": 0,
    "sellingGeneralAndAdministrativeExpenses": 576000000,
    "otherExpenses": 0,
    "operatingExpenses": 576000000,
    "costAndExpenses": 13182000000,
    "interestIncome": 7000000,
    "interestExpense": 89000000,
    "depreciationAndAmortization": 317000000,
    "ebitda": 276000000,
    "ebitdaratio": 0.0210157618,
    "operatingIncome": -49000000,
    "operatingIncomeRatio": -0.0037310592,
    "totalOtherIncomeExpensesNet": -81000000,
    "incomeBeforeTax": -130000000,
    "incomeBeforeTaxRatio": -0.0098987284,
    "incomeTaxExpense": -39000000,
    "netIncome": -97000000,
    "netIncomeRatio": -0.0073859743,
    "eps": -0.27,
    "epsdiluted": -0.28,
    "weightedAverageShsOut": 354000000,
    "weightedAverageShsOutDil": 354000000,
    "link": "https://www.sec.gov/Archives/edgar/data/100493/000010049323000067/0000100493-23-000067-index.htm",
    "finalLink": "https://www.sec.gov/Archives/edgar/data/100493/000010049323000067/tsn-20230401.htm"
  },
  {
    "date": "2022-12-31",
    "symbol": "TSN",
    "reportedCurrency": "USD",
    "cik": "0000100493",
    "fillingDate": "2023-02-06",
    "acceptedDate": "2023-02-06 07:00:23",
    "calendarYear": "2023",
    "period": "Q1",
    "revenue": 13260000000,
    "costOfRevenue": 12292000000,
    "grossProfit": 968000000,
    "grossProfitRatio": 0.0730015083,
    "researchAndDevelopmentExpenses": 0,
    "generalAndAdministrativeExpenses": 0,
    "sellingAndMarketingExpenses": 0,
    "sellingGeneralAndAdministrativeExpenses": 501000000,
    "otherExpenses": 0,
    "operatingExpenses": 501000000,
    "costAndExpenses": 12793000000,
    "interestIncome": 9000000,
    "interestExpense": 84000000,
    "depreciationAndAmortization": 303000000,
    "ebitda": 821000000,
    "ebitdaratio": 0.0619155354,
    "operatingIncome": 467000000,
    "operatingIncomeRatio": 0.0352187029,
    "totalOtherIncomeExpensesNet": -33000000,
    "incomeBeforeTax": 434000000,
    "incomeBeforeTaxRatio": 0.0327300151,
    "incomeTaxExpense": 114000000,
    "netIncome": 316000000,
    "netIncomeRatio": 0.0238310709,
    "eps": 0.89,
    "epsdiluted": 0.88,
    "weightedAverageShsOut": 356000000,
    "weightedAverageShsOutDil": 358000000,
    "link": "https://www.sec.gov/Archives/edgar/data/100493/000010049323000025/0000100493-23-000025-index.htm",
    "finalLink": "https://www.sec.gov/Archives/edgar/data/100493/000010049323000025/tsn-20221231.htm"
  },
  {
    "date": "2022-10-01",
    "symbol": "TSN",
    "reportedCurrency": "USD",
    "cik": "0000100493",
    "fillingDate": "2022-11-14",
    "acceptedDate": "2022-11-14 06:57:49",
    "calendarYear": "2022",
    "period": "Q4",
    "revenue": 13737000000,
    "costOfRevenue": 12430000000,
    "grossProfit": 1307000000,
    "grossProfitRatio": 0.0951445003,
    "researchAndDevelopmentExpenses": 0,
    "generalAndAdministrativeExpenses": 0,
    "sellingAndMarketingExpenses": 0,
    "sellingGeneralAndAdministrativeExpenses": 541000000,
    "otherExpenses": 0,
    "operatingExpenses": 541000000,
    "costAndExpenses": 12971000000,
    "interestIncome": 7000000,
    "interestExpense": 83000000,
    "depreciationAndAmortization": 310000000,
    "ebitda": 1059000000,
    "ebitdaratio": 0.0770910679,
    "operatingIncome": 766000000,
    "operatingIncomeRatio": 0.0557618112,
    "totalOtherIncomeExpensesNet": -100000000,
    "incomeBeforeTax": 666000000,
    "incomeBeforeTaxRatio": 0.0484822014,
    "incomeTaxExpense": 129000000,
    "netIncome": 538000000,
    "netIncomeRatio": 0.0391643008,
    "eps": 1.54,
    "epsdiluted": 1.49,
    "weightedAverageShsOut": 358000000,
    "weightedAverageShsOutDil": 361000000,
    "link": "https://www.sec.gov/Archives/edgar/data/100493/000010049322000097/0000100493-22-000097-index.htm",
    "finalLink": "https://www.sec.gov/Archives/edgar/data/100493/000010049322000097/tsn-20221001.htm"
  },
  {
    "date": "2022-07-02",
    "symbol": "TSN",
    "reportedCurrency": "USD",
    "cik": "0000100493",
    "fillingDate": "2022-08-08",
    "acceptedDate": "2022-08-08 07:05:57",
    "calendarYear": "2022",
    "period": "Q3",
    "revenue": 13495000000,
    "costOfRevenue": 11884000000,
    "grossProfit": 1611000000,
    "grossProfitRatio": 0.1193775472,
    "researchAndDevelopmentExpenses": 0,
    "generalAndAdministrativeExpenses": 0,
    "sellingAndMarketingExpenses": 0,
    "sellingGeneralAndAdministrativeExpenses": 578000000,
    "otherExpenses": 0,
    "operatingExpenses": 578000000,
    "costAndExpenses": 12462000000,
    "interestIncome": 4000000,
    "interestExpense": 85000000,
    "depreciationAndAmortization": 297000000,
    "ebitda": 1368000000,
    "ebitdaratio": 0.1013708781,
    "operatingIncome": 1033000000,
    "operatingIncomeRatio": 0.0765468692,
    "totalOtherIncomeExpensesNet": -47000000,
    "incomeBeforeTax": 986000000,
    "incomeBeforeTaxRatio": 0.0730640978,
    "incomeTaxExpense": 233000000,
    "netIncome": 750000000,
    "netIncomeRatio": 0.0555761393,
    "eps": 2.14,
    "epsdiluted": 2.07,
    "weightedAverageShsOut": 359000000,
    "weightedAverageShsOutDil": 362000000,
    "link": "https://www.sec.gov/Archives/edgar/data/100493/000010049322000078/0000100493-22-000078-index.htm",
    "finalLink": "https://www.sec.gov/Archives/edgar/data/100493/000010049322000078/tsn-20220702.htm"
  },
  {
    "date": "2022-04-02",
    "symbol": "TSN",
    "reportedCurrency": "USD",
    "cik": "0000100493",
    "fillingDate": "2022-05-09",
    "acceptedDate": "2022-05-09 07:33:27",
    "calendarYear": "2022",
    "period": "Q2",
    "revenue": 13117000000,
    "costOfRevenue": 11382000000,
    "grossProfit": 1735000000,
    "grossProfitRatio": 0.1322710986,
    "researchAndDevelopmentExpenses": 0,
    "generalAndAdministrativeExpenses": 0,
    "sellingAndMarketingExpenses": 0,
    "sellingGeneralAndAdministrativeExpenses": 579000000,
    "otherExpenses": 0,
    "operatingExpenses": 579000000,
    "costAndExpenses": 11961000000,
    "interestIncome": 3000000,
    "interestExpense": 97000000,
    "depreciationAndAmortization": 295000000,
    "ebitda": 1479000000,
    "ebitdaratio": 0.1127544408,
    "operatingIncome": 1156000000,
    "operatingIncomeRatio": 0.0881299078,
    "totalOtherIncomeExpensesNet": -69000000,
    "incomeBeforeTax": 1087000000,
    "incomeBeforeTaxRatio": 0.0828695586,
    "incomeTaxExpense": 254000000,
    "netIncome": 829000000,
    "netIncomeRatio": 0.0632004269,
    "eps": 2.34,
    "epsdiluted": 2.28,
    "weightedAverageShsOut": 361000000,
    "weightedAverageShsOutDil": 364000000,
    "link": "https://www.sec.gov/Archives/edgar/data/100493/000010049322000064/0000100493-22-000064-index.htm",
    "finalLink": "https://www.sec.gov/Archives/edgar/data/100493/000010049322000064/tsn-20220402.htm"
  },
  {
    "date": "2022-01-01",
    "symbol": "TSN",
    "reportedCurrency": "USD",
    "cik": "0000100493",
    "fillingDate": "2022-02-07",
    "acceptedDate": "2022-02-07 07:33:17",
    "calendarYear": "2022",
    "period": "Q1",
    "revenue": 12933000000,
    "costOfRevenue": 10918000000,
    "grossProfit": 2015000000,
    "grossProfitRatio": 0.1558029846,
    "researchAndDevelopmentExpenses": 0,
    "generalAndAdministrativeExpenses": 0,
    "sellingAndMarketingExpenses": 0,
    "sellingGeneralAndAdministrativeExpenses": 560000000,
    "otherExpenses": 0,
    "operatingExpenses": 560000000,
    "costAndExpenses": 11478000000,
    "interestIncome": 3000000,
    "interestExpense": 100000000,
    "depreciationAndAmortization": 300000000,
    "ebitda": 1810000000,
    "ebitdaratio": 0.1399520606,
    "operatingIncome": 1455000000,
    "operatingIncomeRatio": 0.1125028996,
    "totalOtherIncomeExpensesNet": -45000000,
    "incomeBeforeTax": 1410000000,
    "incomeBeforeTaxRatio": 0.1090234284,
    "incomeTaxExpense": 284000000,
    "netIncome": 1121000000,
    "netIncomeRatio": 0.0866774917,
    "eps": 3.16,
    "epsdiluted": 3.07,
    "weightedAverageShsOut": 362000000,
    "weightedAverageShsOutDil": 365000000,
    "link": "https://www.sec.gov/Archives/edgar/data/100493/000010049322000016/0000100493-22-000016-index.htm",
    "finalLink": "https://www.sec.gov/Archives/edgar/data/100493/000010049322000016/tsn-20220101.htm"
  },
  {
    "date": "2021-10-02",
    "symbol": "TSN",
    "reportedCurrency": "USD",
    "cik": "0000100493",
    "fillingDate": "2021-11-15",
    "acceptedDate": "2021-11-15 07:33:26",
    "calendarYear": "2021",
    "period": "Q4",
    "revenue": 12811000000,
    "costOfRevenue": 10335000000,
    "grossProfit": 2476000000,
    "grossProfitRatio": 0.1932714074,
    "researchAndDevelopmentExpenses": 0,
    "generalAndAdministrativeExpenses": 0,
    "sellingAndMarketingExpenses": 0,
    "sellingGeneralAndAdministrativeExpenses": 567000000,
    "otherExpenses": 0,
    "operatingExpenses": 567000000,
    "costAndExpenses": 10902000000,
    "interestIncome": 2000000,
    "interestExpense": 103000000,
    "depreciationAndAmortization": 308000000,
    "ebitda": 2246000000,
    "ebitdaratio": 0.175318086,
    "operatingIncome": 1909000000,
    "operatingIncomeRatio": 0.1490125673,
    "totalOtherIncomeExpensesNet": -74000000,
    "incomeBeforeTax": 1835000000,
    "incomeBeforeTaxRatio": 0.1432362813,
    "incomeTaxExpense": 477000000,
    "netIncome": 1355000000,
    "netIncomeRatio": 0.1057684802,
    "eps": 3.81,
    "epsdiluted": 3.71,
    "weightedAverageShsOut": 363000000,
    "weightedAverageShsOutDil": 366000000,
    "link": "https://www.sec.gov/Archives/edgar/data/100493/000010049321000122/0000100493-21-000122-index.htm",
    "finalLink": "https://www.sec.gov/Archives/edgar/data/100493/000010049321000122/tsn-20211002.htm"
  },
  {
    "date": "2021-07-03",
    "symbol": "TSN",
    "reportedCurrency": "USD",
    "cik": "0000100493",
    "fillingDate": "2021-08-09",
    "acceptedDate": "2021-08-09 07:34:34",
    "calendarYear": "2021",
    "period": "Q3",
    "revenue": 12478000000,
    "costOfRevenue": 10858000000,
    "grossProfit": 1620000000,
    "grossProfitRatio": 0.1298284982,
    "researchAndDevelopmentExpenses": 0,
    "generalAndAdministrativeExpenses": 0,
    "sellingAndMarketingExpenses": 0,
    "sellingGeneralAndAdministrativeExpenses": 558000000,
    "otherExpenses": 0,
    "operatingExpenses": 558000000,
    "costAndExpenses": 11416000000,
    "interestIncome": 2000000,
    "interestExpense": 105000000,
    "depreciationAndAmortization": 302000000,
    "ebitda": 1373000000,
    "ebitdaratio": 0.1100336592,
    "operatingIncome": 1062000000,
    "operatingIncomeRatio": 0.0851097932,
    "totalOtherIncomeExpensesNet": -96000000,
    "incomeBeforeTax": 966000000,
    "incomeBeforeTaxRatio": 0.0774162526,
    "incomeTaxExpense": 213000000,
    "netIncome": 749000000,
    "netIncomeRatio": 0.0600256451,
    "eps": 2.11,
    "epsdiluted": 2.05,
    "weightedAverageShsOut": 363000000,
    "weightedAverageShsOutDil": 366000000,
    "link": "https://www.sec.gov/Archives/edgar/data/100493/000010049321000103/0000100493-21-000103-index.htm",
    "finalLink": "https://www.sec.gov/Archives/edgar/data/100493/000010049321000103/tsn-20210703.htm"
  },
  {
    "date": "2021-04-03",
    "symbol": "TSN",
    "reportedCurrency": "USD",
    "cik": "0000100493",
    "fillingDate": "2021-05-10",
    "acceptedDate": "2021-05-10 07:33:23",
    "calendarYear": "2021",
    "period": "Q2",
    "revenue": 11300000000,
    "costOfRevenue": 10047000000,
    "grossProfit": 1253000000,
    "grossProfitRatio": 0.1108849558,
    "researchAndDevelopmentExpenses": 0,
    "generalAndAdministrativeExpenses": 0,
    "sellingAndMarketingExpenses": 0,
    "sellingGeneralAndAdministrativeExpenses": 533000000,
    "otherExpenses": 0,
    "operatingExpenses": 533000000,
    "costAndExpenses": 10580000000,
    "interestIncome": 2000000,
    "interestExpense": 110000000,
    "depreciationAndAmortization": 306000000,
    "ebitda": 1040000000,
    "ebitdaratio": 0.0920353982,
    "operatingIncome": 720000000,
    "operatingIncomeRatio": 0.0637168142,
    "totalOtherIncomeExpensesNet": -96000000,
    "incomeBeforeTax": 624000000,
    "incomeBeforeTaxRatio": 0.0552212389,
    "incomeTaxExpense": 147000000,
    "netIncome": 476000000,
    "netIncomeRatio": 0.0421238938,
    "eps": 1.34,
    "epsdiluted": 1.3,
    "weightedAverageShsOut": 363000000,
    "weightedAverageShsOutDil": 365000000,
    "link": "https://www.sec.gov/Archives/edgar/data/100493/000010049321000075/0000100493-21-000075-index.htm",
    "finalLink": "https://www.sec.gov/Archives/edgar/data/100493/000010049321000075/tsn-20210403.htm"
  },
  {
    "date": "2021-01-02",
    "symbol": "TSN",
    "reportedCurrency": "USD",
    "cik": "0000100493",
    "fillingDate": "2021-02-11",
    "acceptedDate": "2021-02-11 06:45:00",
    "calendarYear": "2021",
    "period": "Q1",
    "revenue": 10460000000,
    "costOfRevenue": 9283000000,
    "grossProfit": 1177000000,
    "grossProfitRatio": 0.1125239006,
    "researchAndDevelopmentExpenses": 0,
    "generalAndAdministrativeExpenses": 0,
    "sellingAndMarketingExpenses": 0,
    "sellingGeneralAndAdministrativeExpenses": 472000000,
    "otherExpenses": 0,
    "operatingExpenses": 472000000,
    "costAndExpenses": 9755000000,
    "interestIncome": 2000000,
    "interestExpense": 110000000,
    "depreciationAndAmortization": 298000000,
    "ebitda": 1024000000,
    "ebitdaratio": 0.0978967495,
    "operatingIncome": 705000000,
    "operatingIncomeRatio": 0.0673996176,
    "totalOtherIncomeExpensesNet": -89000000,
    "incomeBeforeTax": 616000000,
    "incomeBeforeTaxRatio": 0.0588910134,
    "incomeTaxExpense": 144000000,
    "netIncome": 467000000,
    "netIncomeRatio": 0.0446462715,
    "eps": 1.31,
    "epsdiluted": 1.28,
    "weightedAverageShsOut": 363000000,
    "weightedAverageShsOutDil": 365000000,
    "link": "https://www.sec.gov/Archives/edgar/data/100493/000010049321000015/0000100493-21-000015-index.htm",
    "finalLink": "https://www.sec.gov/Archives/edgar/data/100493/000010049321000015/tsn-20210102.htm"
  },
  {
    "date": "2020-10-03",
    "symbol": "TSN",
    "reportedCurrency": "USD",
    "cik": "0000100493",
    "fillingDate": "2020-11-16",
    "acceptedDate": "2020-11-16 07:49:36",
    "calendarYear": "2020",
    "period": "Q4",
    "revenue": 11460000000,
    "costOfRevenue": 9850000000,
    "grossProfit": 1610000000,
    "grossProfitRatio": 0.1404886562,
    "researchAndDevelopmentExpenses": 0,
    "generalAndAdministrativeExpenses": 280000000,
    "sellingAndMarketingExpenses": 283000000,
    "sellingGeneralAndAdministrativeExpenses": 563000000,
    "otherExpenses": 35000000,
    "operatingExpenses": 598000000,
    "costAndExpenses": 10448000000,
    "interestIncome": 1000000,
    "interestExpense": 124000000,
    "depreciationAndAmortization": 316000000,
    "ebitda": 1327000000,
    "ebitdaratio": 0.1157940663,
    "operatingIncome": 1012000000,
    "operatingIncomeRatio": 0.0883071553,
    "totalOtherIncomeExpensesNet": -125000000,
    "incomeBeforeTax": 887000000,
    "incomeBeforeTaxRatio": 0.077399651,
    "incomeTaxExpense": 192000000,
    "netIncome": 692000000,
    "netIncomeRatio": 0.0603839442,
    "eps": 1.95,
    "epsdiluted": 1.9,
    "weightedAverageShsOut": 362000000,
    "weightedAverageShsOutDil": 364000000,
    "link": "https://www.sec.gov/Archives/edgar/data/100493/000010049320000132/0000100493-20-000132-index.htm",
    "finalLink": "https://www.sec.gov/Archives/edgar/data/100493/000010049320000132/tsn202010kq4.htm"
  },
  {
    "date": "2020-06-27",
    "symbol": "TSN",
    "reportedCurrency": "USD",
    "cik": "0000100493",
    "fillingDate": "2020-08-03",
    "acceptedDate": "2020-08-03 07:33:59",
    "calendarYear": "2020",
    "period": "Q3",
    "revenue": 10022000000,
    "costOfRevenue": 8709000000,
    "grossProfit": 1313000000,
    "grossProfitRatio": 0.1310117741,
    "researchAndDevelopmentExpenses": 0,
    "generalAndAdministrativeExpenses": 0,
    "sellingAndMarketingExpenses": 0,
    "sellingGeneralAndAdministrativeExpenses": 540000000,
    "otherExpenses": 0,
    "operatingExpenses": 540000000,
    "costAndExpenses": 9249000000,
    "interestIncome": 3000000,
    "interestExpense": 122000000,
    "depreciationAndAmortization": 295000000,
    "ebitda": 1082000000,
    "ebitdaratio": 0.1079624825,
    "operatingIncome": 773000000,
    "operatingIncomeRatio": 0.0771303133,
    "totalOtherIncomeExpensesNet": -108000000,
    "incomeBeforeTax": 665000000,
    "incomeBeforeTaxRatio": 0.0663540212,
    "incomeTaxExpense": 139000000,
    "netIncome": 526000000,
    "netIncomeRatio": 0.052484534,
    "eps": 1.48,
    "epsdiluted": 1.44,
    "weightedAverageShsOut": 362000000,
    "weightedAverageShsOutDil": 364000000,
    "link": "https://www.sec.gov/Archives/edgar/data/100493/000010049320000103/0000100493-20-000103-index.htm",
    "finalLink": "https://www.sec.gov/Archives/edgar/data/100493/000010049320000103/tsn2020q310q.htm"
  },
  {
    "date": "2020-03-28",
    "symbol": "TSN",
    "reportedCurrency": "USD",
    "cik": "0000100493",
    "fillingDate": "2020-05-04",
    "acceptedDate": "2020-05-04 07:46:34",
    "calendarYear": "2020",
    "period": "Q2",
    "revenue": 10888000000,
    "costOfRevenue": 9867000000,
    "grossProfit": 1021000000,
    "grossProfitRatio": 0.0937729611,
    "researchAndDevelopmentExpenses": 0,
    "generalAndAdministrativeExpenses": 0,
    "sellingAndMarketingExpenses": 0,
    "sellingGeneralAndAdministrativeExpenses": 506000000,
    "otherExpenses": 0,
    "operatingExpenses": 506000000,
    "costAndExpenses": 10373000000,
    "interestIncome": 3000000,
    "interestExpense": 119000000,
    "depreciationAndAmortization": 293000000,
    "ebitda": 917000000,
    "ebitdaratio": 0.0842211609,
    "operatingIncome": 515000000,
    "operatingIncomeRatio": 0.0472997796,
    "totalOtherIncomeExpensesNet": -10000000,
    "incomeBeforeTax": 505000000,
    "incomeBeforeTaxRatio": 0.0463813373,
    "incomeTaxExpense": 126000000,
    "netIncome": 376000000,
    "netIncomeRatio": 0.0345334313,
    "eps": 1.06,
    "epsdiluted": 1.03,
    "weightedAverageShsOut": 363000000,
    "weightedAverageShsOutDil": 365000000,
    "link": "https://www.sec.gov/Archives/edgar/data/100493/000010049320000074/0000100493-20-000074-index.htm",
    "finalLink": "https://www.sec.gov/Archives/edgar/data/100493/000010049320000074/tsn2020q210q.htm"
  },
  {
    "date": "2019-12-28",
    "symbol": "TSN",
    "reportedCurrency": "USD",
    "cik": "0000100493",
    "fillingDate": "2020-02-06",
    "acceptedDate": "2020-02-06 07:56:16",
    "calendarYear": "2020",
    "period": "Q1",
    "revenue": 10815000000,
    "costOfRevenue": 9375000000,
    "grossProfit": 1440000000,
    "grossProfitRatio": 0.133148405,
    "researchAndDevelopmentExpenses": 0,
    "generalAndAdministrativeExpenses": 0,
    "sellingAndMarketingExpenses": 0,
    "sellingGeneralAndAdministrativeExpenses": 682000000,
    "otherExpenses": 0,
    "operatingExpenses": 682000000,
    "costAndExpenses": 10057000000,
    "interestIncome": 3000000,
    "interestExpense": 120000000,
    "depreciationAndAmortization": 288000000,
    "ebitda": 1065000000,
    "ebitdaratio": 0.0984743412,
    "operatingIncome": 758000000,
    "operatingIncomeRatio": 0.070087841,
    "totalOtherIncomeExpensesNet": -101000000,
    "incomeBeforeTax": 657000000,
    "incomeBeforeTaxRatio": 0.0607489598,
    "incomeTaxExpense": 148000000,
    "netIncome": 505000000,
    "netIncomeRatio": 0.0466944059,
    "eps": 1.42,
    "epsdiluted": 1.38,
    "weightedAverageShsOut": 363000000,
    "weightedAverageShsOutDil": 367000000,
    "link": "https://www.sec.gov/Archives/edgar/data/100493/000010049320000016/0000100493-20-000016-index.htm",
    "finalLink": "https://www.sec.gov/Archives/edgar/data/100493/000010049320000016/tsn2020q110q.htm"
  },
  {
    "date": "2019-09-28",
    "symbol": "TSN",
    "reportedCurrency": "USD",
    "cik": "0000100493",
    "fillingDate": "2019-11-12",
    "acceptedDate": "2019-11-12 07:41:48",
    "calendarYear": "2019",
    "period": "Q4",
    "revenue": 10884000000,
    "costOfRevenue": 9745000000,
    "grossProfit": 1139000000,
    "grossProfitRatio": 0.1046490261,
    "researchAndDevelopmentExpenses": 0,
    "generalAndAdministrativeExpenses": 0,
    "sellingAndMarketingExpenses": 0,
    "sellingGeneralAndAdministrativeExpenses": 535000000,
    "otherExpenses": 0,
    "operatingExpenses": 535000000,
    "costAndExpenses": 10280000000,
    "interestIncome": 2000000,
    "interestExpense": 123000000,
    "depreciationAndAmortization": 289000000,
    "ebitda": 878000000,
    "ebitdaratio": 0.0806688717,
    "operatingIncome": 604000000,
    "operatingIncomeRatio": 0.0554943036,
    "totalOtherIncomeExpensesNet": -138000000,
    "incomeBeforeTax": 466000000,
    "incomeBeforeTaxRatio": 0.0428151415,
    "incomeTaxExpense": 94000000,
    "netIncome": 369000000,
    "netIncomeRatio": 0.0339029768,
    "eps": 1.03,
    "epsdiluted": 1.01,
    "weightedAverageShsOut": 363000000,
    "weightedAverageShsOutDil": 367000000,
    "link": "https://www.sec.gov/Archives/edgar/data/100493/000010049319000118/0000100493-19-000118-index.htm",
    "finalLink": "https://www.sec.gov/Archives/edgar/data/100493/000010049319000118/tsn201910kq4.htm"
  },
  {
    "date": "2019-06-29",
    "symbol": "TSN",
    "reportedCurrency": "USD",
    "cik": "0000100493",
    "fillingDate": "2019-08-05",
    "acceptedDate": "2019-08-05 07:39:13",
    "calendarYear": "2019",
    "period": "Q3",
    "revenue": 10885000000,
    "costOfRevenue": 9549000000,
    "grossProfit": 1336000000,
    "grossProfitRatio": 0.1227377124,
    "researchAndDevelopmentExpenses": 0,
    "generalAndAdministrativeExpenses": 0,
    "sellingAndMarketingExpenses": 0,
    "sellingGeneralAndAdministrativeExpenses": 555000000,
    "otherExpenses": 0,
    "operatingExpenses": 555000000,
    "costAndExpenses": 10104000000,
    "interestIncome": 2000000,
    "interestExpense": 121000000,
    "depreciationAndAmortization": 286000000,
    "ebitda": 1131000000,
    "ebitdaratio": 0.1039044557,
    "operatingIncome": 781000000,
    "operatingIncomeRatio": 0.0717501148,
    "totalOtherIncomeExpensesNet": -57000000,
    "incomeBeforeTax": 724000000,
    "incomeBeforeTaxRatio": 0.0665135508,
    "incomeTaxExpense": 43000000,
    "netIncome": 676000000,
    "netIncomeRatio": 0.0621038126,
    "eps": 1.9,
    "epsdiluted": 1.84,
    "weightedAverageShsOut": 363000000,
    "weightedAverageShsOutDil": 367000000,
    "link": "https://www.sec.gov/Archives/edgar/data/100493/000010049319000095/0000100493-19-000095-index.htm",
    "finalLink": "https://www.sec.gov/Archives/edgar/data/100493/000010049319000095/tsn2019q310q.htm"
  },
  {
    "date": "2019-03-30",
    "symbol": "TSN",
    "reportedCurrency": "USD",
    "cik": "0000100493",
    "fillingDate": "2019-05-06",
    "acceptedDate": "2019-05-06 07:39:27",
    "calendarYear": "2019",
    "period": "Q2",
    "revenue": 10443000000,
    "costOfRevenue": 9251000000,
    "grossProfit": 1192000000,
    "grossProfitRatio": 0.1141434454,
    "researchAndDevelopmentExpenses": 0,
    "generalAndAdministrativeExpenses": 0,
    "sellingAndMarketingExpenses": 0,
    "sellingGeneralAndAdministrativeExpenses": 557000000,
    "otherExpenses": 0,
    "operatingExpenses": 557000000,
    "costAndExpenses": 9808000000,
    "interestIncome": 5000000,
    "interestExpense": 119000000,
    "depreciationAndAmortization": 273000000,
    "ebitda": 920000000,
    "ebitdaratio": 0.0880972901,
    "operatingIncome": 635000000,
    "operatingIncomeRatio": 0.0608062817,
    "totalOtherIncomeExpensesNet": -107000000,
    "incomeBeforeTax": 528000000,
    "incomeBeforeTaxRatio": 0.0505601839,
    "incomeTaxExpense": 98000000,
    "netIncome": 426000000,
    "netIncomeRatio": 0.0407928756,
    "eps": 1.17,
    "epsdiluted": 1.17,
    "weightedAverageShsOut": 364000000,
    "weightedAverageShsOutDil": 366000000,
    "link": "https://www.sec.gov/Archives/edgar/data/100493/000010049319000063/0000100493-19-000063-index.htm",
    "finalLink": "https://www.sec.gov/Archives/edgar/data/100493/000010049319000063/tsn2019q210q.htm"
  },
  {
    "date": "2018-12-29",
    "symbol": "TSN",
    "reportedCurrency": "USD",
    "cik": "0000100493",
    "fillingDate": "2019-02-07",
    "acceptedDate": "2019-02-07 08:21:09",
    "calendarYear": "2019",
    "period": "Q1",
    "revenue": 10193000000,
    "costOfRevenue": 8838000000,
    "grossProfit": 1355000000,
    "grossProfitRatio": 0.1329343667,
    "researchAndDevelopmentExpenses": 0,
    "generalAndAdministrativeExpenses": 0,
    "sellingAndMarketingExpenses": 0,
    "sellingGeneralAndAdministrativeExpenses": 548000000,
    "otherExpenses": 0,
    "operatingExpenses": 548000000,
    "costAndExpenses": 9386000000,
    "interestIncome": 2000000,
    "interestExpense": 99000000,
    "depreciationAndAmortization": 250000000,
    "ebitda": 1062000000,
    "ebitdaratio": 0.1041891494,
    "operatingIncome": 807000000,
    "operatingIncomeRatio": 0.0791719808,
    "totalOtherIncomeExpensesNet": -94000000,
    "incomeBeforeTax": 713000000,
    "incomeBeforeTaxRatio": 0.0699499657,
    "incomeTaxExpense": 161000000,
    "netIncome": 551000000,
    "netIncomeRatio": 0.0540567056,
    "eps": 1.54,
    "epsdiluted": 1.5,
    "weightedAverageShsOut": 364000000,
    "weightedAverageShsOutDil": 366000000,
    "link": "https://www.sec.gov/Archives/edgar/data/100493/000010049319000016/0000100493-19-000016-index.htm",
    "finalLink": "https://www.sec.gov/Archives/edgar/data/100493/000010049319000016/tsn2019q110q.htm"
  },
  {
    "date": "2018-09-29",
    "symbol": "TSN",
    "reportedCurrency": "USD",
    "cik": "0000100493",
    "fillingDate": "2018-11-13",
    "acceptedDate": "2018-11-13 07:40:04",
    "calendarYear": "2018",
    "period": "Q4",
    "revenue": 9999000000,
    "costOfRevenue": 8650000000,
    "grossProfit": 1349000000,
    "grossProfitRatio": 0.1349134913,
    "researchAndDevelopmentExpenses": 0,
    "generalAndAdministrativeExpenses": 0,
    "sellingAndMarketingExpenses": 243000000,
    "sellingGeneralAndAdministrativeExpenses": 521000000,
    "otherExpenses": 0,
    "operatingExpenses": 521000000,
    "costAndExpenses": 9171000000,
    "interestIncome": 1000000,
    "interestExpense": 87000000,
    "depreciationAndAmortization": 246000000,
    "ebitda": 1090000000,
    "ebitdaratio": 0.1090109011,
    "operatingIncome": 828000000,
    "operatingIncomeRatio": 0.0828082808,
    "totalOtherIncomeExpensesNet": -71000000,
    "incomeBeforeTax": 757000000,
    "incomeBeforeTaxRatio": 0.0757075708,
    "incomeTaxExpense": 220000000,
    "netIncome": 537000000,
    "netIncomeRatio": 0.0537053705,
    "eps": 1.5,
    "epsdiluted": 1.46,
    "weightedAverageShsOut": 364000000,
    "weightedAverageShsOutDil": 367000000,
    "link": "https://www.sec.gov/Archives/edgar/data/100493/000010049318000108/0000100493-18-000108-index.htm",
    "finalLink": "https://www.sec.gov/Archives/edgar/data/100493/000010049318000108/tsn201810kq4.htm"
  },
  {
    "date": "2018-06-30",
    "symbol": "TSN",
    "reportedCurrency": "USD",
    "cik": "0000100493",
    "fillingDate": "2018-08-06",
    "acceptedDate": "2018-08-06 07:39:20",
    "calendarYear": "2018",
    "period": "Q3",
    "revenue": 10051000000,
    "costOfRevenue": 8752000000,
    "grossProfit": 1299000000,
    "grossProfitRatio": 0.1292408716,
    "researchAndDevelopmentExpenses": 0,
    "generalAndAdministrativeExpenses": 0,
    "sellingAndMarketingExpenses": 0,
    "sellingGeneralAndAdministrativeExpenses": 502000000,
    "otherExpenses": 0,
    "operatingExpenses": 502000000,
    "costAndExpenses": 9254000000,
    "interestIncome": 2000000,
    "interestExpense": 89000000,
    "depreciationAndAmortization": 238000000,
    "ebitda": 1050000000,
    "ebitdaratio": 0.1044672172,
    "operatingIncome": 797000000,
    "operatingIncomeRatio": 0.0792955925,
    "totalOtherIncomeExpensesNet": -74000000,
    "incomeBeforeTax": 723000000,
    "incomeBeforeTaxRatio": 0.071933141,
    "incomeTaxExpense": 181000000,
    "netIncome": 541000000,
    "netIncomeRatio": 0.05382549,
    "eps": 1.48,
    "epsdiluted": 1.47,
    "weightedAverageShsOut": 365000000,
    "weightedAverageShsOutDil": 369000000,
    "link": "https://www.sec.gov/Archives/edgar/data/100493/000010049318000092/0000100493-18-000092-index.htm",
    "finalLink": "https://www.sec.gov/Archives/edgar/data/100493/000010049318000092/tsn2018q310q.htm"
  },
  {
    "date": "2018-03-31",
    "symbol": "TSN",
    "reportedCurrency": "USD",
    "cik": "0000100493",
    "fillingDate": "2018-05-07",
    "acceptedDate": "2018-05-07 07:37:45",
    "calendarYear": "2018",
    "period": "Q2",
    "revenue": 9773000000,
    "costOfRevenue": 8758000000,
    "grossProfit": 1015000000,
    "grossProfitRatio": 0.1038575668,
    "researchAndDevelopmentExpenses": 0,
    "generalAndAdministrativeExpenses": 0,
    "sellingAndMarketingExpenses": 0,
    "sellingGeneralAndAdministrativeExpenses": 521000000,
    "otherExpenses": 0,
    "operatingExpenses": 521000000,
    "costAndExpenses": 9279000000,
    "interestIncome": 2000000,
    "interestExpense": 86000000,
    "depreciationAndAmortization": 230000000,
    "ebitda": 739000000,
    "ebitdaratio": 0.0756164944,
    "operatingIncome": 494000000,
    "operatingIncomeRatio": 0.0505474266,
    "totalOtherIncomeExpensesNet": -71000000,
    "incomeBeforeTax": 423000000,
    "incomeBeforeTaxRatio": 0.043282513,
    "incomeTaxExpense": 107000000,
    "netIncome": 315000000,
    "netIncomeRatio": 0.0322316587,
    "eps": 0.86,
    "epsdiluted": 0.85,
    "weightedAverageShsOut": 366000000,
    "weightedAverageShsOutDil": 370000000,
    "link": "https://www.sec.gov/Archives/edgar/data/100493/000010049318000059/0000100493-18-000059-index.htm",
    "finalLink": "https://www.sec.gov/Archives/edgar/data/100493/000010049318000059/tsn2018q210q.htm"
  },
  {
    "date": "2017-12-30",
    "symbol": "TSN",
    "reportedCurrency": "USD",
    "cik": "0000100493",
    "fillingDate": "2018-02-08",
    "acceptedDate": "2018-02-08 07:43:48",
    "calendarYear": "2018",
    "period": "Q1",
    "revenue": 10229000000,
    "costOfRevenue": 8786000000,
    "grossProfit": 1443000000,
    "grossProfitRatio": 0.1410695083,
    "researchAndDevelopmentExpenses": 0,
    "generalAndAdministrativeExpenses": 0,
    "sellingAndMarketingExpenses": 0,
    "sellingGeneralAndAdministrativeExpenses": 521000000,
    "otherExpenses": 0,
    "operatingExpenses": 521000000,
    "costAndExpenses": 9307000000,
    "interestIncome": 2000000,
    "interestExpense": 88000000,
    "depreciationAndAmortization": 229000000,
    "ebitda": 1159000000,
    "ebitdaratio": 0.1133053084,
    "operatingIncome": 922000000,
    "operatingIncomeRatio": 0.0901358882,
    "totalOtherIncomeExpensesNet": -80000000,
    "incomeBeforeTax": 842000000,
    "incomeBeforeTaxRatio": 0.0823149868,
    "incomeTaxExpense": -790000000,
    "netIncome": 1631000000,
    "netIncomeRatio": 0.1594486265,
    "eps": 4.54,
    "epsdiluted": 4.4,
    "weightedAverageShsOut": 366000000,
    "weightedAverageShsOutDil": 371000000,
    "link": "https://www.sec.gov/Archives/edgar/data/100493/000010049318000017/0000100493-18-000017-index.htm",
    "finalLink": "https://www.sec.gov/Archives/edgar/data/100493/000010049318000017/tsn2018q110q.htm"
  },
  {
    "date": "2017-09-30",
    "symbol": "TSN",
    "reportedCurrency": "USD",
    "cik": "0000100493",
    "fillingDate": "2017-11-13",
    "acceptedDate": "2017-11-13 07:41:02",
    "calendarYear": "2017",
    "period": "Q4",
    "revenue": 10145000000,
    "costOfRevenue": 8794000000,
    "grossProfit": 1351000000,
    "grossProfitRatio": 0.1331690488,
    "researchAndDevelopmentExpenses": 0,
    "generalAndAdministrativeExpenses": 0,
    "sellingAndMarketingExpenses": 238000000,
    "sellingGeneralAndAdministrativeExpenses": 670000000,
    "otherExpenses": 0,
    "operatingExpenses": 670000000,
    "costAndExpenses": 9464000000,
    "interestIncome": 2000000,
    "interestExpense": 94000000,
    "depreciationAndAmortization": 218000000,
    "ebitda": 892000000,
    "ebitdaratio": 0.0879250862,
    "operatingIncome": 681000000,
    "operatingIncomeRatio": 0.0671266634,
    "totalOtherIncomeExpensesNet": -101000000,
    "incomeBeforeTax": 580000000,
    "incomeBeforeTaxRatio": 0.0571710202,
    "incomeTaxExpense": 185000000,
    "netIncome": 394000000,
    "netIncomeRatio": 0.0388368655,
    "eps": 1.1,
    "epsdiluted": 1.07,
    "weightedAverageShsOut": 366000000,
    "weightedAverageShsOutDil": 369000000,
    "link": "https://www.sec.gov/Archives/edgar/data/100493/000010049317000133/0000100493-17-000133-index.htm",
    "finalLink": "https://www.sec.gov/Archives/edgar/data/100493/000010049317000133/tsn201710kq4.htm"
  },
  {
    "date": "2017-07-01",
    "symbol": "TSN",
    "reportedCurrency": "USD",
    "cik": "0000100493",
    "fillingDate": "2017-08-07",
    "acceptedDate": "2017-08-07 07:39:21",
    "calendarYear": "2017",
    "period": "Q3",
    "revenue": 9850000000,
    "costOfRevenue": 8648000000,
    "grossProfit": 1202000000,
    "grossProfitRatio": 0.1220304569,
    "researchAndDevelopmentExpenses": 0,
    "generalAndAdministrativeExpenses": 0,
    "sellingAndMarketingExpenses": 0,
    "sellingGeneralAndAdministrativeExpenses": 505000000,
    "otherExpenses": 0,
    "operatingExpenses": 505000000,
    "costAndExpenses": 9153000000,
    "interestIncome": 2000000,
    "interestExpense": 71000000,
    "depreciationAndAmortization": 187000000,
    "ebitda": 875000000,
    "ebitdaratio": 0.0888324873,
    "operatingIncome": 697000000,
    "operatingIncomeRatio": 0.0707614213,
    "totalOtherIncomeExpensesNet": -80000000,
    "incomeBeforeTax": 617000000,
    "incomeBeforeTaxRatio": 0.0626395939,
    "incomeTaxExpense": 169000000,
    "netIncome": 447000000,
    "netIncomeRatio": 0.0453807107,
    "eps": 1.24,
    "epsdiluted": 1.21,
    "weightedAverageShsOut": 366000000,
    "weightedAverageShsOutDil": 370000000,
    "link": "https://www.sec.gov/Archives/edgar/data/100493/000010049317000104/0000100493-17-000104-index.htm",
    "finalLink": "https://www.sec.gov/Archives/edgar/data/100493/000010049317000104/tsn2017q310q.htm"
  },
  {
    "date": "2017-04-01",
    "symbol": "TSN",
    "reportedCurrency": "USD",
    "cik": "0000100493",
    "fillingDate": "2017-05-08",
    "acceptedDate": "2017-05-08 07:38:19",
    "calendarYear": "2017",
    "period": "Q2",
    "revenue": 9083000000,
    "costOfRevenue": 8036000000,
    "grossProfit": 1047000000,
    "grossProfitRatio": 0.1152702851,
    "researchAndDevelopmentExpenses": 0,
    "generalAndAdministrativeExpenses": 0,
    "sellingAndMarketingExpenses": 0,
    "sellingGeneralAndAdministrativeExpenses": 476000000,
    "otherExpenses": 0,
    "operatingExpenses": 476000000,
    "costAndExpenses": 8512000000,
    "interestIncome": 1000000,
    "interestExpense": 56000000,
    "depreciationAndAmortization": 179000000,
    "ebitda": 754000000,
    "ebitdaratio": 0.0830122206,
    "operatingIncome": 571000000,
    "operatingIncomeRatio": 0.0628646923,
    "totalOtherIncomeExpensesNet": -52000000,
    "incomeBeforeTax": 519000000,
    "incomeBeforeTaxRatio": 0.0571397115,
    "incomeTaxExpense": 178000000,
    "netIncome": 340000000,
    "netIncomeRatio": 0.0374325663,
    "eps": 0.93,
    "epsdiluted": 0.92,
    "weightedAverageShsOut": 365000000,
    "weightedAverageShsOutDil": 370000000,
    "link": "https://www.sec.gov/Archives/edgar/data/100493/000010049317000087/0000100493-17-000087-index.htm",
    "finalLink": "https://www.sec.gov/Archives/edgar/data/100493/000010049317000087/tsn2017q210q.htm"
  },
  {
    "date": "2016-12-31",
    "symbol": "TSN",
    "reportedCurrency": "USD",
    "cik": "0000100493",
    "fillingDate": "2017-02-06",
    "acceptedDate": "2017-02-06 07:36:48",
    "calendarYear": "2017",
    "period": "Q1",
    "revenue": 9182000000,
    "costOfRevenue": 7699000000,
    "grossProfit": 1483000000,
    "grossProfitRatio": 0.1615116532,
    "researchAndDevelopmentExpenses": 0,
    "generalAndAdministrativeExpenses": 0,
    "sellingAndMarketingExpenses": 0,
    "sellingGeneralAndAdministrativeExpenses": 501000000,
    "otherExpenses": 0,
    "operatingExpenses": 501000000,
    "costAndExpenses": 8200000000,
    "interestIncome": 2000000,
    "interestExpense": 58000000,
    "depreciationAndAmortization": 177000000,
    "ebitda": 1147000000,
    "ebitdaratio": 0.1249183184,
    "operatingIncome": 982000000,
    "operatingIncomeRatio": 0.1069483773,
    "totalOtherIncomeExpensesNet": -70000000,
    "incomeBeforeTax": 912000000,
    "incomeBeforeTaxRatio": 0.0993247658,
    "incomeTaxExpense": 318000000,
    "netIncome": 593000000,
    "netIncomeRatio": 0.0645828795,
    "eps": 1.64,
    "epsdiluted": 1.59,
    "weightedAverageShsOut": 367000000,
    "weightedAverageShsOutDil": 373000000,
    "link": "https://www.sec.gov/Archives/edgar/data/100493/000010049317000012/0000100493-17-000012-index.htm",
    "finalLink": "https://www.sec.gov/Archives/edgar/data/100493/000010049317000012/tsn2017q110q.htm"
  },
  {
    "date": "2016-10-01",
    "symbol": "TSN",
    "reportedCurrency": "USD",
    "cik": "0000100493",
    "fillingDate": "2016-11-21",
    "acceptedDate": "2016-11-21 07:37:25",
    "calendarYear": "2016",
    "period": "Q4",
    "revenue": 9156000000,
    "costOfRevenue": 8067000000,
    "grossProfit": 1089000000,
    "grossProfitRatio": 0.118938401,
    "researchAndDevelopmentExpenses": 0,
    "generalAndAdministrativeExpenses": 0,
    "sellingAndMarketingExpenses": 238000000,
    "sellingGeneralAndAdministrativeExpenses": 503000000,
    "otherExpenses": 0,
    "operatingExpenses": 503000000,
    "costAndExpenses": 8570000000,
    "interestIncome": 1000000,
    "interestExpense": 58000000,
    "depreciationAndAmortization": 179000000,
    "ebitda": 768000000,
    "ebitdaratio": 0.0838794233,
    "operatingIncome": 586000000,
    "operatingIncomeRatio": 0.0640017475,
    "totalOtherIncomeExpensesNet": -55000000,
    "incomeBeforeTax": 531000000,
    "incomeBeforeTaxRatio": 0.0579947575,
    "incomeTaxExpense": 139000000,
    "netIncome": 391000000,
    "netIncomeRatio": 0.0427042377,
    "eps": 1.06,
    "epsdiluted": 1.05,
    "weightedAverageShsOut": 367000000,
    "weightedAverageShsOutDil": 373000000,
    "link": "https://www.sec.gov/Archives/edgar/data/100493/000010049316000281/0000100493-16-000281-index.htm",
    "finalLink": "https://www.sec.gov/Archives/edgar/data/100493/000010049316000281/tsn201610kq4.htm"
  },
  {
    "date": "2016-07-02",
    "symbol": "TSN",
    "reportedCurrency": "USD",
    "cik": "0000100493",
    "fillingDate": "2016-08-08",
    "acceptedDate": "2016-08-08 07:37:53",
    "calendarYear": "2016",
    "period": "Q3",
    "revenue": 9403000000,
    "costOfRevenue": 8179000000,
    "grossProfit": 1224000000,
    "grossProfitRatio": 0.130171222,
    "researchAndDevelopmentExpenses": 0,
    "generalAndAdministrativeExpenses": 0,
    "sellingAndMarketingExpenses": 0,
    "sellingGeneralAndAdministrativeExpenses": 457000000,
    "otherExpenses": 0,
    "operatingExpenses": 457000000,
    "costAndExpenses": 8636000000,
    "interestIncome": 2000000,
    "interestExpense": 60000000,
    "depreciationAndAmortization": 178000000,
    "ebitda": 949000000,
    "ebitdaratio": 0.1009252366,
    "operatingIncome": 767000000,
    "operatingIncomeRatio": 0.0815697118,
    "totalOtherIncomeExpensesNet": -56000000,
    "incomeBeforeTax": 711000000,
    "incomeBeforeTaxRatio": 0.0756141657,
    "incomeTaxExpense": 226000000,
    "netIncome": 484000000,
    "netIncomeRatio": 0.0514729342,
    "eps": 1.27,
    "epsdiluted": 1.25,
    "weightedAverageShsOut": 382000000,
    "weightedAverageShsOutDil": 388000000,
    "link": "https://www.sec.gov/Archives/edgar/data/100493/000010049316000235/0000100493-16-000235-index.htm",
    "finalLink": "https://www.sec.gov/Archives/edgar/data/100493/000010049316000235/tsn2016q310q.htm"
  },
  {
    "date": "2016-04-02",
    "symbol": "TSN",
    "reportedCurrency": "USD",
    "cik": "0000100493",
    "fillingDate": "2016-05-09",
    "acceptedDate": "2016-05-09 07:36:12",
    "calendarYear": "2016",
    "period": "Q2",
    "revenue": 9170000000,
    "costOfRevenue": 7987000000,
    "grossProfit": 1183000000,
    "grossProfitRatio": 0.1290076336,
    "researchAndDevelopmentExpenses": 0,
    "generalAndAdministrativeExpenses": 0,
    "sellingAndMarketingExpenses": 0,
    "sellingGeneralAndAdministrativeExpenses": 479000000,
    "otherExpenses": 0,
    "operatingExpenses": 479000000,
    "costAndExpenses": 8466000000,
    "interestIncome": 1000000,
    "interestExpense": 64000000,
    "depreciationAndAmortization": 176000000,
    "ebitda": 884000000,
    "ebitdaratio": 0.0964013086,
    "operatingIncome": 704000000,
    "operatingIncomeRatio": 0.0767720829,
    "totalOtherIncomeExpensesNet": -60000000,
    "incomeBeforeTax": 644000000,
    "incomeBeforeTaxRatio": 0.0702290076,
    "incomeTaxExpense": 210000000,
    "netIncome": 432000000,
    "netIncomeRatio": 0.0471101418,
    "eps": 1.11,
    "epsdiluted": 1.1,
    "weightedAverageShsOut": 388000000,
    "weightedAverageShsOutDil": 393000000,
    "link": "https://www.sec.gov/Archives/edgar/data/100493/000010049316000222/0000100493-16-000222-index.htm",
    "finalLink": "https://www.sec.gov/Archives/edgar/data/100493/000010049316000222/tsn2016q210q.htm"
  },
  {
    "date": "2016-01-02",
    "symbol": "TSN",
    "reportedCurrency": "USD",
    "cik": "0000100493",
    "fillingDate": "2016-02-05",
    "acceptedDate": "2016-02-05 07:39:45",
    "calendarYear": "2016",
    "period": "Q1",
    "revenue": 9152000000,
    "costOfRevenue": 7951000000,
    "grossProfit": 1201000000,
    "grossProfitRatio": 0.1312281469,
    "researchAndDevelopmentExpenses": 0,
    "generalAndAdministrativeExpenses": 0,
    "sellingAndMarketingExpenses": 0,
    "sellingGeneralAndAdministrativeExpenses": 425000000,
    "otherExpenses": 0,
    "operatingExpenses": 425000000,
    "costAndExpenses": 8376000000,
    "interestIncome": 2000000,
    "interestExpense": 67000000,
    "depreciationAndAmortization": 172000000,
    "ebitda": 951000000,
    "ebitdaratio": 0.1039117133,
    "operatingIncome": 776000000,
    "operatingIncomeRatio": 0.0847902098,
    "totalOtherIncomeExpensesNet": -64000000,
    "incomeBeforeTax": 712000000,
    "incomeBeforeTaxRatio": 0.0777972028,
    "incomeTaxExpense": 251000000,
    "netIncome": 461000000,
    "netIncomeRatio": 0.0503715035,
    "eps": 1.17,
    "epsdiluted": 1.15,
    "weightedAverageShsOut": 395000000,
    "weightedAverageShsOutDil": 400000000,
    "link": "https://www.sec.gov/Archives/edgar/data/100493/000010049316000175/0000100493-16-000175-index.htm",
    "finalLink": "https://www.sec.gov/Archives/edgar/data/100493/000010049316000175/tsn2016q110q.htm"
  },
  {
    "date": "2015-10-03",
    "symbol": "TSN",
    "reportedCurrency": "USD",
    "cik": "0000100493",
    "fillingDate": "2015-11-23",
    "acceptedDate": "2015-11-23 07:40:41",
    "calendarYear": "2015",
    "period": "Q4",
    "revenue": 10506000000,
    "costOfRevenue": 9520000000,
    "grossProfit": 986000000,
    "grossProfitRatio": 0.0938511327,
    "researchAndDevelopmentExpenses": 0,
    "generalAndAdministrativeExpenses": 0,
    "sellingAndMarketingExpenses": 0,
    "sellingGeneralAndAdministrativeExpenses": 436000000,
    "otherExpenses": 0,
    "operatingExpenses": 436000000,
    "costAndExpenses": 9956000000,
    "interestIncome": 3000000,
    "interestExpense": 72000000,
    "depreciationAndAmortization": 187000000,
    "ebitda": 744000000,
    "ebitdaratio": 0.0708166762,
    "operatingIncome": 550000000,
    "operatingIncomeRatio": 0.0523510375,
    "totalOtherIncomeExpensesNet": -65000000,
    "incomeBeforeTax": 485000000,
    "incomeBeforeTaxRatio": 0.0461640967,
    "incomeTaxExpense": 226000000,
    "netIncome": 258000000,
    "netIncomeRatio": 0.0245573958,
    "eps": 0.65,
    "epsdiluted": 0.64,
    "weightedAverageShsOut": 395000000,
    "weightedAverageShsOutDil": 400000000,
    "link": "https://www.sec.gov/Archives/edgar/data/100493/000010049315000109/0000100493-15-000109-index.htm",
    "finalLink": "https://www.sec.gov/Archives/edgar/data/100493/000010049315000109/tsn201510kq4.htm"
  },
  {
    "date": "2015-06-27",
    "symbol": "TSN",
    "reportedCurrency": "USD",
    "cik": "0000100493",
    "fillingDate": "2015-08-03",
    "acceptedDate": "2015-08-03 07:40:13",
    "calendarYear": "2015",
    "period": "Q3",
    "revenue": 10071000000,
    "costOfRevenue": 9085000000,
    "grossProfit": 986000000,
    "grossProfitRatio": 0.0979048754,
    "researchAndDevelopmentExpenses": 0,
    "generalAndAdministrativeExpenses": 0,
    "sellingAndMarketingExpenses": 0,
    "sellingGeneralAndAdministrativeExpenses": 423000000,
    "otherExpenses": 0,
    "operatingExpenses": 423000000,
    "costAndExpenses": 9508000000,
    "interestIncome": 3000000,
    "interestExpense": 73000000,
    "depreciationAndAmortization": 177000000,
    "ebitda": 768000000,
    "ebitdaratio": 0.0762585642,
    "operatingIncome": 563000000,
    "operatingIncomeRatio": 0.0559030881,
    "totalOtherIncomeExpensesNet": -45000000,
    "incomeBeforeTax": 518000000,
    "incomeBeforeTaxRatio": 0.0514348128,
    "incomeTaxExpense": 174000000,
    "netIncome": 343000000,
    "netIncomeRatio": 0.0340581869,
    "eps": 0.85,
    "epsdiluted": 0.83,
    "weightedAverageShsOut": 405000000,
    "weightedAverageShsOutDil": 414000000,
    "link": "https://www.sec.gov/Archives/edgar/data/100493/000010049315000092/0000100493-15-000092-index.htm",
    "finalLink": "https://www.sec.gov/Archives/edgar/data/100493/000010049315000092/tsn2015q310q.htm"
  },
  {
    "date": "2015-03-28",
    "symbol": "TSN",
    "reportedCurrency": "USD",
    "cik": "0000100493",
    "fillingDate": "2015-05-04",
    "acceptedDate": "2015-05-04 07:39:15",
    "calendarYear": "2015",
    "period": "Q2",
    "revenue": 9979000000,
    "costOfRevenue": 8990000000,
    "grossProfit": 989000000,
    "grossProfitRatio": 0.0991081271,
    "researchAndDevelopmentExpenses": 0,
    "generalAndAdministrativeExpenses": 0,
    "sellingAndMarketingExpenses": 0,
    "sellingGeneralAndAdministrativeExpenses": 442000000,
    "otherExpenses": 0,
    "operatingExpenses": 442000000,
    "costAndExpenses": 9432000000,
    "interestIncome": 1000000,
    "interestExpense": 71000000,
    "depreciationAndAmortization": 172000000,
    "ebitda": 726000000,
    "ebitdaratio": 0.0727527808,
    "operatingIncome": 547000000,
    "operatingIncomeRatio": 0.0548151117,
    "totalOtherIncomeExpensesNet": -64000000,
    "incomeBeforeTax": 483000000,
    "incomeBeforeTaxRatio": 0.0484016435,
    "incomeTaxExpense": 172000000,
    "netIncome": 310000000,
    "netIncomeRatio": 0.031065237,
    "eps": 0.77,
    "epsdiluted": 0.75,
    "weightedAverageShsOut": 404000000,
    "weightedAverageShsOutDil": 415000000,
    "link": "https://www.sec.gov/Archives/edgar/data/100493/000010049315000053/0000100493-15-000053-index.htm",
    "finalLink": "https://www.sec.gov/Archives/edgar/data/100493/000010049315000053/tsn2015q210q.htm"
  },
  {
    "date": "2014-12-27",
    "symbol": "TSN",
    "reportedCurrency": "USD",
    "cik": "0000100493",
    "fillingDate": "2015-01-30",
    "acceptedDate": "2015-01-30 07:36:59",
    "calendarYear": "2015",
    "period": "Q1",
    "revenue": 10817000000,
    "costOfRevenue": 9861000000,
    "grossProfit": 956000000,
    "grossProfitRatio": 0.0883794028,
    "researchAndDevelopmentExpenses": 0,
    "generalAndAdministrativeExpenses": 0,
    "sellingAndMarketingExpenses": 0,
    "sellingGeneralAndAdministrativeExpenses": 447000000,
    "otherExpenses": 0,
    "operatingExpenses": 447000000,
    "costAndExpenses": 10308000000,
    "interestIncome": 2000000,
    "interestExpense": 77000000,
    "depreciationAndAmortization": 175000000,
    "ebitda": 687000000,
    "ebitdaratio": 0.0635111399,
    "operatingIncome": 509000000,
    "operatingIncomeRatio": 0.0470555607,
    "totalOtherIncomeExpensesNet": -74000000,
    "incomeBeforeTax": 435000000,
    "incomeBeforeTaxRatio": 0.0402144772,
    "incomeTaxExpense": 125000000,
    "netIncome": 309000000,
    "netIncomeRatio": 0.0285661459,
    "eps": 0.76,
    "epsdiluted": 0.74,
    "weightedAverageShsOut": 406000000,
    "weightedAverageShsOutDil": 416000000,
    "link": "https://www.sec.gov/Archives/edgar/data/100493/000010049315000012/0000100493-15-000012-index.htm",
    "finalLink": "https://www.sec.gov/Archives/edgar/data/100493/000010049315000012/tsn2015q110q.htm"
  },
  {
    "date": "2014-09-27",
    "symbol": "TSN",
    "reportedCurrency": "USD",
    "cik": "0000100493",
    "fillingDate": "2014-11-17",
    "acceptedDate": "2014-11-17 07:40:03",
    "calendarYear": "2014",
    "period": "Q4",
    "revenue": 10105000000,
    "costOfRevenue": 9393000000,
    "grossProfit": 712000000,
    "grossProfitRatio": 0.0704601682,
    "researchAndDevelopmentExpenses": 0,
    "generalAndAdministrativeExpenses": 0,
    "sellingAndMarketingExpenses": 0,
    "sellingGeneralAndAdministrativeExpenses": 406000000,
    "otherExpenses": 0,
    "operatingExpenses": 406000000,
    "costAndExpenses": 9799000000,
    "interestIncome": 1000000,
    "interestExpense": 54000000,
    "depreciationAndAmortization": 148000000,
    "ebitda": 420000000,
    "ebitdaratio": 0.0415635824,
    "operatingIncome": 306000000,
    "operatingIncomeRatio": 0.0302820386,
    "totalOtherIncomeExpensesNet": -88000000,
    "incomeBeforeTax": 218000000,
    "incomeBeforeTaxRatio": 0.0215734785,
    "incomeTaxExpense": 82000000,
    "netIncome": 137000000,
    "netIncomeRatio": 0.0135576447,
    "eps": 0.34,
    "epsdiluted": 0.33,
    "weightedAverageShsOut": 406000000,
    "weightedAverageShsOutDil": 416000000,
    "link": "https://www.sec.gov/Archives/edgar/data/100493/000010049314000220/0000100493-14-000220-index.htm",
    "finalLink": "https://www.sec.gov/Archives/edgar/data/100493/000010049314000220/tsn201410kq4.htm"
  },
  {
    "date": "2014-06-28",
    "symbol": "TSN",
    "reportedCurrency": "USD",
    "cik": "0000100493",
    "fillingDate": "2014-08-07",
    "acceptedDate": "2014-08-07 07:58:16",
    "calendarYear": "2014",
    "period": "Q3",
    "revenue": 9682000000,
    "costOfRevenue": 9045000000,
    "grossProfit": 637000000,
    "grossProfitRatio": 0.0657921917,
    "researchAndDevelopmentExpenses": 0,
    "generalAndAdministrativeExpenses": 0,
    "sellingAndMarketingExpenses": 0,
    "sellingGeneralAndAdministrativeExpenses": 286000000,
    "otherExpenses": 0,
    "operatingExpenses": 286000000,
    "costAndExpenses": 9331000000,
    "interestIncome": 1000000,
    "interestExpense": 25000000,
    "depreciationAndAmortization": 128000000,
    "ebitda": 463000000,
    "ebitdaratio": 0.0478206982,
    "operatingIncome": 351000000,
    "operatingIncomeRatio": 0.0362528403,
    "totalOtherIncomeExpensesNet": -41000000,
    "incomeBeforeTax": 310000000,
    "incomeBeforeTaxRatio": 0.0320181781,
    "incomeTaxExpense": 52000000,
    "netIncome": 260000000,
    "netIncomeRatio": 0.0268539558,
    "eps": 0.74,
    "epsdiluted": 0.73,
    "weightedAverageShsOut": 350000000,
    "weightedAverageShsOutDil": 356000000,
    "link": "https://www.sec.gov/Archives/edgar/data/100493/000010049314000150/0000100493-14-000150-index.htm",
    "finalLink": "https://www.sec.gov/Archives/edgar/data/100493/000010049314000150/tsn2014q310q.htm"
  },
  {
    "date": "2014-03-29",
    "symbol": "TSN",
    "reportedCurrency": "USD",
    "cik": "0000100493",
    "fillingDate": "2014-05-05",
    "acceptedDate": "2014-05-05 07:39:19",
    "calendarYear": "2014",
    "period": "Q2",
    "revenue": 9032000000,
    "costOfRevenue": 8381000000,
    "grossProfit": 651000000,
    "grossProfitRatio": 0.0720770593,
    "researchAndDevelopmentExpenses": 0,
    "generalAndAdministrativeExpenses": 0,
    "sellingAndMarketingExpenses": 0,
    "sellingGeneralAndAdministrativeExpenses": 290000000,
    "otherExpenses": 0,
    "operatingExpenses": 290000000,
    "costAndExpenses": 8671000000,
    "interestIncome": 3000000,
    "interestExpense": 25000000,
    "depreciationAndAmortization": 127000000,
    "ebitda": 493000000,
    "ebitdaratio": 0.0545837024,
    "operatingIncome": 361000000,
    "operatingIncomeRatio": 0.0399689991,
    "totalOtherIncomeExpensesNet": -20000000,
    "incomeBeforeTax": 341000000,
    "incomeBeforeTaxRatio": 0.0377546501,
    "incomeTaxExpense": 131000000,
    "netIncome": 213000000,
    "netIncomeRatio": 0.0235828167,
    "eps": 0.62,
    "epsdiluted": 0.6,
    "weightedAverageShsOut": 343000000,
    "weightedAverageShsOutDil": 356000000,
    "link": "https://www.sec.gov/Archives/edgar/data/100493/000010049314000054/0000100493-14-000054-index.htm",
    "finalLink": "https://www.sec.gov/Archives/edgar/data/100493/000010049314000054/tsn2014q210q.htm"
  },
  {
    "date": "2013-12-28",
    "symbol": "TSN",
    "reportedCurrency": "USD",
    "cik": "0000100493",
    "fillingDate": "2014-01-31",
    "acceptedDate": "2014-01-31 07:39:21",
    "calendarYear": "2014",
    "period": "Q1",
    "revenue": 8761000000,
    "costOfRevenue": 8076000000,
    "grossProfit": 685000000,
    "grossProfitRatio": 0.0781874215,
    "researchAndDevelopmentExpenses": 0,
    "generalAndAdministrativeExpenses": 0,
    "sellingAndMarketingExpenses": 0,
    "sellingGeneralAndAdministrativeExpenses": 273000000,
    "otherExpenses": 0,
    "operatingExpenses": 273000000,
    "costAndExpenses": 8349000000,
    "interestIncome": 2000000,
    "interestExpense": 28000000,
    "depreciationAndAmortization": 127000000,
    "ebitda": 538000000,
    "ebitdaratio": 0.061408515,
    "operatingIncome": 412000000,
    "operatingIncomeRatio": 0.0470265951,
    "totalOtherIncomeExpensesNet": -29000000,
    "incomeBeforeTax": 383000000,
    "incomeBeforeTaxRatio": 0.0437164707,
    "incomeTaxExpense": 131000000,
    "netIncome": 254000000,
    "netIncomeRatio": 0.0289921242,
    "eps": 0.74,
    "epsdiluted": 0.72,
    "weightedAverageShsOut": 341000000,
    "weightedAverageShsOutDil": 354000000,
    "link": "https://www.sec.gov/Archives/edgar/data/100493/000010049314000007/0000100493-14-000007-index.htm",
    "finalLink": "https://www.sec.gov/Archives/edgar/data/100493/000010049314000007/tsn2014q110q.htm"
  },
  {
    "date": "2013-09-28",
    "symbol": "TSN",
    "reportedCurrency": "USD",
    "cik": "0000100493",
    "fillingDate": "2013-11-18",
    "acceptedDate": "2013-11-18 08:05:19",
    "calendarYear": "2013",
    "period": "Q4",
    "revenue": 8894000000,
    "costOfRevenue": 8225000000,
    "grossProfit": 669000000,
    "grossProfitRatio": 0.0752192489,
    "researchAndDevelopmentExpenses": 0,
    "generalAndAdministrativeExpenses": 0,
    "sellingAndMarketingExpenses": 555000000,
    "sellingGeneralAndAdministrativeExpenses": 253000000,
    "otherExpenses": 0,
    "operatingExpenses": 253000000,
    "costAndExpenses": 8478000000,
    "interestIncome": 2000000,
    "interestExpense": 36000000,
    "depreciationAndAmortization": 132000000,
    "ebitda": 551000000,
    "ebitdaratio": 0.0619518777,
    "operatingIncome": 416000000,
    "operatingIncomeRatio": 0.0467731055,
    "totalOtherIncomeExpensesNet": -33000000,
    "incomeBeforeTax": 383000000,
    "incomeBeforeTaxRatio": 0.0430627389,
    "incomeTaxExpense": 124000000,
    "netIncome": 261000000,
    "netIncomeRatio": 0.0293456263,
    "eps": 0.77,
    "epsdiluted": 0.74,
    "weightedAverageShsOut": 341000000,
    "weightedAverageShsOutDil": 354000000,
    "link": "https://www.sec.gov/Archives/edgar/data/100493/000010049313000079/0000100493-13-000079-index.htm",
    "finalLink": "https://www.sec.gov/Archives/edgar/data/100493/000010049313000079/tsn2013q410k.htm"
  },
  {
    "date": "2013-06-29",
    "symbol": "TSN",
    "reportedCurrency": "USD",
    "cik": "0000100493",
    "fillingDate": "2013-08-05",
    "acceptedDate": "2013-08-05 07:49:32",
    "calendarYear": "2013",
    "period": "Q3",
    "revenue": 8731000000,
    "costOfRevenue": 8049000000,
    "grossProfit": 682000000,
    "grossProfitRatio": 0.0781124728,
    "researchAndDevelopmentExpenses": 0,
    "generalAndAdministrativeExpenses": 0,
    "sellingAndMarketingExpenses": 0,
    "sellingGeneralAndAdministrativeExpenses": 263000000,
    "otherExpenses": 0,
    "operatingExpenses": 263000000,
    "costAndExpenses": 8312000000,
    "interestIncome": 2000000,
    "interestExpense": 36000000,
    "depreciationAndAmortization": 128000000,
    "ebitda": 549000000,
    "ebitdaratio": 0.0628793953,
    "operatingIncome": 419000000,
    "operatingIncomeRatio": 0.047989921,
    "totalOtherIncomeExpensesNet": -34000000,
    "incomeBeforeTax": 385000000,
    "incomeBeforeTaxRatio": 0.0440957508,
    "incomeTaxExpense": 136000000,
    "netIncome": 249000000,
    "netIncomeRatio": 0.02851907,
    "eps": 0.72,
    "epsdiluted": 0.68,
    "weightedAverageShsOut": 353000000,
    "weightedAverageShsOutDil": 369000000,
    "link": "https://www.sec.gov/Archives/edgar/data/100493/000010049313000052/0000100493-13-000052-index.htm",
    "finalLink": "https://www.sec.gov/Archives/edgar/data/100493/000010049313000052/tsn2013q310q.htm"
  },
  {
    "date": "2013-03-30",
    "symbol": "TSN",
    "reportedCurrency": "USD",
    "cik": "0000100493",
    "fillingDate": "2013-05-06",
    "acceptedDate": "2013-05-06 07:46:23",
    "calendarYear": "2013",
    "period": "Q2",
    "revenue": 8383000000,
    "costOfRevenue": 7915000000,
    "grossProfit": 468000000,
    "grossProfitRatio": 0.0558272695,
    "researchAndDevelopmentExpenses": 0,
    "generalAndAdministrativeExpenses": 0,
    "sellingAndMarketingExpenses": 0,
    "sellingGeneralAndAdministrativeExpenses": 232000000,
    "otherExpenses": 0,
    "operatingExpenses": 232000000,
    "costAndExpenses": 8147000000,
    "interestIncome": 2000000,
    "interestExpense": 36000000,
    "depreciationAndAmortization": 129000000,
    "ebitda": 386000000,
    "ebitdaratio": 0.0460455684,
    "operatingIncome": 236000000,
    "operatingIncomeRatio": 0.0281522128,
    "totalOtherIncomeExpensesNet": -15000000,
    "incomeBeforeTax": 221000000,
    "incomeBeforeTaxRatio": 0.0263628773,
    "incomeTaxExpense": 53000000,
    "netIncome": 95000000,
    "netIncomeRatio": 0.0113324585,
    "eps": 0.27,
    "epsdiluted": 0.26,
    "weightedAverageShsOut": 353000000,
    "weightedAverageShsOutDil": 366000000,
    "link": "https://www.sec.gov/Archives/edgar/data/100493/000010049313000036/0000100493-13-000036-index.htm",
    "finalLink": "https://www.sec.gov/Archives/edgar/data/100493/000010049313000036/tsn2013q210q.htm"
  },
  {
    "date": "2012-12-29",
    "symbol": "TSN",
    "reportedCurrency": "USD",
    "cik": "0000100493",
    "fillingDate": "2013-02-01",
    "acceptedDate": "2013-02-01 07:38:38",
    "calendarYear": "2013",
    "period": "Q1",
    "revenue": 8366000000,
    "costOfRevenue": 7827000000,
    "grossProfit": 539000000,
    "grossProfitRatio": 0.0644274444,
    "researchAndDevelopmentExpenses": 0,
    "generalAndAdministrativeExpenses": 0,
    "sellingAndMarketingExpenses": 0,
    "sellingGeneralAndAdministrativeExpenses": 235000000,
    "otherExpenses": 0,
    "operatingExpenses": 235000000,
    "costAndExpenses": 8062000000,
    "interestIncome": 1000000,
    "interestExpense": 37000000,
    "depreciationAndAmortization": 130000000,
    "ebitda": 435000000,
    "ebitdaratio": 0.051996175,
    "operatingIncome": 304000000,
    "operatingIncomeRatio": 0.0363375568,
    "totalOtherIncomeExpensesNet": -36000000,
    "incomeBeforeTax": 268000000,
    "incomeBeforeTaxRatio": 0.0320344251,
    "incomeTaxExpense": 96000000,
    "netIncome": 173000000,
    "netIncomeRatio": 0.0206789386,
    "eps": 0.5,
    "epsdiluted": 0.48,
    "weightedAverageShsOut": 355000000,
    "weightedAverageShsOutDil": 362000000,
    "link": "https://www.sec.gov/Archives/edgar/data/100493/000010049313000009/0000100493-13-000009-index.htm",
    "finalLink": "https://www.sec.gov/Archives/edgar/data/100493/000010049313000009/tsn2013q110q.htm"
  },
  {
    "date": "2012-09-29",
    "symbol": "TSN",
    "reportedCurrency": "USD",
    "cik": "0000100493",
    "fillingDate": "2012-11-19",
    "acceptedDate": "2012-11-19 07:38:14",
    "calendarYear": "2012",
    "period": "Q4",
    "revenue": 8373000000,
    "costOfRevenue": 7803000000,
    "grossProfit": 570000000,
    "grossProfitRatio": 0.0680759584,
    "researchAndDevelopmentExpenses": 0,
    "generalAndAdministrativeExpenses": 0,
    "sellingAndMarketingExpenses": 496000000,
    "sellingGeneralAndAdministrativeExpenses": 238000000,
    "otherExpenses": 0,
    "operatingExpenses": 238000000,
    "costAndExpenses": 8041000000,
    "interestIncome": 3000000,
    "interestExpense": 40000000,
    "depreciationAndAmortization": 130000000,
    "ebitda": 471000000,
    "ebitdaratio": 0.0562522393,
    "operatingIncome": 332000000,
    "operatingIncomeRatio": 0.03965126,
    "totalOtherIncomeExpensesNet": -31000000,
    "incomeBeforeTax": 301000000,
    "incomeBeforeTaxRatio": 0.0359488833,
    "incomeTaxExpense": 120000000,
    "netIncome": 185000000,
    "netIncomeRatio": 0.0220948286,
    "eps": 0.52,
    "epsdiluted": 0.51,
    "weightedAverageShsOut": 355000000,
    "weightedAverageShsOutDil": 360416667,
    "link": "https://www.sec.gov/Archives/edgar/data/100493/000010049312000065/0000100493-12-000065-index.htm",
    "finalLink": "https://www.sec.gov/Archives/edgar/data/100493/000010049312000065/tsn2012q410k.htm"
  },
  {
    "date": "2012-06-30",
    "symbol": "TSN",
    "reportedCurrency": "USD",
    "cik": "0000100493",
    "fillingDate": "2012-08-06",
    "acceptedDate": "2012-08-06 07:43:21",
    "calendarYear": "2012",
    "period": "Q3",
    "revenue": 8261000000,
    "costOfRevenue": 7695000000,
    "grossProfit": 566000000,
    "grossProfitRatio": 0.0685147077,
    "researchAndDevelopmentExpenses": 0,
    "generalAndAdministrativeExpenses": 0,
    "sellingAndMarketingExpenses": 0,
    "sellingGeneralAndAdministrativeExpenses": 224000000,
    "otherExpenses": 0,
    "operatingExpenses": 224000000,
    "costAndExpenses": 7919000000,
    "interestIncome": 2000000,
    "interestExpense": 215000000,
    "depreciationAndAmortization": 124000000,
    "ebitda": 471000000,
    "ebitdaratio": 0.0570148892,
    "operatingIncome": 342000000,
    "operatingIncomeRatio": 0.0413993463,
    "totalOtherIncomeExpensesNet": -210000000,
    "incomeBeforeTax": 132000000,
    "incomeBeforeTaxRatio": 0.0159786951,
    "incomeTaxExpense": 53000000,
    "netIncome": 76000000,
    "netIncomeRatio": 0.0091998547,
    "eps": 0.21,
    "epsdiluted": 0.21,
    "weightedAverageShsOut": 361000000,
    "weightedAverageShsOutDil": 361000000,
    "link": "https://www.sec.gov/Archives/edgar/data/100493/000010049312000038/0000100493-12-000038-index.htm",
    "finalLink": "https://www.sec.gov/Archives/edgar/data/100493/000010049312000038/tsn2012q310q.htm"
  },
  {
    "date": "2012-03-31",
    "symbol": "TSN",
    "reportedCurrency": "USD",
    "cik": "0000100493",
    "fillingDate": "2012-05-07",
    "acceptedDate": "2012-05-07 07:49:31",
    "calendarYear": "2012",
    "period": "Q2",
    "revenue": 8268000000,
    "costOfRevenue": 7733000000,
    "grossProfit": 535000000,
    "grossProfitRatio": 0.0647073053,
    "researchAndDevelopmentExpenses": 0,
    "generalAndAdministrativeExpenses": 0,
    "sellingAndMarketingExpenses": 0,
    "sellingGeneralAndAdministrativeExpenses": 233000000,
    "otherExpenses": 0,
    "operatingExpenses": 233000000,
    "costAndExpenses": 7966000000,
    "interestIncome": 5000000,
    "interestExpense": 52000000,
    "depreciationAndAmortization": 123000000,
    "ebitda": 432000000,
    "ebitdaratio": 0.0522496372,
    "operatingIncome": 302000000,
    "operatingIncomeRatio": 0.0365263667,
    "totalOtherIncomeExpensesNet": -45000000,
    "incomeBeforeTax": 257000000,
    "incomeBeforeTaxRatio": 0.0310836962,
    "incomeTaxExpense": 91000000,
    "netIncome": 166000000,
    "netIncomeRatio": 0.0200774069,
    "eps": 0.47,
    "epsdiluted": 0.44,
    "weightedAverageShsOut": 364000000,
    "weightedAverageShsOutDil": 377272727,
    "link": "https://www.sec.gov/Archives/edgar/data/100493/000010049312000019/0000100493-12-000019-index.htm",
    "finalLink": "https://www.sec.gov/Archives/edgar/data/100493/000010049312000019/tsn2012q210q.htm"
  },
  {
    "date": "2011-12-31",
    "symbol": "TSN",
    "reportedCurrency": "USD",
    "cik": "0000100493",
    "fillingDate": "2012-02-03",
    "acceptedDate": "2012-02-03 07:43:16",
    "calendarYear": "2012",
    "period": "Q1",
    "revenue": 8329000000,
    "costOfRevenue": 7836000000,
    "grossProfit": 493000000,
    "grossProfitRatio": 0.0591907792,
    "researchAndDevelopmentExpenses": 0,
    "generalAndAdministrativeExpenses": 0,
    "sellingAndMarketingExpenses": 0,
    "sellingGeneralAndAdministrativeExpenses": 215000000,
    "otherExpenses": 0,
    "operatingExpenses": 215000000,
    "costAndExpenses": 8051000000,
    "interestIncome": 2000000,
    "interestExpense": 49000000,
    "depreciationAndAmortization": 122000000,
    "ebitda": 414000000,
    "ebitdaratio": 0.049705847,
    "operatingIncome": 278000000,
    "operatingIncomeRatio": 0.0333773562,
    "totalOtherIncomeExpensesNet": -35000000,
    "incomeBeforeTax": 243000000,
    "incomeBeforeTaxRatio": 0.0291751711,
    "incomeTaxExpense": 87000000,
    "netIncome": 156000000,
    "netIncomeRatio": 0.0187297395,
    "eps": 0.43,
    "epsdiluted": 0.42,
    "weightedAverageShsOut": 367000000,
    "weightedAverageShsOutDil": 371428571,
    "link": "https://www.sec.gov/Archives/edgar/data/100493/000119312512037815/0001193125-12-037815-index.htm",
    "finalLink": "https://www.sec.gov/Archives/edgar/data/100493/000119312512037815/d269287d10q.htm"
  },
  {
    "date": "2011-10-01",
    "symbol": "TSN",
    "reportedCurrency": "USD",
    "cik": "0000100493",
    "fillingDate": "2011-11-21",
    "acceptedDate": "2011-11-21 07:47:25",
    "calendarYear": "2011",
    "period": "Q4",
    "revenue": 8404000000,
    "costOfRevenue": 8013000000,
    "grossProfit": 391000000,
    "grossProfitRatio": 0.0465254641,
    "researchAndDevelopmentExpenses": 0,
    "generalAndAdministrativeExpenses": 0,
    "sellingAndMarketingExpenses": 0,
    "sellingGeneralAndAdministrativeExpenses": 219000000,
    "otherExpenses": 0,
    "operatingExpenses": 219000000,
    "costAndExpenses": 8232000000,
    "interestIncome": 3000000,
    "interestExpense": 55000000,
    "depreciationAndAmortization": 122000000,
    "ebitda": 302000000,
    "ebitdaratio": 0.0359352689,
    "operatingIncome": 172000000,
    "operatingIncomeRatio": 0.0204664446,
    "totalOtherIncomeExpensesNet": -47000000,
    "incomeBeforeTax": 125000000,
    "incomeBeforeTaxRatio": 0.0148738696,
    "incomeTaxExpense": 30000000,
    "netIncome": 97000000,
    "netIncomeRatio": 0.0115421228,
    "eps": 0.33,
    "epsdiluted": 0.26,
    "weightedAverageShsOut": 297000000,
    "weightedAverageShsOutDil": 376000000,
    "link": "https://www.sec.gov/Archives/edgar/data/100493/000119312511317791/0001193125-11-317791-index.htm",
    "finalLink": "https://www.sec.gov/Archives/edgar/data/100493/000119312511317791/d232196d10k.htm"
  },
  {
    "date": "2011-07-02",
    "symbol": "TSN",
    "reportedCurrency": "USD",
    "cik": "0000100493",
    "fillingDate": "2011-08-08",
    "acceptedDate": "2011-08-08 07:43:04",
    "calendarYear": "2011",
    "period": "Q3",
    "revenue": 8247000000,
    "costOfRevenue": 7716000000,
    "grossProfit": 531000000,
    "grossProfitRatio": 0.0643870498,
    "researchAndDevelopmentExpenses": 0,
    "generalAndAdministrativeExpenses": 0,
    "sellingAndMarketingExpenses": 0,
    "sellingGeneralAndAdministrativeExpenses": 219000000,
    "otherExpenses": 0,
    "operatingExpenses": 219000000,
    "costAndExpenses": 7935000000,
    "interestIncome": 2000000,
    "interestExpense": 58000000,
    "depreciationAndAmortization": 128000000,
    "ebitda": 449000000,
    "ebitdaratio": 0.0544440403,
    "operatingIncome": 312000000,
    "operatingIncomeRatio": 0.0378319389,
    "totalOtherIncomeExpensesNet": -49000000,
    "incomeBeforeTax": 263000000,
    "incomeBeforeTaxRatio": 0.0318903844,
    "incomeTaxExpense": 75000000,
    "netIncome": 196000000,
    "netIncomeRatio": 0.023766218,
    "eps": 0.53,
    "epsdiluted": 0.51,
    "weightedAverageShsOut": 304000000,
    "weightedAverageShsOutDil": 383000000,
    "link": "https://www.sec.gov/Archives/edgar/data/100493/000119312511213296/0001193125-11-213296-index.htm",
    "finalLink": "https://www.sec.gov/Archives/edgar/data/100493/000119312511213296/d10q.htm"
  },
  {
    "date": "2011-04-02",
    "symbol": "TSN",
    "reportedCurrency": "USD",
    "cik": "0000100493",
    "fillingDate": "2011-05-09",
    "acceptedDate": "2011-05-09 07:46:22",
    "calendarYear": "2011",
    "period": "Q2",
    "revenue": 8000000000,
    "costOfRevenue": 7467000000,
    "grossProfit": 533000000,
    "grossProfitRatio": 0.066625,
    "researchAndDevelopmentExpenses": 0,
    "generalAndAdministrativeExpenses": 0,
    "sellingAndMarketingExpenses": 0,
    "sellingGeneralAndAdministrativeExpenses": 230000000,
    "otherExpenses": 0,
    "operatingExpenses": 230000000,
    "costAndExpenses": 7697000000,
    "interestIncome": 3000000,
    "interestExpense": 63000000,
    "depreciationAndAmortization": 128000000,
    "ebitda": 432000000,
    "ebitdaratio": 0.054,
    "operatingIncome": 303000000,
    "operatingIncomeRatio": 0.037875,
    "totalOtherIncomeExpensesNet": -62000000,
    "incomeBeforeTax": 241000000,
    "incomeBeforeTaxRatio": 0.030125,
    "incomeTaxExpense": 85000000,
    "netIncome": 159000000,
    "netIncomeRatio": 0.019875,
    "eps": 0.43,
    "epsdiluted": 0.42,
    "weightedAverageShsOut": 305000000,
    "weightedAverageShsOutDil": 383000000,
    "link": "https://www.sec.gov/Archives/edgar/data/100493/000119312511131527/0001193125-11-131527-index.htm",
    "finalLink": "https://www.sec.gov/Archives/edgar/data/100493/000119312511131527/d10q.htm"
  },
  {
    "date": "2011-01-01",
    "symbol": "TSN",
    "reportedCurrency": "USD",
    "cik": "0000100493",
    "fillingDate": "2011-02-04",
    "acceptedDate": "2011-02-04 11:26:12",
    "calendarYear": "2011",
    "period": "Q1",
    "revenue": 7615000000,
    "costOfRevenue": 6871000000,
    "grossProfit": 744000000,
    "grossProfitRatio": 0.0977019041,
    "researchAndDevelopmentExpenses": 0,
    "generalAndAdministrativeExpenses": 0,
    "sellingAndMarketingExpenses": 0,
    "sellingGeneralAndAdministrativeExpenses": 246000000,
    "otherExpenses": 0,
    "operatingExpenses": 246000000,
    "costAndExpenses": 7117000000,
    "interestIncome": 3000000,
    "interestExpense": 66000000,
    "depreciationAndAmortization": 128000000,
    "ebitda": 639000000,
    "ebitdaratio": 0.083913329,
    "operatingIncome": 498000000,
    "operatingIncomeRatio": 0.0653972423,
    "totalOtherIncomeExpensesNet": -53000000,
    "incomeBeforeTax": 445000000,
    "incomeBeforeTaxRatio": 0.0584372948,
    "incomeTaxExpense": 151000000,
    "netIncome": 298000000,
    "netIncomeRatio": 0.0391332896,
    "eps": 0.81,
    "epsdiluted": 0.78,
    "weightedAverageShsOut": 304000000,
    "weightedAverageShsOutDil": 379000000,
    "link": "https://www.sec.gov/Archives/edgar/data/100493/000119312511024082/0001193125-11-024082-index.htm",
    "finalLink": "https://www.sec.gov/Archives/edgar/data/100493/000119312511024082/d10q.htm"
  },
  {
    "date": "2010-10-02",
    "symbol": "TSN",
    "reportedCurrency": "USD",
    "cik": "0000100493",
    "fillingDate": "2010-11-22",
    "acceptedDate": "2010-11-22 07:59:49",
    "calendarYear": "2010",
    "period": "Q4",
    "revenue": 7441000000,
    "costOfRevenue": 6772000000,
    "grossProfit": 669000000,
    "grossProfitRatio": 0.0899072705,
    "researchAndDevelopmentExpenses": 0,
    "generalAndAdministrativeExpenses": 0,
    "sellingAndMarketingExpenses": 0,
    "sellingGeneralAndAdministrativeExpenses": 249000000,
    "otherExpenses": 29000000,
    "operatingExpenses": 278000000,
    "costAndExpenses": 7050000000,
    "interestIncome": 3000000,
    "interestExpense": 65000000,
    "depreciationAndAmortization": 125000000,
    "ebitda": 513000000,
    "ebitdaratio": 0.0689423465,
    "operatingIncome": 391000000,
    "operatingIncomeRatio": 0.0525467007,
    "totalOtherIncomeExpensesNet": -68000000,
    "incomeBeforeTax": 323000000,
    "incomeBeforeTaxRatio": 0.0434081441,
    "incomeTaxExpense": 115000000,
    "netIncome": 213000000,
    "netIncomeRatio": 0.0286251848,
    "eps": 0.7,
    "epsdiluted": 0.56,
    "weightedAverageShsOut": 304000000,
    "weightedAverageShsOutDil": 379000000,
    "link": "https://www.sec.gov/Archives/edgar/data/100493/000119312510265708/0001193125-10-265708-index.htm",
    "finalLink": "https://www.sec.gov/Archives/edgar/data/100493/000119312510265708/d10k.htm"
  },
  {
    "date": "2010-07-03",
    "symbol": "TSN",
    "reportedCurrency": "USD",
    "cik": "0000100493",
    "fillingDate": "2010-08-09",
    "acceptedDate": "2010-08-09 08:01:49",
    "calendarYear": "2010",
    "period": "Q3",
    "revenue": 7438000000,
    "costOfRevenue": 6686000000,
    "grossProfit": 752000000,
    "grossProfitRatio": 0.1011024469,
    "researchAndDevelopmentExpenses": 0,
    "generalAndAdministrativeExpenses": 0,
    "sellingAndMarketingExpenses": 0,
    "sellingGeneralAndAdministrativeExpenses": 245000000,
    "otherExpenses": 0,
    "operatingExpenses": 245000000,
    "costAndExpenses": 6931000000,
    "interestIncome": 4000000,
    "interestExpense": 102000000,
    "depreciationAndAmortization": 125000000,
    "ebitda": 622000000,
    "ebitdaratio": 0.0836246303,
    "operatingIncome": 507000000,
    "operatingIncomeRatio": 0.0681634848,
    "totalOtherIncomeExpensesNet": -112000000,
    "incomeBeforeTax": 395000000,
    "incomeBeforeTaxRatio": 0.0531056736,
    "incomeTaxExpense": 153000000,
    "netIncome": 248000000,
    "netIncomeRatio": 0.0333422963,
    "eps": 0.68,
    "epsdiluted": 0.65,
    "weightedAverageShsOut": 304000000,
    "weightedAverageShsOutDil": 382000000,
    "link": "https://www.sec.gov/Archives/edgar/data/100493/000119312510182490/0001193125-10-182490-index.htm",
    "finalLink": "https://www.sec.gov/Archives/edgar/data/100493/000119312510182490/d10q.htm"
  },
  {
    "date": "2010-04-03",
    "symbol": "TSN",
    "reportedCurrency": "USD",
    "cik": "0000100493",
    "fillingDate": "2010-05-10",
    "acceptedDate": "2010-05-10 07:48:42",
    "calendarYear": "2010",
    "period": "Q2",
    "revenue": 6916000000,
    "costOfRevenue": 6352000000,
    "grossProfit": 564000000,
    "grossProfitRatio": 0.0815500289,
    "researchAndDevelopmentExpenses": 0,
    "generalAndAdministrativeExpenses": 0,
    "sellingAndMarketingExpenses": 0,
    "sellingGeneralAndAdministrativeExpenses": 220000000,
    "otherExpenses": 0,
    "operatingExpenses": 220000000,
    "costAndExpenses": 6572000000,
    "interestIncome": 4000000,
    "interestExpense": 100000000,
    "depreciationAndAmortization": 124000000,
    "ebitda": 473000000,
    "ebitdaratio": 0.0683921342,
    "operatingIncome": 344000000,
    "operatingIncomeRatio": 0.049739734,
    "totalOtherIncomeExpensesNet": -95000000,
    "incomeBeforeTax": 249000000,
    "incomeBeforeTaxRatio": 0.0360034702,
    "incomeTaxExpense": 93000000,
    "netIncome": 159000000,
    "netIncomeRatio": 0.0229901677,
    "eps": 0.43,
    "epsdiluted": 0.42,
    "weightedAverageShsOut": 303000000,
    "weightedAverageShsOutDil": 378000000,
    "link": "https://www.sec.gov/Archives/edgar/data/100493/000010049310000022/0000100493-10-000022-index.htm",
    "finalLink": "https://www.sec.gov/Archives/edgar/data/100493/000010049310000022/form10q_04032010.htm"
  },
  {
    "date": "2010-01-02",
    "symbol": "TSN",
    "reportedCurrency": "USD",
    "cik": "0000100493",
    "fillingDate": "2010-02-05",
    "acceptedDate": "2010-02-05 07:40:14",
    "calendarYear": "2010",
    "period": "Q1",
    "revenue": 6635000000,
    "costOfRevenue": 6106000000,
    "grossProfit": 529000000,
    "grossProfitRatio": 0.0797287114,
    "researchAndDevelopmentExpenses": 0,
    "generalAndAdministrativeExpenses": 0,
    "sellingAndMarketingExpenses": 0,
    "sellingGeneralAndAdministrativeExpenses": 215000000,
    "otherExpenses": 0,
    "operatingExpenses": 215000000,
    "costAndExpenses": 6321000000,
    "interestIncome": 3000000,
    "interestExpense": 80000000,
    "depreciationAndAmortization": 123000000,
    "ebitda": 439000000,
    "ebitdaratio": 0.0661642803,
    "operatingIncome": 314000000,
    "operatingIncomeRatio": 0.0473247928,
    "totalOtherIncomeExpensesNet": -78000000,
    "incomeBeforeTax": 236000000,
    "incomeBeforeTaxRatio": 0.0355689525,
    "incomeTaxExpense": 77000000,
    "netIncome": 160000000,
    "netIncomeRatio": 0.0241145441,
    "eps": 0.44,
    "epsdiluted": 0.42,
    "weightedAverageShsOut": 303000000,
    "weightedAverageShsOutDil": 377000000,
    "link": "https://www.sec.gov/Archives/edgar/data/100493/000010049310000004/0000100493-10-000004-index.htm",
    "finalLink": "https://www.sec.gov/Archives/edgar/data/100493/000010049310000004/form10q_01022010.htm"
  },
  {
    "date": "2009-10-03",
    "symbol": "TSN",
    "reportedCurrency": "USD",
    "cik": "0000100493",
    "fillingDate": "2009-11-23",
    "acceptedDate": "2009-11-23 07:44:04",
    "calendarYear": "2009",
    "period": "Q4",
    "revenue": 7214000000,
    "costOfRevenue": 6752000000,
    "grossProfit": 462000000,
    "grossProfitRatio": 0.0640421403,
    "researchAndDevelopmentExpenses": 0,
    "generalAndAdministrativeExpenses": 0,
    "sellingAndMarketingExpenses": 0,
    "sellingGeneralAndAdministrativeExpenses": 224000000,
    "otherExpenses": 560000000,
    "operatingExpenses": 784000000,
    "costAndExpenses": 7536000000,
    "interestIncome": 3000000,
    "interestExpense": 85000000,
    "depreciationAndAmortization": 125000000,
    "ebitda": -194000000,
    "ebitdaratio": -0.0268921541,
    "operatingIncome": -322000000,
    "operatingIncomeRatio": -0.0446354311,
    "totalOtherIncomeExpensesNet": -87000000,
    "incomeBeforeTax": -409000000,
    "incomeBeforeTaxRatio": -0.0566953147,
    "incomeTaxExpense": 49000000,
    "netIncome": -455000000,
    "netIncomeRatio": -0.0630718048,
    "eps": -1.5,
    "epsdiluted": -1.21,
    "weightedAverageShsOut": 303000000,
    "weightedAverageShsOutDil": 377000000,
    "link": "https://www.sec.gov/Archives/edgar/data/100493/000010049309000067/0000100493-09-000067-index.htm",
    "finalLink": "https://www.sec.gov/Archives/edgar/data/100493/000010049309000067/form10k_100309.htm"
  },
  {
    "date": "2009-06-27",
    "symbol": "TSN",
    "reportedCurrency": "USD",
    "cik": "0000100493",
    "fillingDate": "2009-08-03",
    "acceptedDate": "2009-08-03 07:38:34",
    "calendarYear": "2009",
    "period": "Q3",
    "revenue": 6662000000,
    "costOfRevenue": 6192000000,
    "grossProfit": 470000000,
    "grossProfitRatio": 0.0705493846,
    "researchAndDevelopmentExpenses": 0,
    "generalAndAdministrativeExpenses": 0,
    "sellingAndMarketingExpenses": 0,
    "sellingGeneralAndAdministrativeExpenses": 194000000,
    "otherExpenses": 0,
    "operatingExpenses": 194000000,
    "costAndExpenses": 6386000000,
    "interestIncome": 5000000,
    "interestExpense": 92000000,
    "depreciationAndAmortization": 130000000,
    "ebitda": 414000000,
    "ebitdaratio": 0.0621435005,
    "operatingIncome": 276000000,
    "operatingIncomeRatio": 0.0414290003,
    "totalOtherIncomeExpensesNet": -84000000,
    "incomeBeforeTax": 192000000,
    "incomeBeforeTaxRatio": 0.0288201741,
    "incomeTaxExpense": 69000000,
    "netIncome": 131000000,
    "netIncomeRatio": 0.0196637646,
    "eps": 0.43,
    "epsdiluted": 0.35,
    "weightedAverageShsOut": 302000000,
    "weightedAverageShsOutDil": 378000000,
    "link": "https://www.sec.gov/Archives/edgar/data/100493/000010049309000048/0000100493-09-000048-index.htm",
    "finalLink": "https://www.sec.gov/Archives/edgar/data/100493/000010049309000048/form10q_062709.htm"
  },
  {
    "date": "2009-03-28",
    "symbol": "TSN",
    "reportedCurrency": "USD",
    "cik": "0000100493",
    "fillingDate": "2009-05-04",
    "acceptedDate": "2009-05-04 11:13:24",
    "calendarYear": "2009",
    "period": "Q2",
    "revenue": 6307000000,
    "costOfRevenue": 6054000000,
    "grossProfit": 253000000,
    "grossProfitRatio": 0.0401141589,
    "researchAndDevelopmentExpenses": 0,
    "generalAndAdministrativeExpenses": 0,
    "sellingAndMarketingExpenses": 0,
    "sellingGeneralAndAdministrativeExpenses": 209000000,
    "otherExpenses": 15000000,
    "operatingExpenses": 224000000,
    "costAndExpenses": 6278000000,
    "interestIncome": 5000000,
    "interestExpense": 78000000,
    "depreciationAndAmortization": 131000000,
    "ebitda": 162000000,
    "ebitdaratio": 0.025685746,
    "operatingIncome": 29000000,
    "operatingIncomeRatio": 0.0045980656,
    "totalOtherIncomeExpensesNet": -76000000,
    "incomeBeforeTax": -47000000,
    "incomeBeforeTaxRatio": -0.0074520374,
    "incomeTaxExpense": 58000000,
    "netIncome": -119000000,
    "netIncomeRatio": -0.0188679245,
    "eps": -0.34,
    "epsdiluted": -0.33,
    "weightedAverageShsOut": 303000000,
    "weightedAverageShsOutDil": 373000000,
    "link": "https://www.sec.gov/Archives/edgar/data/100493/000010049309000037/0000100493-09-000037-index.htm",
    "finalLink": "https://www.sec.gov/Archives/edgar/data/100493/000010049309000037/form10q_032809.htm"
  },
  {
    "date": "2008-12-27",
    "symbol": "TSN",
    "reportedCurrency": "USD",
    "cik": "0000100493",
    "fillingDate": "2009-02-02",
    "acceptedDate": "2009-02-02 16:37:19",
    "calendarYear": "2009",
    "period": "Q1",
    "revenue": 6521000000,
    "costOfRevenue": 6503000000,
    "grossProfit": 18000000,
    "grossProfitRatio": 0.0027603128,
    "researchAndDevelopmentExpenses": 0,
    "generalAndAdministrativeExpenses": 0,
    "sellingAndMarketingExpenses": 0,
    "sellingGeneralAndAdministrativeExpenses": 216000000,
    "otherExpenses": 0,
    "operatingExpenses": 216000000,
    "costAndExpenses": 6719000000,
    "interestIncome": 4000000,
    "interestExpense": 67000000,
    "depreciationAndAmortization": 122000000,
    "ebitda": -90000000,
    "ebitdaratio": -0.0138015642,
    "operatingIncome": -198000000,
    "operatingIncomeRatio": -0.0303634412,
    "totalOtherIncomeExpensesNet": -81000000,
    "incomeBeforeTax": -279000000,
    "incomeBeforeTaxRatio": -0.0427848489,
    "incomeTaxExpense": -169000000,
    "netIncome": -102000000,
    "netIncomeRatio": -0.0156417727,
    "eps": -0.37,
    "epsdiluted": -0.3,
    "weightedAverageShsOut": 303000000,
    "weightedAverageShsOutDil": 373000000,
    "link": "https://www.sec.gov/Archives/edgar/data/100493/000010049309000008/0000100493-09-000008-index.htm",
    "finalLink": "https://www.sec.gov/Archives/edgar/data/100493/000010049309000008/form10q_122708.htm"
  },
  {
    "date": "2008-09-27",
    "symbol": "TSN",
    "reportedCurrency": "USD",
    "cik": "0000100493",
    "fillingDate": "2008-11-20",
    "acceptedDate": "2008-11-20 09:55:28",
    "calendarYear": "2008",
    "period": "Q4",
    "revenue": 7201000000,
    "costOfRevenue": 6844000000,
    "grossProfit": 357000000,
    "grossProfitRatio": 0.0495764477,
    "researchAndDevelopmentExpenses": 0,
    "generalAndAdministrativeExpenses": 0,
    "sellingAndMarketingExpenses": 0,
    "sellingGeneralAndAdministrativeExpenses": 255000000,
    "otherExpenses": -36000000,
    "operatingExpenses": 219000000,
    "costAndExpenses": 7063000000,
    "interestIncome": 0,
    "interestExpense": 0,
    "depreciationAndAmortization": 119000000,
    "ebitda": 257000000,
    "ebitdaratio": 0.0356894876,
    "operatingIncome": 138000000,
    "operatingIncomeRatio": 0.019164005,
    "totalOtherIncomeExpensesNet": -49000000,
    "incomeBeforeTax": 89000000,
    "incomeBeforeTaxRatio": 0.0123593945,
    "incomeTaxExpense": 44000000,
    "netIncome": 48000000,
    "netIncomeRatio": 0.0066657409,
    "eps": 0.16,
    "epsdiluted": 0.13,
    "weightedAverageShsOut": 303000000,
    "weightedAverageShsOutDil": 373000000,
    "link": "https://www.sec.gov/Archives/edgar/data/100493/000010049308000060/0000100493-08-000060-index.htm",
    "finalLink": "https://www.sec.gov/Archives/edgar/data/100493/000010049308000060/form10k_09272008.htm"
  },
  {
    "date": "2008-06-28",
    "symbol": "TSN",
    "reportedCurrency": "USD",
    "cik": "0000100493",
    "fillingDate": "2008-08-01",
    "acceptedDate": "2008-08-01 13:52:06",
    "calendarYear": "2008",
    "period": "Q3",
    "revenue": 6849000000,
    "costOfRevenue": 6590000000,
    "grossProfit": 259000000,
    "grossProfitRatio": 0.0378157395,
    "researchAndDevelopmentExpenses": 0,
    "generalAndAdministrativeExpenses": 0,
    "sellingAndMarketingExpenses": 0,
    "sellingGeneralAndAdministrativeExpenses": 214000000,
    "otherExpenses": 0,
    "operatingExpenses": 214000000,
    "costAndExpenses": 6804000000,
    "interestIncome": 0,
    "interestExpense": 0,
    "depreciationAndAmortization": 123000000,
    "ebitda": 168000000,
    "ebitdaratio": 0.0245291283,
    "operatingIncome": 45000000,
    "operatingIncomeRatio": 0.0065703022,
    "totalOtherIncomeExpensesNet": -47000000,
    "incomeBeforeTax": -2000000,
    "incomeBeforeTaxRatio": -0.0002920134,
    "incomeTaxExpense": 1000000,
    "netIncome": 9000000,
    "netIncomeRatio": 0.0013140604,
    "eps": 0.03,
    "epsdiluted": 0.0243,
    "weightedAverageShsOut": 280000000,
    "weightedAverageShsOutDil": 350000000,
    "link": "https://www.sec.gov/Archives/edgar/data/100493/000010049308000030/0000100493-08-000030-index.htm",
    "finalLink": "https://www.sec.gov/Archives/edgar/data/100493/000010049308000030/form10q_062808.htm"
  },
  {
    "date": "2008-03-29",
    "symbol": "TSN",
    "reportedCurrency": "USD",
    "cik": "0000100493",
    "fillingDate": "2008-05-02",
    "acceptedDate": "2008-05-02 16:15:23",
    "calendarYear": "2008",
    "period": "Q2",
    "revenue": 6612000000,
    "costOfRevenue": 6306000000,
    "grossProfit": 306000000,
    "grossProfitRatio": 0.0462794918,
    "researchAndDevelopmentExpenses": 0,
    "generalAndAdministrativeExpenses": 0,
    "sellingAndMarketingExpenses": 0,
    "sellingGeneralAndAdministrativeExpenses": 232000000,
    "otherExpenses": 30000000,
    "operatingExpenses": 262000000,
    "costAndExpenses": 6568000000,
    "interestIncome": 0,
    "interestExpense": 0,
    "depreciationAndAmortization": 124000000,
    "ebitda": 198000000,
    "ebitdaratio": 0.0299455535,
    "operatingIncome": 44000000,
    "operatingIncomeRatio": 0.0066545675,
    "totalOtherIncomeExpensesNet": -52000000,
    "incomeBeforeTax": -8000000,
    "incomeBeforeTaxRatio": -0.0012099214,
    "incomeTaxExpense": -3000000,
    "netIncome": -5000000,
    "netIncomeRatio": -0.0007562008,
    "eps": -0.0143,
    "epsdiluted": -0.0143,
    "weightedAverageShsOut": 350000000,
    "weightedAverageShsOutDil": 350000000,
    "link": "https://www.sec.gov/Archives/edgar/data/100493/000010049308000018/0000100493-08-000018-index.htm",
    "finalLink": "https://www.sec.gov/Archives/edgar/data/100493/000010049308000018/form10q_0329082.htm"
  },
  {
    "date": "2007-12-29",
    "symbol": "TSN",
    "reportedCurrency": "USD",
    "cik": "0000100493",
    "fillingDate": "2008-02-01",
    "acceptedDate": "2008-02-01 16:22:48",
    "calendarYear": "2008",
    "period": "Q1",
    "revenue": 6766000000,
    "costOfRevenue": 6461000000,
    "grossProfit": 305000000,
    "grossProfitRatio": 0.0450783328,
    "researchAndDevelopmentExpenses": 0,
    "generalAndAdministrativeExpenses": 0,
    "sellingAndMarketingExpenses": 0,
    "sellingGeneralAndAdministrativeExpenses": 215000000,
    "otherExpenses": 6000000,
    "operatingExpenses": 221000000,
    "costAndExpenses": 6682000000,
    "interestIncome": 0,
    "interestExpense": 0,
    "depreciationAndAmortization": 127000000,
    "ebitda": 217000000,
    "ebitdaratio": 0.0320721253,
    "operatingIncome": 84000000,
    "operatingIncomeRatio": 0.0124150163,
    "totalOtherIncomeExpensesNet": -32000000,
    "incomeBeforeTax": 52000000,
    "incomeBeforeTaxRatio": 0.0076854863,
    "incomeTaxExpense": 18000000,
    "netIncome": 34000000,
    "netIncomeRatio": 0.0050251256,
    "eps": 0.1,
    "epsdiluted": 0.1,
    "weightedAverageShsOut": 279000000,
    "weightedAverageShsOutDil": 355000000,
    "link": "https://www.sec.gov/Archives/edgar/data/100493/000010049308000005/0000100493-08-000005-index.htm",
    "finalLink": "https://www.sec.gov/Archives/edgar/data/100493/000010049308000005/form10q_122907.htm"
  },
  {
    "date": "2007-09-29",
    "symbol": "TSN",
    "reportedCurrency": "USD",
    "cik": "0000100493",
    "fillingDate": "2007-11-21",
    "acceptedDate": "2007-11-21 12:28:53",
    "calendarYear": "2007",
    "period": "Q4",
    "revenue": 6883000000,
    "costOfRevenue": 6577000000,
    "grossProfit": 306000000,
    "grossProfitRatio": 0.0444573587,
    "researchAndDevelopmentExpenses": 0,
    "generalAndAdministrativeExpenses": 0,
    "sellingAndMarketingExpenses": 0,
    "sellingGeneralAndAdministrativeExpenses": 204000000,
    "otherExpenses": 0,
    "operatingExpenses": 204000000,
    "costAndExpenses": 6781000000,
    "interestIncome": 0,
    "interestExpense": 0,
    "depreciationAndAmortization": 128000000,
    "ebitda": 230000000,
    "ebitdaratio": 0.0334156618,
    "operatingIncome": 102000000,
    "operatingIncomeRatio": 0.0148191196,
    "totalOtherIncomeExpensesNet": -46000000,
    "incomeBeforeTax": 56000000,
    "incomeBeforeTaxRatio": 0.0081359872,
    "incomeTaxExpense": 24000000,
    "netIncome": 32000000,
    "netIncomeRatio": 0.0046491356,
    "eps": 0.11,
    "epsdiluted": 0.09,
    "weightedAverageShsOut": 279000000,
    "weightedAverageShsOutDil": 355000000,
    "link": "https://www.sec.gov/Archives/edgar/data/100493/000010049307000102/0000100493-07-000102-index.htm",
    "finalLink": "https://www.sec.gov/Archives/edgar/data/100493/000010049307000102/fy07_10k.htm"
  },
  {
    "date": "2007-06-30",
    "symbol": "TSN",
    "reportedCurrency": "USD",
    "cik": "0000100493",
    "fillingDate": "2007-08-08",
    "acceptedDate": "2007-08-08 17:17:08",
    "calendarYear": "2007",
    "period": "Q3",
    "revenue": 6618000000,
    "costOfRevenue": 6190000000,
    "grossProfit": 428000000,
    "grossProfitRatio": 0.0646721064,
    "researchAndDevelopmentExpenses": 0,
    "generalAndAdministrativeExpenses": 0,
    "sellingAndMarketingExpenses": 0,
    "sellingGeneralAndAdministrativeExpenses": 216000000,
    "otherExpenses": 0,
    "operatingExpenses": 216000000,
    "costAndExpenses": 6406000000,
    "interestIncome": 0,
    "interestExpense": 0,
    "depreciationAndAmortization": 130000000,
    "ebitda": 342000000,
    "ebitdaratio": 0.0516772439,
    "operatingIncome": 212000000,
    "operatingIncomeRatio": 0.0320338471,
    "totalOtherIncomeExpensesNet": -46000000,
    "incomeBeforeTax": 166000000,
    "incomeBeforeTaxRatio": 0.0250831067,
    "incomeTaxExpense": 52000000,
    "netIncome": 111000000,
    "netIncomeRatio": 0.0167724388,
    "eps": 0.32,
    "epsdiluted": 0.31,
    "weightedAverageShsOut": 279000000,
    "weightedAverageShsOutDil": 356000000,
    "link": "https://www.sec.gov/Archives/edgar/data/100493/000010049307000064/0000100493-07-000064-index.htm",
    "finalLink": "https://www.sec.gov/Archives/edgar/data/100493/000010049307000064/form10q_063007.htm"
  },
  {
    "date": "2007-03-31",
    "symbol": "TSN",
    "reportedCurrency": "USD",
    "cik": "0000100493",
    "fillingDate": "2007-05-09",
    "acceptedDate": "2007-05-09 17:14:06",
    "calendarYear": "2007",
    "period": "Q2",
    "revenue": 6501000000,
    "costOfRevenue": 6138000000,
    "grossProfit": 363000000,
    "grossProfitRatio": 0.0558375635,
    "researchAndDevelopmentExpenses": 0,
    "generalAndAdministrativeExpenses": 0,
    "sellingAndMarketingExpenses": 0,
    "sellingGeneralAndAdministrativeExpenses": 205000000,
    "otherExpenses": 0,
    "operatingExpenses": 205000000,
    "costAndExpenses": 6343000000,
    "interestIncome": 0,
    "interestExpense": 0,
    "depreciationAndAmortization": 128000000,
    "ebitda": 286000000,
    "ebitdaratio": 0.0439932318,
    "operatingIncome": 158000000,
    "operatingIncomeRatio": 0.0243039532,
    "totalOtherIncomeExpensesNet": -51000000,
    "incomeBeforeTax": 107000000,
    "incomeBeforeTaxRatio": 0.0164590063,
    "incomeTaxExpense": 39000000,
    "netIncome": 68000000,
    "netIncomeRatio": 0.0104599292,
    "eps": 0.2,
    "epsdiluted": 0.19,
    "weightedAverageShsOut": 271000000,
    "weightedAverageShsOutDil": 354000000,
    "link": "https://www.sec.gov/Archives/edgar/data/100493/000010049307000049/0000100493-07-000049-index.htm",
    "finalLink": "https://www.sec.gov/Archives/edgar/data/100493/000010049307000049/form10q_033107.htm"
  },
  {
    "date": "2006-12-30",
    "symbol": "TSN",
    "reportedCurrency": "USD",
    "cik": "0000100493",
    "fillingDate": "2007-02-08",
    "acceptedDate": "2007-02-08 14:21:24",
    "calendarYear": "2007",
    "period": "Q1",
    "revenue": 6558000000,
    "costOfRevenue": 6221000000,
    "grossProfit": 337000000,
    "grossProfitRatio": 0.0513876182,
    "researchAndDevelopmentExpenses": 0,
    "generalAndAdministrativeExpenses": 0,
    "sellingAndMarketingExpenses": 0,
    "sellingGeneralAndAdministrativeExpenses": 190000000,
    "otherExpenses": 2000000,
    "operatingExpenses": 192000000,
    "costAndExpenses": 6413000000,
    "interestIncome": 0,
    "interestExpense": 0,
    "depreciationAndAmortization": 128000000,
    "ebitda": 273000000,
    "ebitdaratio": 0.0416285453,
    "operatingIncome": 145000000,
    "operatingIncomeRatio": 0.0221103995,
    "totalOtherIncomeExpensesNet": -59000000,
    "incomeBeforeTax": 86000000,
    "incomeBeforeTaxRatio": 0.0131137542,
    "incomeTaxExpense": 29000000,
    "netIncome": 57000000,
    "netIncomeRatio": 0.0086916743,
    "eps": 0.17,
    "epsdiluted": 0.16,
    "weightedAverageShsOut": 264000000,
    "weightedAverageShsOutDil": 353000000,
    "link": "https://www.sec.gov/Archives/edgar/data/100493/000010049307000013/0000100493-07-000013-index.htm",
    "finalLink": "https://www.sec.gov/Archives/edgar/data/100493/000010049307000013/form10q_123006.htm"
  },
  {
    "date": "2006-09-30",
    "symbol": "TSN",
    "reportedCurrency": "USD",
    "cik": "0000100493",
    "fillingDate": "2006-12-13",
    "acceptedDate": "2006-12-13 17:02:26",
    "calendarYear": "2006",
    "period": "Q4",
    "revenue": 6471000000,
    "costOfRevenue": 6243000000,
    "grossProfit": 228000000,
    "grossProfitRatio": 0.0352341215,
    "researchAndDevelopmentExpenses": 0,
    "generalAndAdministrativeExpenses": 0,
    "sellingAndMarketingExpenses": 0,
    "sellingGeneralAndAdministrativeExpenses": 235000000,
    "otherExpenses": 13000000,
    "operatingExpenses": 248000000,
    "costAndExpenses": 6491000000,
    "interestIncome": 0,
    "interestExpense": 0,
    "depreciationAndAmortization": 134000000,
    "ebitda": 114000000,
    "ebitdaratio": 0.0176170607,
    "operatingIncome": -20000000,
    "operatingIncomeRatio": -0.0030907124,
    "totalOtherIncomeExpensesNet": -57000000,
    "incomeBeforeTax": -77000000,
    "incomeBeforeTaxRatio": -0.0118992428,
    "incomeTaxExpense": -26000000,
    "netIncome": -56000000,
    "netIncomeRatio": -0.0086539947,
    "eps": -0.21,
    "epsdiluted": -0.16,
    "weightedAverageShsOut": 264000000,
    "weightedAverageShsOutDil": 353000000,
    "link": "https://www.sec.gov/Archives/edgar/data/100493/000010049306000110/0000100493-06-000110-index.htm",
    "finalLink": "https://www.sec.gov/Archives/edgar/data/100493/000010049306000110/form10k_093006.htm"
  },
  {
    "date": "2006-07-01",
    "symbol": "TSN",
    "reportedCurrency": "USD",
    "cik": "0000100493",
    "fillingDate": "2006-08-10",
    "acceptedDate": "2006-08-10 16:35:16",
    "calendarYear": "2006",
    "period": "Q3",
    "revenue": 6383000000,
    "costOfRevenue": 6180000000,
    "grossProfit": 203000000,
    "grossProfitRatio": 0.0318032273,
    "researchAndDevelopmentExpenses": 0,
    "generalAndAdministrativeExpenses": 0,
    "sellingAndMarketingExpenses": 0,
    "sellingGeneralAndAdministrativeExpenses": 230000000,
    "otherExpenses": -2000000,
    "operatingExpenses": 228000000,
    "costAndExpenses": 6408000000,
    "interestIncome": 0,
    "interestExpense": 0,
    "depreciationAndAmortization": 130000000,
    "ebitda": 105000000,
    "ebitdaratio": 0.0164499452,
    "operatingIncome": -25000000,
    "operatingIncomeRatio": -0.0039166536,
    "totalOtherIncomeExpensesNet": -51000000,
    "incomeBeforeTax": -76000000,
    "incomeBeforeTaxRatio": -0.011906627,
    "incomeTaxExpense": -24000000,
    "netIncome": -52000000,
    "netIncomeRatio": -0.0081466395,
    "eps": -0.21,
    "epsdiluted": -0.15,
    "weightedAverageShsOut": 249000000,
    "weightedAverageShsOutDil": 345000000,
    "link": "https://www.sec.gov/Archives/edgar/data/100493/000010049306000068/0000100493-06-000068-index.htm",
    "finalLink": "https://www.sec.gov/Archives/edgar/data/100493/000010049306000068/form10q_070106.htm"
  },
  {
    "date": "2006-04-01",
    "symbol": "TSN",
    "reportedCurrency": "USD",
    "cik": "0000100493",
    "fillingDate": "2006-05-11",
    "acceptedDate": "2006-05-11 16:10:10",
    "calendarYear": "2006",
    "period": "Q2",
    "revenue": 6251000000,
    "costOfRevenue": 6098000000,
    "grossProfit": 153000000,
    "grossProfitRatio": 0.0244760838,
    "researchAndDevelopmentExpenses": 0,
    "generalAndAdministrativeExpenses": 0,
    "sellingAndMarketingExpenses": 0,
    "sellingGeneralAndAdministrativeExpenses": 236000000,
    "otherExpenses": 59000000,
    "operatingExpenses": 295000000,
    "costAndExpenses": 6393000000,
    "interestIncome": 0,
    "interestExpense": 0,
    "depreciationAndAmortization": 128000000,
    "ebitda": 45000000,
    "ebitdaratio": 0.0071988482,
    "operatingIncome": -142000000,
    "operatingIncomeRatio": -0.0227163654,
    "totalOtherIncomeExpensesNet": -58000000,
    "incomeBeforeTax": -200000000,
    "incomeBeforeTaxRatio": -0.0319948808,
    "incomeTaxExpense": -73000000,
    "netIncome": -127000000,
    "netIncomeRatio": -0.0203167493,
    "eps": -0.49,
    "epsdiluted": -0.37,
    "weightedAverageShsOut": 246000000,
    "weightedAverageShsOutDil": 346000000,
    "link": "https://www.sec.gov/Archives/edgar/data/100493/000010049306000036/0000100493-06-000036-index.htm",
    "finalLink": "https://www.sec.gov/Archives/edgar/data/100493/000010049306000036/form10q_040106.htm"
  },
  {
    "date": "2005-12-31",
    "symbol": "TSN",
    "reportedCurrency": "USD",
    "cik": "0000100493",
    "fillingDate": "2006-05-19",
    "acceptedDate": "2006-05-19 16:20:43",
    "calendarYear": "2006",
    "period": "Q1",
    "revenue": 6454000000,
    "costOfRevenue": 6110000000,
    "grossProfit": 344000000,
    "grossProfitRatio": 0.0533002789,
    "researchAndDevelopmentExpenses": 0,
    "generalAndAdministrativeExpenses": 0,
    "sellingAndMarketingExpenses": 0,
    "sellingGeneralAndAdministrativeExpenses": 234000000,
    "otherExpenses": 0,
    "operatingExpenses": 234000000,
    "costAndExpenses": 6344000000,
    "interestIncome": 0,
    "interestExpense": 0,
    "depreciationAndAmortization": 125000000,
    "ebitda": 231000000,
    "ebitdaratio": 0.035791757,
    "operatingIncome": 110000000,
    "operatingIncomeRatio": 0.0170436938,
    "totalOtherIncomeExpensesNet": -50000000,
    "incomeBeforeTax": 60000000,
    "incomeBeforeTaxRatio": 0.0092965603,
    "incomeTaxExpense": 21000000,
    "netIncome": 39000000,
    "netIncomeRatio": 0.0060427642,
    "eps": 0.12,
    "epsdiluted": 0.11,
    "weightedAverageShsOut": 243000000,
    "weightedAverageShsOutDil": 358000000,
    "link": "https://www.sec.gov/Archives/edgar/data/100493/000010049306000041/0000100493-06-000041-index.htm",
    "finalLink": "https://www.sec.gov/Archives/edgar/data/100493/000010049306000041/form10qa_123105.htm"
  },
  {
    "date": "2005-10-01",
    "symbol": "TSN",
    "reportedCurrency": "USD",
    "cik": "0000100493",
    "fillingDate": "2005-12-12",
    "acceptedDate": "2005-12-12 17:31:20",
    "calendarYear": "2005",
    "period": "Q4",
    "revenue": 6495000000,
    "costOfRevenue": 6066000000,
    "grossProfit": 429000000,
    "grossProfitRatio": 0.0660508083,
    "researchAndDevelopmentExpenses": 0,
    "generalAndAdministrativeExpenses": 0,
    "sellingAndMarketingExpenses": 0,
    "sellingGeneralAndAdministrativeExpenses": 240000000,
    "otherExpenses": -1000000,
    "operatingExpenses": 239000000,
    "costAndExpenses": 6305000000,
    "interestIncome": 0,
    "interestExpense": 0,
    "depreciationAndAmortization": 124000000,
    "ebitda": 314000000,
    "ebitdaratio": 0.0483448807,
    "operatingIncome": 190000000,
    "operatingIncomeRatio": 0.0292532717,
    "totalOtherIncomeExpensesNet": -59000000,
    "incomeBeforeTax": 131000000,
    "incomeBeforeTaxRatio": 0.020169361,
    "incomeTaxExpense": 33000000,
    "netIncome": 98000000,
    "netIncomeRatio": 0.0150885296,
    "eps": 0.4,
    "epsdiluted": 0.27,
    "weightedAverageShsOut": 243000000,
    "weightedAverageShsOutDil": 358000000,
    "link": "https://www.sec.gov/Archives/edgar/data/100493/000010049305000077/0000100493-05-000077-index.htm",
    "finalLink": "https://www.sec.gov/Archives/edgar/data/100493/000010049305000077/form10k_100105.htm"
  },
  {
    "date": "2005-07-02",
    "symbol": "TSN",
    "reportedCurrency": "USD",
    "cik": "0000100493",
    "fillingDate": "2005-08-11",
    "acceptedDate": "2005-08-11 15:23:07",
    "calendarYear": "2005",
    "period": "Q3",
    "revenue": 6708000000,
    "costOfRevenue": 6189000000,
    "grossProfit": 519000000,
    "grossProfitRatio": 0.0773703041,
    "researchAndDevelopmentExpenses": 0,
    "generalAndAdministrativeExpenses": 0,
    "sellingAndMarketingExpenses": 0,
    "sellingGeneralAndAdministrativeExpenses": 220000000,
    "otherExpenses": 43000000,
    "operatingExpenses": 263000000,
    "costAndExpenses": 6452000000,
    "interestIncome": 0,
    "interestExpense": 0,
    "depreciationAndAmortization": 126000000,
    "ebitda": 382000000,
    "ebitdaratio": 0.056946929,
    "operatingIncome": 256000000,
    "operatingIncomeRatio": 0.038163387,
    "totalOtherIncomeExpensesNet": -55000000,
    "incomeBeforeTax": 201000000,
    "incomeBeforeTaxRatio": 0.0299642218,
    "incomeTaxExpense": 70000000,
    "netIncome": 131000000,
    "netIncomeRatio": 0.0195289207,
    "eps": 0.39,
    "epsdiluted": 0.42,
    "weightedAverageShsOut": 243000000,
    "weightedAverageShsOutDil": 358000000,
    "link": "https://www.sec.gov/Archives/edgar/data/100493/000010049305000036/0000100493-05-000036-index.htm",
    "finalLink": "https://www.sec.gov/Archives/edgar/data/100493/000010049305000036/form10q_070205final.htm"
  },
  {
    "date": "2005-03-31",
    "symbol": "TSN",
    "reportedCurrency": "USD",
    "cik": "0000100493",
    "fillingDate": "2005-03-31",
    "acceptedDate": "2005-03-30 19:00:00",
    "calendarYear": "2005",
    "period": "Q2",
    "revenue": 6359000000,
    "costOfRevenue": 5945000000,
    "grossProfit": 414000000,
    "grossProfitRatio": 0.0651045762,
    "researchAndDevelopmentExpenses": 0,
    "generalAndAdministrativeExpenses": 0,
    "sellingAndMarketingExpenses": 0,
    "sellingGeneralAndAdministrativeExpenses": 237000000,
    "otherExpenses": 2000000,
    "operatingExpenses": 239000000,
    "costAndExpenses": 6184000000,
    "interestIncome": 0,
    "interestExpense": 0,
    "depreciationAndAmortization": 125000000,
    "ebitda": 302000000,
    "ebitdaratio": 0.047491744,
    "operatingIncome": 175000000,
    "operatingIncomeRatio": 0.0275200503,
    "totalOtherIncomeExpensesNet": -55000000,
    "incomeBeforeTax": 120000000,
    "incomeBeforeTaxRatio": 0.0188708916,
    "incomeTaxExpense": 44000000,
    "netIncome": 76000000,
    "netIncomeRatio": 0.0119515647,
    "eps": 0.22,
    "epsdiluted": 0.21,
    "weightedAverageShsOut": 242500000,
    "weightedAverageShsOutDil": 357000000,
    "link": "",
    "finalLink": ""
  },
  {
    "date": "2004-12-31",
    "symbol": "TSN",
    "reportedCurrency": "USD",
    "cik": "0000100493",
    "fillingDate": "2004-12-31",
    "acceptedDate": "2004-12-30 19:00:00",
    "calendarYear": "2005",
    "period": "Q1",
    "revenue": 6452000000,
    "costOfRevenue": 6089000000,
    "grossProfit": 363000000,
    "grossProfitRatio": 0.0562616243,
    "researchAndDevelopmentExpenses": 0,
    "generalAndAdministrativeExpenses": 0,
    "sellingAndMarketingExpenses": 0,
    "sellingGeneralAndAdministrativeExpenses": 231000000,
    "otherExpenses": 3000000,
    "operatingExpenses": 234000000,
    "costAndExpenses": 6323000000,
    "interestIncome": 0,
    "interestExpense": 0,
    "depreciationAndAmortization": 126000000,
    "ebitda": 255000000,
    "ebitdaratio": 0.0395226286,
    "operatingIncome": 129000000,
    "operatingIncomeRatio": 0.0199938004,
    "totalOtherIncomeExpensesNet": -53000000,
    "incomeBeforeTax": 76000000,
    "incomeBeforeTaxRatio": 0.0117792932,
    "incomeTaxExpense": 28000000,
    "netIncome": 48000000,
    "netIncomeRatio": 0.0074395536,
    "eps": 0.14,
    "epsdiluted": 0.14,
    "weightedAverageShsOut": 242000000,
    "weightedAverageShsOutDil": 356000000,
    "link": "",
    "finalLink": ""
  },
  {
    "date": "2004-09-30",
    "symbol": "TSN",
    "reportedCurrency": "USD",
    "cik": "0000100493",
    "fillingDate": "2004-09-30",
    "acceptedDate": "2004-09-29 20:00:00",
    "calendarYear": "2004",
    "period": "Q4",
    "revenue": 7149000000,
    "costOfRevenue": 6687000000,
    "grossProfit": 462000000,
    "grossProfitRatio": 0.064624423,
    "researchAndDevelopmentExpenses": 0,
    "generalAndAdministrativeExpenses": 0,
    "sellingAndMarketingExpenses": 0,
    "sellingGeneralAndAdministrativeExpenses": 238000000,
    "otherExpenses": 46000000,
    "operatingExpenses": 284000000,
    "costAndExpenses": 6971000000,
    "interestIncome": 0,
    "interestExpense": 0,
    "depreciationAndAmortization": 131000000,
    "ebitda": 309000000,
    "ebitdaratio": 0.0432228284,
    "operatingIncome": 178000000,
    "operatingIncomeRatio": 0.0248985872,
    "totalOtherIncomeExpensesNet": -78000000,
    "incomeBeforeTax": 100000000,
    "incomeBeforeTaxRatio": 0.0139879703,
    "incomeTaxExpense": 34000000,
    "netIncome": 66000000,
    "netIncomeRatio": 0.0092320604,
    "eps": 0.27,
    "epsdiluted": 0.19,
    "weightedAverageShsOut": 242000000,
    "weightedAverageShsOutDil": 356000000,
    "link": "",
    "finalLink": ""
  },
  {
    "date": "2004-06-26",
    "symbol": "TSN",
    "reportedCurrency": "USD",
    "cik": "0000100493",
    "fillingDate": "2004-08-03",
    "acceptedDate": "2004-08-03 17:25:46",
    "calendarYear": "2004",
    "period": "Q3",
    "revenue": 6634000000,
    "costOfRevenue": 6084000000,
    "grossProfit": 550000000,
    "grossProfitRatio": 0.0829062406,
    "researchAndDevelopmentExpenses": 0,
    "generalAndAdministrativeExpenses": 0,
    "sellingAndMarketingExpenses": 0,
    "sellingGeneralAndAdministrativeExpenses": 226000000,
    "otherExpenses": 1000000,
    "operatingExpenses": 227000000,
    "costAndExpenses": 6311000000,
    "interestIncome": 0,
    "interestExpense": 0,
    "depreciationAndAmortization": 121000000,
    "ebitda": 444000000,
    "ebitdaratio": 0.0669279469,
    "operatingIncome": 323000000,
    "operatingIncomeRatio": 0.048688574,
    "totalOtherIncomeExpensesNet": -65000000,
    "incomeBeforeTax": 258000000,
    "incomeBeforeTaxRatio": 0.0388905638,
    "incomeTaxExpense": 97000000,
    "netIncome": 161000000,
    "netIncomeRatio": 0.0242689177,
    "eps": 0.46,
    "epsdiluted": 0.45,
    "weightedAverageShsOut": 345000000,
    "weightedAverageShsOutDil": 358000000,
    "link": "https://www.sec.gov/Archives/edgar/data/100493/000010049304000047/0000100493-04-000047-index.htm",
    "finalLink": "https://www.sec.gov/Archives/edgar/data/100493/000010049304000047/form10q_0626042.htm"
  },
  {
    "date": "2004-03-27",
    "symbol": "TSN",
    "reportedCurrency": "USD",
    "cik": "0000100493",
    "fillingDate": "2004-05-10",
    "acceptedDate": "2004-05-10 16:29:30",
    "calendarYear": "2004",
    "period": "Q2",
    "revenue": 6153000000,
    "costOfRevenue": 5668000000,
    "grossProfit": 485000000,
    "grossProfitRatio": 0.0788233382,
    "researchAndDevelopmentExpenses": 0,
    "generalAndAdministrativeExpenses": 0,
    "sellingAndMarketingExpenses": 0,
    "sellingGeneralAndAdministrativeExpenses": 208000000,
    "otherExpenses": 14000000,
    "operatingExpenses": 222000000,
    "costAndExpenses": 5890000000,
    "interestIncome": 0,
    "interestExpense": 0,
    "depreciationAndAmortization": 119000000,
    "ebitda": 382000000,
    "ebitdaratio": 0.0620835365,
    "operatingIncome": 263000000,
    "operatingIncomeRatio": 0.0427433772,
    "totalOtherIncomeExpensesNet": -75000000,
    "incomeBeforeTax": 188000000,
    "incomeBeforeTaxRatio": 0.0305542012,
    "incomeTaxExpense": 69000000,
    "netIncome": 119000000,
    "netIncomeRatio": 0.0193401593,
    "eps": 0.34,
    "epsdiluted": 0.33,
    "weightedAverageShsOut": 345000000,
    "weightedAverageShsOutDil": 356000000,
    "link": "https://www.sec.gov/Archives/edgar/data/100493/000010049304000031/0000100493-04-000031-index.htm",
    "finalLink": "https://www.sec.gov/Archives/edgar/data/100493/000010049304000031/form10q1.htm"
  },
  {
    "date": "2003-12-27",
    "symbol": "TSN",
    "reportedCurrency": "USD",
    "cik": "0000100493",
    "fillingDate": "2004-02-09",
    "acceptedDate": "2004-02-09 12:52:48",
    "calendarYear": "2004",
    "period": "Q1",
    "revenue": 6505000000,
    "costOfRevenue": 6111000000,
    "grossProfit": 394000000,
    "grossProfitRatio": 0.0605687932,
    "researchAndDevelopmentExpenses": 0,
    "generalAndAdministrativeExpenses": 0,
    "sellingAndMarketingExpenses": 0,
    "sellingGeneralAndAdministrativeExpenses": 208000000,
    "otherExpenses": 25000000,
    "operatingExpenses": 233000000,
    "costAndExpenses": 6344000000,
    "interestIncome": 0,
    "interestExpense": 0,
    "depreciationAndAmortization": 119000000,
    "ebitda": 280000000,
    "ebitdaratio": 0.0430438125,
    "operatingIncome": 161000000,
    "operatingIncomeRatio": 0.0247501922,
    "totalOtherIncomeExpensesNet": -72000000,
    "incomeBeforeTax": 89000000,
    "incomeBeforeTaxRatio": 0.0136817832,
    "incomeTaxExpense": 32000000,
    "netIncome": 57000000,
    "netIncomeRatio": 0.0087624904,
    "eps": 0.17,
    "epsdiluted": 0.16,
    "weightedAverageShsOut": 345000000,
    "weightedAverageShsOutDil": 356000000,
    "link": "https://www.sec.gov/Archives/edgar/data/100493/000010049304000014/0000100493-04-000014-index.htm",
    "finalLink": "https://www.sec.gov/Archives/edgar/data/100493/000010049304000014/form10q_122703.htm"
  },
  {
    "date": "2003-09-27",
    "symbol": "TSN",
    "reportedCurrency": "USD",
    "cik": "0000100493",
    "fillingDate": "2003-12-16",
    "acceptedDate": "2003-12-16 17:15:13",
    "calendarYear": "2003",
    "period": "Q4",
    "revenue": 6572000000,
    "costOfRevenue": 6046000000,
    "grossProfit": 526000000,
    "grossProfitRatio": 0.0800365186,
    "researchAndDevelopmentExpenses": 0,
    "generalAndAdministrativeExpenses": 0,
    "sellingAndMarketingExpenses": 0,
    "sellingGeneralAndAdministrativeExpenses": 208000000,
    "otherExpenses": 10000000,
    "operatingExpenses": 218000000,
    "costAndExpenses": 6264000000,
    "interestIncome": 0,
    "interestExpense": 0,
    "depreciationAndAmortization": 120000000,
    "ebitda": 428000000,
    "ebitdaratio": 0.0651247718,
    "operatingIncome": 308000000,
    "operatingIncomeRatio": 0.04686549,
    "totalOtherIncomeExpensesNet": -80000000,
    "incomeBeforeTax": 228000000,
    "incomeBeforeTaxRatio": 0.0346926354,
    "incomeTaxExpense": 81000000,
    "netIncome": 147000000,
    "netIncomeRatio": 0.0223676202,
    "eps": 0.43,
    "epsdiluted": 0.41,
    "weightedAverageShsOut": 345000000,
    "weightedAverageShsOutDil": 356000000,
    "link": "https://www.sec.gov/Archives/edgar/data/100493/000010049303000064/0000100493-03-000064-index.htm",
    "finalLink": "https://www.sec.gov/Archives/edgar/data/100493/000010049303000064/form10k_92703final.htm"
  },
  {
    "date": "2003-06-28",
    "symbol": "TSN",
    "reportedCurrency": "USD",
    "cik": "0000100493",
    "fillingDate": "2003-08-12",
    "acceptedDate": "2003-08-12 16:33:13",
    "calendarYear": "2003",
    "period": "Q3",
    "revenue": 6330000000,
    "costOfRevenue": 5892000000,
    "grossProfit": 438000000,
    "grossProfitRatio": 0.0691943128,
    "researchAndDevelopmentExpenses": 0,
    "generalAndAdministrativeExpenses": 0,
    "sellingAndMarketingExpenses": 0,
    "sellingGeneralAndAdministrativeExpenses": 218000000,
    "otherExpenses": 19000000,
    "operatingExpenses": 237000000,
    "costAndExpenses": 6129000000,
    "interestIncome": 0,
    "interestExpense": 0,
    "depreciationAndAmortization": 110000000,
    "ebitda": 311000000,
    "ebitdaratio": 0.0491311216,
    "operatingIncome": 201000000,
    "operatingIncomeRatio": 0.0317535545,
    "totalOtherIncomeExpensesNet": -78000000,
    "incomeBeforeTax": 123000000,
    "incomeBeforeTaxRatio": 0.0194312796,
    "incomeTaxExpense": 44000000,
    "netIncome": 79000000,
    "netIncomeRatio": 0.0124802528,
    "eps": 0.23,
    "epsdiluted": 0.23,
    "weightedAverageShsOut": 345000000,
    "weightedAverageShsOutDil": 351000000,
    "link": "https://www.sec.gov/Archives/edgar/data/100493/000010049303000032/0000100493-03-000032-index.htm",
    "finalLink": "https://www.sec.gov/Archives/edgar/data/100493/000010049303000032/form10q_62803.htm"
  },
  {
    "date": "2003-03-29",
    "symbol": "TSN",
    "reportedCurrency": "USD",
    "cik": "0000100493",
    "fillingDate": "2003-05-13",
    "acceptedDate": "2003-05-13 09:43:38",
    "calendarYear": "2003",
    "period": "Q2",
    "revenue": 5845000000,
    "costOfRevenue": 5465000000,
    "grossProfit": 380000000,
    "grossProfitRatio": 0.0650128315,
    "researchAndDevelopmentExpenses": 0,
    "generalAndAdministrativeExpenses": 0,
    "sellingAndMarketingExpenses": 0,
    "sellingGeneralAndAdministrativeExpenses": 197000000,
    "otherExpenses": 0,
    "operatingExpenses": 197000000,
    "costAndExpenses": 5662000000,
    "interestIncome": 0,
    "interestExpense": 0,
    "depreciationAndAmortization": 112000000,
    "ebitda": 295000000,
    "ebitdaratio": 0.0504704876,
    "operatingIncome": 183000000,
    "operatingIncomeRatio": 0.0313088109,
    "totalOtherIncomeExpensesNet": -72000000,
    "incomeBeforeTax": 111000000,
    "incomeBeforeTaxRatio": 0.0189905902,
    "incomeTaxExpense": 39000000,
    "netIncome": 72000000,
    "netIncomeRatio": 0.0123182207,
    "eps": 0.21,
    "epsdiluted": 0.2,
    "weightedAverageShsOut": 346000000,
    "weightedAverageShsOutDil": 352000000,
    "link": "https://www.sec.gov/Archives/edgar/data/100493/000010049303000013/0000100493-03-000013-index.htm",
    "finalLink": "https://www.sec.gov/Archives/edgar/data/100493/000010049303000013/form10q_32903.htm"
  },
  {
    "date": "2002-12-28",
    "symbol": "TSN",
    "reportedCurrency": "USD",
    "cik": "0000100493",
    "fillingDate": "2003-02-03",
    "acceptedDate": "2003-01-31 17:42:50",
    "calendarYear": "2003",
    "period": "Q1",
    "revenue": 5802000000,
    "costOfRevenue": 5402000000,
    "grossProfit": 400000000,
    "grossProfitRatio": 0.0689417442,
    "researchAndDevelopmentExpenses": 0,
    "generalAndAdministrativeExpenses": 0,
    "sellingAndMarketingExpenses": 0,
    "sellingGeneralAndAdministrativeExpenses": 208000000,
    "otherExpenses": 47000000,
    "operatingExpenses": 255000000,
    "costAndExpenses": 5657000000,
    "interestIncome": 0,
    "interestExpense": 0,
    "depreciationAndAmortization": 116000000,
    "ebitda": 261000000,
    "ebitdaratio": 0.0449844881,
    "operatingIncome": 145000000,
    "operatingIncomeRatio": 0.0249913823,
    "totalOtherIncomeExpensesNet": -84000000,
    "incomeBeforeTax": 61000000,
    "incomeBeforeTaxRatio": 0.010513616,
    "incomeTaxExpense": 22000000,
    "netIncome": 39000000,
    "netIncomeRatio": 0.0067218201,
    "eps": 0.11,
    "epsdiluted": 0.11,
    "weightedAverageShsOut": 347000000,
    "weightedAverageShsOutDil": 354000000,
    "link": "https://www.sec.gov/Archives/edgar/data/100493/000010049303000006/0000100493-03-000006-index.htm",
    "finalLink": "https://www.sec.gov/Archives/edgar/data/100493/000010049303000006/form10q_122802.htm"
  },
  {
    "date": "2002-09-28",
    "symbol": "TSN",
    "reportedCurrency": "USD",
    "cik": "0000100493",
    "fillingDate": "2002-11-27",
    "acceptedDate": "2002-11-27 17:20:16",
    "calendarYear": "2002",
    "period": "Q4",
    "revenue": 5761000000,
    "costOfRevenue": 5315000000,
    "grossProfit": 446000000,
    "grossProfitRatio": 0.0774171151,
    "researchAndDevelopmentExpenses": 0,
    "generalAndAdministrativeExpenses": 0,
    "sellingAndMarketingExpenses": 0,
    "sellingGeneralAndAdministrativeExpenses": 205000000,
    "otherExpenses": 53000000,
    "operatingExpenses": 258000000,
    "costAndExpenses": 5573000000,
    "interestIncome": 0,
    "interestExpense": 0,
    "depreciationAndAmortization": 111000000,
    "ebitda": 299000000,
    "ebitdaratio": 0.0519007117,
    "operatingIncome": 188000000,
    "operatingIncomeRatio": 0.0326332234,
    "totalOtherIncomeExpensesNet": -59000000,
    "incomeBeforeTax": 129000000,
    "incomeBeforeTaxRatio": 0.0223919458,
    "incomeTaxExpense": 45000000,
    "netIncome": 84000000,
    "netIncomeRatio": 0.0145808019,
    "eps": 0.24,
    "epsdiluted": 0.24,
    "weightedAverageShsOut": 347000000,
    "weightedAverageShsOutDil": 354000000,
    "link": "https://www.sec.gov/Archives/edgar/data/100493/000010049302000026/0000100493-02-000026-index.htm",
    "finalLink": "https://www.sec.gov/Archives/edgar/data/100493/000010049302000026/form10k_92802.htm"
  },
  {
    "date": "2002-06-29",
    "symbol": "TSN",
    "reportedCurrency": "USD",
    "cik": "0000100493",
    "fillingDate": "2002-07-30",
    "acceptedDate": "2002-07-30 17:26:08",
    "calendarYear": "2002",
    "period": "Q3",
    "revenue": 5902000000,
    "costOfRevenue": 5438000000,
    "grossProfit": 464000000,
    "grossProfitRatio": 0.0786174178,
    "researchAndDevelopmentExpenses": 0,
    "generalAndAdministrativeExpenses": 0,
    "sellingAndMarketingExpenses": 0,
    "sellingGeneralAndAdministrativeExpenses": 217000000,
    "otherExpenses": 0,
    "operatingExpenses": 217000000,
    "costAndExpenses": 5655000000,
    "interestIncome": 0,
    "interestExpense": 0,
    "depreciationAndAmortization": 124000000,
    "ebitda": 371000000,
    "ebitdaratio": 0.0628600474,
    "operatingIncome": 247000000,
    "operatingIncomeRatio": 0.0418502203,
    "totalOtherIncomeExpensesNet": -80000000,
    "incomeBeforeTax": 167000000,
    "incomeBeforeTaxRatio": 0.0282954931,
    "incomeTaxExpense": 60000000,
    "netIncome": 107000000,
    "netIncomeRatio": 0.0181294476,
    "eps": 0.31,
    "epsdiluted": 0.3,
    "weightedAverageShsOut": 348000000,
    "weightedAverageShsOutDil": 355000000,
    "link": "https://www.sec.gov/Archives/edgar/data/100493/000010049302000021/0000100493-02-000021-index.htm",
    "finalLink": "https://www.sec.gov/Archives/edgar/data/100493/000010049302000021/form10q_062902.htm"
  },
  {
    "date": "2002-03-30",
    "symbol": "TSN",
    "reportedCurrency": "USD",
    "cik": "0000100493",
    "fillingDate": "2002-04-30",
    "acceptedDate": "2002-04-30 16:19:29",
    "calendarYear": "2002",
    "period": "Q2",
    "revenue": 5839000000,
    "costOfRevenue": 5442000000,
    "grossProfit": 397000000,
    "grossProfitRatio": 0.0679910944,
    "researchAndDevelopmentExpenses": 0,
    "generalAndAdministrativeExpenses": 0,
    "sellingAndMarketingExpenses": 0,
    "sellingGeneralAndAdministrativeExpenses": 218000000,
    "otherExpenses": 0,
    "operatingExpenses": 218000000,
    "costAndExpenses": 5660000000,
    "interestIncome": 0,
    "interestExpense": 0,
    "depreciationAndAmortization": 115000000,
    "ebitda": 294000000,
    "ebitdaratio": 0.0503510875,
    "operatingIncome": 179000000,
    "operatingIncomeRatio": 0.0306559342,
    "totalOtherIncomeExpensesNet": -76000000,
    "incomeBeforeTax": 103000000,
    "incomeBeforeTaxRatio": 0.0176400069,
    "incomeTaxExpense": 38000000,
    "netIncome": 65000000,
    "netIncomeRatio": 0.0111320432,
    "eps": 0.19,
    "epsdiluted": 0.18,
    "weightedAverageShsOut": 348000000,
    "weightedAverageShsOutDil": 355000000,
    "link": "https://www.sec.gov/Archives/edgar/data/100493/000010049302000019/0000100493-02-000019-index.htm",
    "finalLink": "https://www.sec.gov/Archives/edgar/data/100493/000010049302000019/form10q_033002final.htm"
  },
  {
    "date": "2001-12-29",
    "symbol": "TSN",
    "reportedCurrency": "USD",
    "cik": "0000100493",
    "fillingDate": "2002-01-30",
    "acceptedDate": "2002-01-30 00:00:00",
    "calendarYear": "2002",
    "period": "Q1",
    "revenue": 5865000000,
    "costOfRevenue": 5355000000,
    "grossProfit": 510000000,
    "grossProfitRatio": 0.0869565217,
    "researchAndDevelopmentExpenses": 0,
    "generalAndAdministrativeExpenses": 0,
    "sellingAndMarketingExpenses": 0,
    "sellingGeneralAndAdministrativeExpenses": 237000000,
    "otherExpenses": 0,
    "operatingExpenses": 237000000,
    "costAndExpenses": 5592000000,
    "interestIncome": 0,
    "interestExpense": 0,
    "depreciationAndAmortization": 117000000,
    "ebitda": 390000000,
    "ebitdaratio": 0.0664961637,
    "operatingIncome": 273000000,
    "operatingIncomeRatio": 0.0465473146,
    "totalOtherIncomeExpensesNet": -79000000,
    "incomeBeforeTax": 194000000,
    "incomeBeforeTaxRatio": 0.0330775789,
    "incomeTaxExpense": 67000000,
    "netIncome": 127000000,
    "netIncomeRatio": 0.0216538789,
    "eps": 0.36,
    "epsdiluted": 0.36,
    "weightedAverageShsOut": 348000000,
    "weightedAverageShsOutDil": 355000000,
    "link": "https://www.sec.gov/Archives/edgar/data/100493/000010049302000005/0000100493-02-000005-index.htm",
    "finalLink": "https://www.sec.gov/Archives/edgar/data/100493/000010049302000005/form10q_122901.htm"
  },
  {
    "date": "2001-09-29",
    "symbol": "TSN",
    "reportedCurrency": "USD",
    "cik": "0000100493",
    "fillingDate": "2001-12-21",
    "acceptedDate": "2001-12-21 00:00:00",
    "calendarYear": "2001",
    "period": "Q4",
    "revenue": 5286100000,
    "costOfRevenue": 4952600000,
    "grossProfit": 333500000,
    "grossProfitRatio": 0.0630899907,
    "researchAndDevelopmentExpenses": 0,
    "generalAndAdministrativeExpenses": 0,
    "sellingAndMarketingExpenses": 0,
    "sellingGeneralAndAdministrativeExpenses": 192000000,
    "otherExpenses": -25300000,
    "operatingExpenses": 166700000,
    "costAndExpenses": 5119300000,
    "interestIncome": 0,
    "interestExpense": 0,
    "depreciationAndAmortization": 107200000,
    "ebitda": 274000000,
    "ebitdaratio": 0.0518340554,
    "operatingIncome": 166800000,
    "operatingIncomeRatio": 0.0315544541,
    "totalOtherIncomeExpensesNet": -83300000,
    "incomeBeforeTax": 83500000,
    "incomeBeforeTaxRatio": 0.0157961446,
    "incomeTaxExpense": 36000000,
    "netIncome": 47500000,
    "netIncomeRatio": 0.0089858308,
    "eps": 0.22,
    "epsdiluted": 0.22,
    "weightedAverageShsOut": 221000000,
    "weightedAverageShsOutDil": 222000000,
    "link": "https://www.sec.gov/Archives/edgar/data/100493/000010049301500040/0000100493-01-500040-index.htm",
    "finalLink": "https://www.sec.gov/Archives/edgar/data/100493/000010049301500040/form10k_92901.htm"
  },
  {
    "date": "2001-06-30",
    "symbol": "TSN",
    "reportedCurrency": "USD",
    "cik": "0000100493",
    "fillingDate": "2001-08-14",
    "acceptedDate": "2001-08-14 00:00:00",
    "calendarYear": "2001",
    "period": "Q3",
    "revenue": 1917000000,
    "costOfRevenue": 1719000000,
    "grossProfit": 198000000,
    "grossProfitRatio": 0.103286385,
    "researchAndDevelopmentExpenses": 0,
    "generalAndAdministrativeExpenses": 0,
    "sellingAndMarketingExpenses": 162200000,
    "sellingGeneralAndAdministrativeExpenses": 140000000,
    "otherExpenses": 0,
    "operatingExpenses": 140000000,
    "costAndExpenses": 1859000000,
    "interestIncome": 0,
    "interestExpense": 0,
    "depreciationAndAmortization": 72000000,
    "ebitda": 130000000,
    "ebitdaratio": 0.0678142932,
    "operatingIncome": 58000000,
    "operatingIncomeRatio": 0.0302556077,
    "totalOtherIncomeExpensesNet": -27000000,
    "incomeBeforeTax": 31000000,
    "incomeBeforeTaxRatio": 0.0161711007,
    "incomeTaxExpense": 12000000,
    "netIncome": 19000000,
    "netIncomeRatio": 0.0099113198,
    "eps": 0.09,
    "epsdiluted": 0.09,
    "weightedAverageShsOut": 221000000,
    "weightedAverageShsOutDil": 222000000,
    "link": "https://www.sec.gov/Archives/edgar/data/100493/000010049301500023/0000100493-01-500023-index.htm",
    "finalLink": "https://www.sec.gov/Archives/edgar/data/100493/000010049301500023/form10q_013.htm"
  },
  {
    "date": "2001-03-31",
    "symbol": "TSN",
    "reportedCurrency": "USD",
    "cik": "0000100493",
    "fillingDate": "2001-05-08",
    "acceptedDate": "2001-05-08 00:00:00",
    "calendarYear": "2001",
    "period": "Q2",
    "revenue": 1857000000,
    "costOfRevenue": 1720000000,
    "grossProfit": 137000000,
    "grossProfitRatio": 0.0737749058,
    "researchAndDevelopmentExpenses": 0,
    "generalAndAdministrativeExpenses": 0,
    "sellingAndMarketingExpenses": 139100000,
    "sellingGeneralAndAdministrativeExpenses": 114000000,
    "otherExpenses": 0,
    "operatingExpenses": 114000000,
    "costAndExpenses": 1834000000,
    "interestIncome": 0,
    "interestExpense": 0,
    "depreciationAndAmortization": 75000000,
    "ebitda": 98000000,
    "ebitdaratio": 0.0527732903,
    "operatingIncome": 23000000,
    "operatingIncomeRatio": 0.0123855681,
    "totalOtherIncomeExpensesNet": 0,
    "incomeBeforeTax": -9500000,
    "incomeBeforeTaxRatio": -0.0051157781,
    "incomeTaxExpense": -4000000,
    "netIncome": -6000000,
    "netIncomeRatio": -0.0032310178,
    "eps": -0.0271,
    "epsdiluted": -0.0271,
    "weightedAverageShsOut": 221000000,
    "weightedAverageShsOutDil": 221000000,
    "link": "https://www.sec.gov/Archives/edgar/data/100493/000010049301500004/0000100493-01-500004-index.htm",
    "finalLink": "https://www.sec.gov/Archives/edgar/data/100493/000010049301500004/t10q012.htm"
  },
  {
    "date": "2000-12-30",
    "symbol": "TSN",
    "reportedCurrency": "USD",
    "cik": "0000100493",
    "fillingDate": "2001-02-13",
    "acceptedDate": "2001-02-13 00:00:00",
    "calendarYear": "2001",
    "period": "Q1",
    "revenue": 1769000000,
    "costOfRevenue": 1587000000,
    "grossProfit": 182000000,
    "grossProfitRatio": 0.1028829847,
    "researchAndDevelopmentExpenses": 0,
    "generalAndAdministrativeExpenses": 0,
    "sellingAndMarketingExpenses": 0,
    "sellingGeneralAndAdministrativeExpenses": 114000000,
    "otherExpenses": 0,
    "operatingExpenses": 114000000,
    "costAndExpenses": 1701000000,
    "interestIncome": 0,
    "interestExpense": 0,
    "depreciationAndAmortization": 75000000,
    "ebitda": 143000000,
    "ebitdaratio": 0.0808366309,
    "operatingIncome": 68000000,
    "operatingIncomeRatio": 0.0384397965,
    "totalOtherIncomeExpensesNet": -27000000,
    "incomeBeforeTax": 41000000,
    "incomeBeforeTaxRatio": 0.0231769361,
    "incomeTaxExpense": 14000000,
    "netIncome": 27000000,
    "netIncomeRatio": 0.0152628604,
    "eps": 0.12,
    "epsdiluted": 0.12,
    "weightedAverageShsOut": 223000000,
    "weightedAverageShsOutDil": 224000000,
    "link": "https://www.sec.gov/Archives/edgar/data/100493/000010049301000010/0000100493-01-000010-index.htm",
    "finalLink": "https://www.sec.gov/Archives/edgar/data/100493/000010049301000010/0000100493-01-000010-0001.txt"
  },
  {
    "date": "2000-09-30",
    "symbol": "TSN",
    "reportedCurrency": "USD",
    "cik": "0000100493",
    "fillingDate": "2000-12-08",
    "acceptedDate": "2000-12-08 00:00:00",
    "calendarYear": "2000",
    "period": "Q4",
    "revenue": 1781400000,
    "costOfRevenue": 1478700000,
    "grossProfit": 302700000,
    "grossProfitRatio": 0.1699225328,
    "researchAndDevelopmentExpenses": 0,
    "generalAndAdministrativeExpenses": 0,
    "sellingAndMarketingExpenses": 0,
    "sellingGeneralAndAdministrativeExpenses": 180300000,
    "otherExpenses": 76400000,
    "operatingExpenses": 256700000,
    "costAndExpenses": 1735400000,
    "interestIncome": 0,
    "interestExpense": 0,
    "depreciationAndAmortization": 76400000,
    "ebitda": 122400000,
    "ebitdaratio": 0.0687100034,
    "operatingIncome": 46000000,
    "operatingIncomeRatio": 0.0258223869,
    "totalOtherIncomeExpensesNet": -19400000,
    "incomeBeforeTax": 26600000,
    "incomeBeforeTaxRatio": 0.0149320759,
    "incomeTaxExpense": 8800000,
    "netIncome": 17800000,
    "netIncomeRatio": 0.009992141,
    "eps": 0.08,
    "epsdiluted": 0.079,
    "weightedAverageShsOut": 223000000,
    "weightedAverageShsOutDil": 224000000,
    "link": "https://www.sec.gov/Archives/edgar/data/100493/000010049300000012/0000100493-00-000012-index.htm",
    "finalLink": "https://www.sec.gov/Archives/edgar/data/100493/000010049300000012/0000100493-00-000012-0001.txt"
  },
  {
    "date": "2000-07-01",
    "symbol": "TSN",
    "reportedCurrency": "USD",
    "cik": "0000100493",
    "fillingDate": "2000-08-11",
    "acceptedDate": "2000-08-11 00:00:00",
    "calendarYear": "2000",
    "period": "Q3",
    "revenue": 1807100000,
    "costOfRevenue": 1472900000,
    "grossProfit": 334200000,
    "grossProfitRatio": 0.1849371922,
    "researchAndDevelopmentExpenses": 0,
    "generalAndAdministrativeExpenses": 0,
    "sellingAndMarketingExpenses": 0,
    "sellingGeneralAndAdministrativeExpenses": 172600000,
    "otherExpenses": 73800000,
    "operatingExpenses": 246400000,
    "costAndExpenses": 1719300000,
    "interestIncome": 0,
    "interestExpense": 0,
    "depreciationAndAmortization": 73800000,
    "ebitda": 161600000,
    "ebitdaratio": 0.0894250457,
    "operatingIncome": 87800000,
    "operatingIncomeRatio": 0.0485861325,
    "totalOtherIncomeExpensesNet": -27700000,
    "incomeBeforeTax": 60100000,
    "incomeBeforeTaxRatio": 0.0332577057,
    "incomeTaxExpense": 19600000,
    "netIncome": 40500000,
    "netIncomeRatio": 0.0224115987,
    "eps": 0.18,
    "epsdiluted": 0.18,
    "weightedAverageShsOut": 224600000,
    "weightedAverageShsOutDil": 225000000,
    "link": "https://www.sec.gov/Archives/edgar/data/100493/000010049300000005/0000100493-00-000005-index.htm",
    "finalLink": "https://www.sec.gov/Archives/edgar/data/100493/000010049300000005/0000100493-00-000005-0001.txt"
  },
  {
    "date": "2000-04-01",
    "symbol": "TSN",
    "reportedCurrency": "USD",
    "cik": "0000100493",
    "fillingDate": "2000-05-09",
    "acceptedDate": "2000-05-09 04:00:00",
    "calendarYear": "2000",
    "period": "Q2",
    "revenue": 1790800000,
    "costOfRevenue": 1429800000,
    "grossProfit": 361000000,
    "grossProfitRatio": 0.2015858834,
    "researchAndDevelopmentExpenses": 0,
    "generalAndAdministrativeExpenses": 0,
    "sellingAndMarketingExpenses": 0,
    "sellingGeneralAndAdministrativeExpenses": 197400000,
    "otherExpenses": 72300000,
    "operatingExpenses": 269700000,
    "costAndExpenses": 1699500000,
    "interestIncome": 0,
    "interestExpense": 0,
    "depreciationAndAmortization": 72300000,
    "ebitda": 163600000,
    "ebitdaratio": 0.0913558186,
    "operatingIncome": 91300000,
    "operatingIncomeRatio": 0.050982801,
    "totalOtherIncomeExpensesNet": -33800000,
    "incomeBeforeTax": 57500000,
    "incomeBeforeTaxRatio": 0.0321085548,
    "incomeTaxExpense": 21800000,
    "netIncome": 35700000,
    "netIncomeRatio": 0.0199352245,
    "eps": 0.16,
    "epsdiluted": 0.16,
    "weightedAverageShsOut": 225700000,
    "weightedAverageShsOutDil": 225700000,
    "link": "https://www.sec.gov/Archives/edgar/data/100493/000010049300000003/0000100493-00-000003-index.htm",
    "finalLink": "https://www.sec.gov/Archives/edgar/data/100493/000010049300000003/"
  },
  {
    "date": "2000-01-01",
    "symbol": "TSN",
    "reportedCurrency": "USD",
    "cik": "0000100493",
    "fillingDate": "2000-02-15",
    "acceptedDate": "2000-02-15 05:00:00",
    "calendarYear": "2000",
    "period": "Q1",
    "revenue": 1778700000,
    "costOfRevenue": 1402600000,
    "grossProfit": 376100000,
    "grossProfitRatio": 0.2114465621,
    "researchAndDevelopmentExpenses": 0,
    "generalAndAdministrativeExpenses": 0,
    "sellingAndMarketingExpenses": 0,
    "sellingGeneralAndAdministrativeExpenses": 181700000,
    "otherExpenses": 71500000,
    "operatingExpenses": 253200000,
    "costAndExpenses": 1655800000,
    "interestIncome": 0,
    "interestExpense": 0,
    "depreciationAndAmortization": 71500000,
    "ebitda": 194400000,
    "ebitdaratio": 0.1092933041,
    "operatingIncome": 122900000,
    "operatingIncomeRatio": 0.0690954068,
    "totalOtherIncomeExpensesNet": -33100000,
    "incomeBeforeTax": 89800000,
    "incomeBeforeTaxRatio": 0.0504863102,
    "incomeTaxExpense": 32800000,
    "netIncome": 57000000,
    "netIncomeRatio": 0.0320458762,
    "eps": 0.25,
    "epsdiluted": 0.25,
    "weightedAverageShsOut": 227800000,
    "weightedAverageShsOutDil": 228400000,
    "link": "https://www.sec.gov/Archives/edgar/data/100493/000010049300000002/0000100493-00-000002-index.htm",
    "finalLink": "https://www.sec.gov/Archives/edgar/data/100493/000010049300000002/"
  },
  {
    "date": "1999-10-02",
    "symbol": "TSN",
    "reportedCurrency": "USD",
    "cik": "0000100493",
    "fillingDate": "1999-12-17",
    "acceptedDate": "1999-12-17 05:00:00",
    "calendarYear": "1999",
    "period": "Q4",
    "revenue": 1815600000,
    "costOfRevenue": 1421000000,
    "grossProfit": 394600000,
    "grossProfitRatio": 0.2173386208,
    "researchAndDevelopmentExpenses": 0,
    "generalAndAdministrativeExpenses": 0,
    "sellingAndMarketingExpenses": 0,
    "sellingGeneralAndAdministrativeExpenses": 244200000,
    "otherExpenses": 72700000,
    "operatingExpenses": 316900000,
    "costAndExpenses": 1737900000,
    "interestIncome": 0,
    "interestExpense": 0,
    "depreciationAndAmortization": 72700000,
    "ebitda": 150400000,
    "ebitdaratio": 0.0828376294,
    "operatingIncome": 77700000,
    "operatingIncomeRatio": 0.04279577,
    "totalOtherIncomeExpensesNet": -17700000,
    "incomeBeforeTax": 60000000,
    "incomeBeforeTaxRatio": 0.0330469266,
    "incomeTaxExpense": 18900000,
    "netIncome": 41100000,
    "netIncomeRatio": 0.0226371447,
    "eps": 0.18,
    "epsdiluted": 0.18,
    "weightedAverageShsOut": 227800000,
    "weightedAverageShsOutDil": 228400000,
    "link": "https://www.sec.gov/Archives/edgar/data/100493/000010049399000008/0000100493-99-000008-index.htm",
    "finalLink": "https://www.sec.gov/Archives/edgar/data/100493/000010049399000008/"
  },
  {
    "date": "1999-07-03",
    "symbol": "TSN",
    "reportedCurrency": "USD",
    "cik": "0000100493",
    "fillingDate": "1999-08-17",
    "acceptedDate": "1999-08-17 04:00:00",
    "calendarYear": "1999",
    "period": "Q3",
    "revenue": 1881300000,
    "costOfRevenue": 1465400000,
    "grossProfit": 415900000,
    "grossProfitRatio": 0.2210705363,
    "researchAndDevelopmentExpenses": 0,
    "generalAndAdministrativeExpenses": 0,
    "sellingAndMarketingExpenses": 0,
    "sellingGeneralAndAdministrativeExpenses": 184400000,
    "otherExpenses": 74900000,
    "operatingExpenses": 259300000,
    "costAndExpenses": 1724700000,
    "interestIncome": 0,
    "interestExpense": 0,
    "depreciationAndAmortization": 74900000,
    "ebitda": 231500000,
    "ebitdaratio": 0.1230532079,
    "operatingIncome": 156600000,
    "operatingIncomeRatio": 0.0832403125,
    "totalOtherIncomeExpensesNet": -47500000,
    "incomeBeforeTax": 109100000,
    "incomeBeforeTaxRatio": 0.0579918142,
    "incomeTaxExpense": 40700000,
    "netIncome": 68400000,
    "netIncomeRatio": 0.0363578377,
    "eps": 0.3,
    "epsdiluted": 0.3,
    "weightedAverageShsOut": 228000000,
    "weightedAverageShsOutDil": 228000000,
    "link": "https://www.sec.gov/Archives/edgar/data/100493/000010049399000005/0000100493-99-000005-index.htm",
    "finalLink": "https://www.sec.gov/Archives/edgar/data/100493/000010049399000005/"
  },
  {
    "date": "1999-04-03",
    "symbol": "TSN",
    "reportedCurrency": "USD",
    "cik": "0000100493",
    "fillingDate": "1999-05-11",
    "acceptedDate": "1999-05-11 04:00:00",
    "calendarYear": "1999",
    "period": "Q2",
    "revenue": 1841300000,
    "costOfRevenue": 1458000000,
    "grossProfit": 383300000,
    "grossProfitRatio": 0.2081681421,
    "researchAndDevelopmentExpenses": 0,
    "generalAndAdministrativeExpenses": 0,
    "sellingAndMarketingExpenses": 0,
    "sellingGeneralAndAdministrativeExpenses": 179100000,
    "otherExpenses": 70000000,
    "operatingExpenses": 249100000,
    "costAndExpenses": 1707100000,
    "interestIncome": 0,
    "interestExpense": 0,
    "depreciationAndAmortization": 70000000,
    "ebitda": 204200000,
    "ebitdaratio": 0.1108999077,
    "operatingIncome": 134200000,
    "operatingIncomeRatio": 0.072883289,
    "totalOtherIncomeExpensesNet": -32600000,
    "incomeBeforeTax": 101600000,
    "incomeBeforeTaxRatio": 0.0551784066,
    "incomeTaxExpense": 37000000,
    "netIncome": 64600000,
    "netIncomeRatio": 0.0350839081,
    "eps": 0.28,
    "epsdiluted": 0.28,
    "weightedAverageShsOut": 230714286,
    "weightedAverageShsOutDil": 230714286,
    "link": "https://www.sec.gov/Archives/edgar/data/100493/000010049399000003/0000100493-99-000003-index.htm",
    "finalLink": "https://www.sec.gov/Archives/edgar/data/100493/000010049399000003/"
  },
  {
    "date": "1999-01-02",
    "symbol": "TSN",
    "reportedCurrency": "USD",
    "cik": "0000100493",
    "fillingDate": "1999-02-16",
    "acceptedDate": "1999-02-16 05:00:00",
    "calendarYear": "1999",
    "period": "Q1",
    "revenue": 1824700000,
    "costOfRevenue": 1454500000,
    "grossProfit": 370200000,
    "grossProfitRatio": 0.2028826656,
    "researchAndDevelopmentExpenses": 0,
    "generalAndAdministrativeExpenses": 0,
    "sellingAndMarketingExpenses": 0,
    "sellingGeneralAndAdministrativeExpenses": 178300000,
    "otherExpenses": 73500000,
    "operatingExpenses": 251800000,
    "costAndExpenses": 1706300000,
    "interestIncome": 0,
    "interestExpense": 0,
    "depreciationAndAmortization": 73500000,
    "ebitda": 191900000,
    "ebitdaratio": 0.1051679728,
    "operatingIncome": 118400000,
    "operatingIncomeRatio": 0.0648873787,
    "totalOtherIncomeExpensesNet": -29800000,
    "incomeBeforeTax": 88600000,
    "incomeBeforeTaxRatio": 0.048555927,
    "incomeTaxExpense": 32800000,
    "netIncome": 55800000,
    "netIncomeRatio": 0.0305803694,
    "eps": 0.24,
    "epsdiluted": 0.24,
    "weightedAverageShsOut": 232500000,
    "weightedAverageShsOutDil": 232500000,
    "link": "https://www.sec.gov/Archives/edgar/data/100493/000010049399000001/0000100493-99-000001-index.htm",
    "finalLink": "https://www.sec.gov/Archives/edgar/data/100493/000010049399000001/"
  },
  {
    "date": "1998-10-03",
    "symbol": "TSN",
    "reportedCurrency": "USD",
    "cik": "0000100493",
    "fillingDate": "1998-12-16",
    "acceptedDate": "1998-12-16 05:00:00",
    "calendarYear": "1998",
    "period": "Q4",
    "revenue": 2069100000,
    "costOfRevenue": 1685000000,
    "grossProfit": 384100000,
    "grossProfitRatio": 0.185636267,
    "researchAndDevelopmentExpenses": 0,
    "generalAndAdministrativeExpenses": 0,
    "sellingAndMarketingExpenses": 0,
    "sellingGeneralAndAdministrativeExpenses": 378900000,
    "otherExpenses": 78600000,
    "operatingExpenses": 457500000,
    "costAndExpenses": 2142500000,
    "interestIncome": 0,
    "interestExpense": 0,
    "depreciationAndAmortization": 78600000,
    "ebitda": 5200000,
    "ebitdaratio": 0.00251317,
    "operatingIncome": -73400000,
    "operatingIncomeRatio": -0.0354743608,
    "totalOtherIncomeExpensesNet": -37800000,
    "incomeBeforeTax": -111200000,
    "incomeBeforeTaxRatio": -0.0537431734,
    "incomeTaxExpense": -21500000,
    "netIncome": -89700000,
    "netIncomeRatio": -0.0433521821,
    "eps": -0.39,
    "epsdiluted": -0.39,
    "weightedAverageShsOut": 232500000,
    "weightedAverageShsOutDil": 232500000,
    "link": "https://www.sec.gov/Archives/edgar/data/100493/000010049398000013/0000100493-98-000013-index.htm",
    "finalLink": "https://www.sec.gov/Archives/edgar/data/100493/000010049398000013/"
  },
  {
    "date": "1998-06-27",
    "symbol": "TSN",
    "reportedCurrency": "USD",
    "cik": "0000100493",
    "fillingDate": "1998-08-07",
    "acceptedDate": "1998-08-07 04:00:00",
    "calendarYear": "1998",
    "period": "Q3",
    "revenue": 1953600000,
    "costOfRevenue": 1583900000,
    "grossProfit": 369700000,
    "grossProfitRatio": 0.1892403767,
    "researchAndDevelopmentExpenses": 0,
    "generalAndAdministrativeExpenses": 0,
    "sellingAndMarketingExpenses": 0,
    "sellingGeneralAndAdministrativeExpenses": 192500000,
    "otherExpenses": 69600000,
    "operatingExpenses": 262100000,
    "costAndExpenses": 1846000000,
    "interestIncome": 0,
    "interestExpense": 0,
    "depreciationAndAmortization": 69600000,
    "ebitda": 177200000,
    "ebitdaratio": 0.0907043407,
    "operatingIncome": 107600000,
    "operatingIncomeRatio": 0.0550778051,
    "totalOtherIncomeExpensesNet": -33600000,
    "incomeBeforeTax": 74000000,
    "incomeBeforeTaxRatio": 0.0378787879,
    "incomeTaxExpense": 27400000,
    "netIncome": 46600000,
    "netIncomeRatio": 0.0238533989,
    "eps": 0.2,
    "epsdiluted": 0.2,
    "weightedAverageShsOut": 233000000,
    "weightedAverageShsOutDil": 233000000,
    "link": "https://www.sec.gov/Archives/edgar/data/100493/000010049398000010/0000100493-98-000010-index.htm",
    "finalLink": "https://www.sec.gov/Archives/edgar/data/100493/000010049398000010/"
  },
  {
    "date": "1998-03-28",
    "symbol": "TSN",
    "reportedCurrency": "USD",
    "cik": "0000100493",
    "fillingDate": "1998-05-12",
    "acceptedDate": "1998-05-12 04:00:00",
    "calendarYear": "1998",
    "period": "Q2",
    "revenue": 1870800000,
    "costOfRevenue": 1539700000,
    "grossProfit": 331100000,
    "grossProfitRatio": 0.1769831088,
    "researchAndDevelopmentExpenses": 0,
    "generalAndAdministrativeExpenses": 0,
    "sellingAndMarketingExpenses": 0,
    "sellingGeneralAndAdministrativeExpenses": 188800000,
    "otherExpenses": 70600000,
    "operatingExpenses": 259400000,
    "costAndExpenses": 1799100000,
    "interestIncome": 0,
    "interestExpense": 0,
    "depreciationAndAmortization": 70600000,
    "ebitda": 142300000,
    "ebitdaratio": 0.0760637161,
    "operatingIncome": 71700000,
    "operatingIncomeRatio": 0.0383258499,
    "totalOtherIncomeExpensesNet": -34800000,
    "incomeBeforeTax": 36900000,
    "incomeBeforeTaxRatio": 0.0197241822,
    "incomeTaxExpense": 13600000,
    "netIncome": 23300000,
    "netIncomeRatio": 0.0124545649,
    "eps": 0.1,
    "epsdiluted": 0.1,
    "weightedAverageShsOut": 233000000,
    "weightedAverageShsOutDil": 233000000,
    "link": "https://www.sec.gov/Archives/edgar/data/100493/000010049398000009/0000100493-98-000009-index.htm",
    "finalLink": "https://www.sec.gov/Archives/edgar/data/100493/000010049398000009/"
  },
  {
    "date": "1997-12-27",
    "symbol": "TSN",
    "reportedCurrency": "USD",
    "cik": "0000100493",
    "fillingDate": "1998-02-10",
    "acceptedDate": "1998-02-10 05:00:00",
    "calendarYear": "1998",
    "period": "Q1",
    "revenue": 1520800000,
    "costOfRevenue": 1208400000,
    "grossProfit": 312400000,
    "grossProfitRatio": 0.2054182009,
    "researchAndDevelopmentExpenses": 0,
    "generalAndAdministrativeExpenses": 0,
    "sellingAndMarketingExpenses": 0,
    "sellingGeneralAndAdministrativeExpenses": 156900000,
    "otherExpenses": 57600000,
    "operatingExpenses": 214500000,
    "costAndExpenses": 1422900000,
    "interestIncome": 0,
    "interestExpense": 0,
    "depreciationAndAmortization": 57600000,
    "ebitda": 155500000,
    "ebitdaratio": 0.1022488164,
    "operatingIncome": 97900000,
    "operatingIncomeRatio": 0.0643740137,
    "totalOtherIncomeExpensesNet": -26600000,
    "incomeBeforeTax": 71300000,
    "incomeBeforeTaxRatio": 0.0468832194,
    "incomeTaxExpense": 26400000,
    "netIncome": 44900000,
    "netIncomeRatio": 0.0295239348,
    "eps": 0.21,
    "epsdiluted": 0.21,
    "weightedAverageShsOut": 213809524,
    "weightedAverageShsOutDil": 213809524,
    "link": "https://www.sec.gov/Archives/edgar/data/100493/000010049398000007/0000100493-98-000007-index.htm",
    "finalLink": "https://www.sec.gov/Archives/edgar/data/100493/000010049398000007/"
  },
  {
    "date": "1997-09-27",
    "symbol": "TSN",
    "reportedCurrency": "USD",
    "cik": "0000100493",
    "fillingDate": "1997-12-10",
    "acceptedDate": "1997-12-10 05:00:00",
    "calendarYear": "1997",
    "period": "Q4",
    "revenue": 1662300000,
    "costOfRevenue": 1352100000,
    "grossProfit": 310200000,
    "grossProfitRatio": 0.1866089154,
    "researchAndDevelopmentExpenses": 0,
    "generalAndAdministrativeExpenses": 0,
    "sellingAndMarketingExpenses": 0,
    "sellingGeneralAndAdministrativeExpenses": 149900000,
    "otherExpenses": 58100000,
    "operatingExpenses": 208000000,
    "costAndExpenses": 1560100000,
    "interestIncome": 0,
    "interestExpense": 0,
    "depreciationAndAmortization": 58100000,
    "ebitda": 160300000,
    "ebitdaratio": 0.0964326536,
    "operatingIncome": 102200000,
    "operatingIncomeRatio": 0.0614810804,
    "totalOtherIncomeExpensesNet": -26400000,
    "incomeBeforeTax": 75800000,
    "incomeBeforeTaxRatio": 0.0455994706,
    "incomeTaxExpense": 28000000,
    "netIncome": 47800000,
    "netIncomeRatio": 0.028755339,
    "eps": 0.22,
    "epsdiluted": 0.22,
    "weightedAverageShsOut": 213809524,
    "weightedAverageShsOutDil": 213809524,
    "link": "https://www.sec.gov/Archives/edgar/data/100493/000010049397000012/0000100493-97-000012-index.htm",
    "finalLink": "https://www.sec.gov/Archives/edgar/data/100493/000010049397000012/"
  },
  {
    "date": "1997-06-28",
    "symbol": "TSN",
    "reportedCurrency": "USD",
    "cik": "0000100493",
    "fillingDate": "1997-08-12",
    "acceptedDate": "1997-08-12 04:00:00",
    "calendarYear": "1997",
    "period": "Q3",
    "revenue": 1591200000,
    "costOfRevenue": 1273000000,
    "grossProfit": 318200000,
    "grossProfitRatio": 0.1999748617,
    "researchAndDevelopmentExpenses": 0,
    "generalAndAdministrativeExpenses": 0,
    "sellingAndMarketingExpenses": 0,
    "sellingGeneralAndAdministrativeExpenses": 161200000,
    "otherExpenses": 57100000,
    "operatingExpenses": 218300000,
    "costAndExpenses": 1491300000,
    "interestIncome": 0,
    "interestExpense": 0,
    "depreciationAndAmortization": 57100000,
    "ebitda": 157000000,
    "ebitdaratio": 0.0986676722,
    "operatingIncome": 99900000,
    "operatingIncomeRatio": 0.0627828054,
    "totalOtherIncomeExpensesNet": -28100000,
    "incomeBeforeTax": 71800000,
    "incomeBeforeTaxRatio": 0.0451231775,
    "incomeTaxExpense": 26600000,
    "netIncome": 45200000,
    "netIncomeRatio": 0.0284062343,
    "eps": 0.21,
    "epsdiluted": 0.21,
    "weightedAverageShsOut": 215238095,
    "weightedAverageShsOutDil": 215238095,
    "link": "https://www.sec.gov/Archives/edgar/data/100493/000010049397000008/0000100493-97-000008-index.htm",
    "finalLink": "https://www.sec.gov/Archives/edgar/data/100493/000010049397000008/"
  },
  {
    "date": "1997-03-29",
    "symbol": "TSN",
    "reportedCurrency": "USD",
    "cik": "0000100493",
    "fillingDate": "1997-05-13",
    "acceptedDate": "1997-05-13 04:00:00",
    "calendarYear": "1997",
    "period": "Q2",
    "revenue": 1574300000,
    "costOfRevenue": 1261700000,
    "grossProfit": 312600000,
    "grossProfitRatio": 0.1985644413,
    "researchAndDevelopmentExpenses": 0,
    "generalAndAdministrativeExpenses": 0,
    "sellingAndMarketingExpenses": 0,
    "sellingGeneralAndAdministrativeExpenses": 150500000,
    "otherExpenses": 57300000,
    "operatingExpenses": 207800000,
    "costAndExpenses": 1469500000,
    "interestIncome": 0,
    "interestExpense": 0,
    "depreciationAndAmortization": 57300000,
    "ebitda": 162100000,
    "ebitdaratio": 0.1029663978,
    "operatingIncome": 104800000,
    "operatingIncomeRatio": 0.0665692689,
    "totalOtherIncomeExpensesNet": -28300000,
    "incomeBeforeTax": 76500000,
    "incomeBeforeTaxRatio": 0.0485930255,
    "incomeTaxExpense": 28300000,
    "netIncome": 48200000,
    "netIncomeRatio": 0.0306167821,
    "eps": 0.22,
    "epsdiluted": 0.22,
    "weightedAverageShsOut": 219090909,
    "weightedAverageShsOutDil": 219090909,
    "link": "https://www.sec.gov/Archives/edgar/data/100493/000010049397000006/0000100493-97-000006-index.htm",
    "finalLink": "https://www.sec.gov/Archives/edgar/data/100493/000010049397000006/"
  },
  {
    "date": "1996-12-28",
    "symbol": "TSN",
    "reportedCurrency": "USD",
    "cik": "0000100493",
    "fillingDate": "1997-02-11",
    "acceptedDate": "1997-02-11 05:00:00",
    "calendarYear": "1997",
    "period": "Q1",
    "revenue": 1527900000,
    "costOfRevenue": 1228400000,
    "grossProfit": 299500000,
    "grossProfitRatio": 0.196020682,
    "researchAndDevelopmentExpenses": 0,
    "generalAndAdministrativeExpenses": 0,
    "sellingAndMarketingExpenses": 0,
    "sellingGeneralAndAdministrativeExpenses": 148600000,
    "otherExpenses": 57900000,
    "operatingExpenses": 206500000,
    "costAndExpenses": 1434900000,
    "interestIncome": 0,
    "interestExpense": 0,
    "depreciationAndAmortization": 57900000,
    "ebitda": 150900000,
    "ebitdaratio": 0.0987630081,
    "operatingIncome": 93000000,
    "operatingIncomeRatio": 0.0608678578,
    "totalOtherIncomeExpensesNet": 12600000,
    "incomeBeforeTax": 105600000,
    "incomeBeforeTaxRatio": 0.0691144708,
    "incomeTaxExpense": 61000000,
    "netIncome": 44600000,
    "netIncomeRatio": 0.029190392,
    "eps": 0.21,
    "epsdiluted": 0.2,
    "weightedAverageShsOut": 212380952,
    "weightedAverageShsOutDil": 223000000,
    "link": "https://www.sec.gov/Archives/edgar/data/100493/000010049397000002/0000100493-97-000002-index.htm",
    "finalLink": "https://www.sec.gov/Archives/edgar/data/100493/000010049397000002/"
  },
  {
    "date": "1996-09-28",
    "symbol": "TSN",
    "reportedCurrency": "USD",
    "cik": "0000100493",
    "fillingDate": "1996-12-16",
    "acceptedDate": "1996-12-16 05:00:00",
    "calendarYear": "1996",
    "period": "Q4",
    "revenue": 1691100000,
    "costOfRevenue": 1416100000,
    "grossProfit": 275000000,
    "grossProfitRatio": 0.1626160487,
    "researchAndDevelopmentExpenses": 0,
    "generalAndAdministrativeExpenses": 0,
    "sellingAndMarketingExpenses": 0,
    "sellingGeneralAndAdministrativeExpenses": 162900000,
    "otherExpenses": 59500000,
    "operatingExpenses": 222400000,
    "costAndExpenses": 1638500000,
    "interestIncome": 0,
    "interestExpense": 0,
    "depreciationAndAmortization": 59500000,
    "ebitda": 112100000,
    "ebitdaratio": 0.0662882148,
    "operatingIncome": 52600000,
    "operatingIncomeRatio": 0.0311040151,
    "totalOtherIncomeExpensesNet": -29500000,
    "incomeBeforeTax": 23100000,
    "incomeBeforeTaxRatio": 0.0136597481,
    "incomeTaxExpense": 8500000,
    "netIncome": 14600000,
    "netIncomeRatio": 0.0086334339,
    "eps": 0.071,
    "epsdiluted": 0.067,
    "weightedAverageShsOut": 212380952,
    "weightedAverageShsOutDil": 223000000,
    "link": "https://www.sec.gov/Archives/edgar/data/100493/000010049396000015/0000100493-96-000015-index.htm",
    "finalLink": "https://www.sec.gov/Archives/edgar/data/100493/000010049396000015/"
  },
  {
    "date": "1996-06-29",
    "symbol": "TSN",
    "reportedCurrency": "USD",
    "cik": "0000100493",
    "fillingDate": "1996-08-09",
    "acceptedDate": "1996-08-09 04:00:00",
    "calendarYear": "1996",
    "period": "Q3",
    "revenue": 1628200000,
    "costOfRevenue": 1345800000,
    "grossProfit": 282400000,
    "grossProfitRatio": 0.173443066,
    "researchAndDevelopmentExpenses": 0,
    "generalAndAdministrativeExpenses": 0,
    "sellingAndMarketingExpenses": 0,
    "sellingGeneralAndAdministrativeExpenses": 166000000,
    "otherExpenses": 60000000,
    "operatingExpenses": 226000000,
    "costAndExpenses": 1571800000,
    "interestIncome": 0,
    "interestExpense": 0,
    "depreciationAndAmortization": 60000000,
    "ebitda": 116400000,
    "ebitdaratio": 0.0714899889,
    "operatingIncome": 56400000,
    "operatingIncomeRatio": 0.0346394792,
    "totalOtherIncomeExpensesNet": -33200000,
    "incomeBeforeTax": 23200000,
    "incomeBeforeTaxRatio": 0.0142488638,
    "incomeTaxExpense": 8600000,
    "netIncome": 14600000,
    "netIncomeRatio": 0.0089669574,
    "eps": 0.07,
    "epsdiluted": 0.07,
    "weightedAverageShsOut": 208571429,
    "weightedAverageShsOutDil": 208571429,
    "link": "https://www.sec.gov/Archives/edgar/data/100493/000010049396000009/0000100493-96-000009-index.htm",
    "finalLink": "https://www.sec.gov/Archives/edgar/data/100493/000010049396000009/"
  },
  {
    "date": "1996-03-30",
    "symbol": "TSN",
    "reportedCurrency": "USD",
    "cik": "0000100493",
    "fillingDate": "1996-05-14",
    "acceptedDate": "1996-05-14 04:00:00",
    "calendarYear": "1996",
    "period": "Q2",
    "revenue": 1587700000,
    "costOfRevenue": 1303800000,
    "grossProfit": 283900000,
    "grossProfitRatio": 0.1788121182,
    "researchAndDevelopmentExpenses": 0,
    "generalAndAdministrativeExpenses": 0,
    "sellingAndMarketingExpenses": 0,
    "sellingGeneralAndAdministrativeExpenses": 167200000,
    "otherExpenses": 61500000,
    "operatingExpenses": 228700000,
    "costAndExpenses": 1532500000,
    "interestIncome": 0,
    "interestExpense": 0,
    "depreciationAndAmortization": 61500000,
    "ebitda": 116700000,
    "ebitdaratio": 0.0735025509,
    "operatingIncome": 55200000,
    "operatingIncomeRatio": 0.0347672734,
    "totalOtherIncomeExpensesNet": -32100000,
    "incomeBeforeTax": 23100000,
    "incomeBeforeTaxRatio": 0.0145493481,
    "incomeTaxExpense": 8700000,
    "netIncome": 14400000,
    "netIncomeRatio": 0.0090697235,
    "eps": 0.07,
    "epsdiluted": 0.07,
    "weightedAverageShsOut": 205714286,
    "weightedAverageShsOutDil": 205714286,
    "link": "https://www.sec.gov/Archives/edgar/data/100493/000010049396000008/0000100493-96-000008-index.htm",
    "finalLink": "https://www.sec.gov/Archives/edgar/data/100493/000010049396000008/"
  },
  {
    "date": "1995-12-30",
    "symbol": "TSN",
    "reportedCurrency": "USD",
    "cik": "0000100493",
    "fillingDate": "1996-02-09",
    "acceptedDate": "1996-02-09 05:00:00",
    "calendarYear": "1996",
    "period": "Q1",
    "revenue": 1546800000,
    "costOfRevenue": 1228300000,
    "grossProfit": 318500000,
    "grossProfitRatio": 0.2059089734,
    "researchAndDevelopmentExpenses": 0,
    "generalAndAdministrativeExpenses": 0,
    "sellingAndMarketingExpenses": 0,
    "sellingGeneralAndAdministrativeExpenses": 154800000,
    "otherExpenses": 58300000,
    "operatingExpenses": 213100000,
    "costAndExpenses": 1441400000,
    "interestIncome": 0,
    "interestExpense": 0,
    "depreciationAndAmortization": 58300000,
    "ebitda": 163700000,
    "ebitdaratio": 0.1058313938,
    "operatingIncome": 105400000,
    "operatingIncomeRatio": 0.0681406775,
    "totalOtherIncomeExpensesNet": -38900000,
    "incomeBeforeTax": 66500000,
    "incomeBeforeTaxRatio": 0.0429919834,
    "incomeTaxExpense": 23200000,
    "netIncome": 43300000,
    "netIncomeRatio": 0.0279932764,
    "eps": 0.2,
    "epsdiluted": 0.2,
    "weightedAverageShsOut": 216500000,
    "weightedAverageShsOutDil": 216500000,
    "link": "https://www.sec.gov/Archives/edgar/data/100493/000010049396000001/0000100493-96-000001-index.htm",
    "finalLink": "https://www.sec.gov/Archives/edgar/data/100493/000010049396000001/"
  },
  {
    "date": "1995-09-30",
    "symbol": "TSN",
    "reportedCurrency": "USD",
    "cik": "0000100493",
    "fillingDate": "1995-12-01",
    "acceptedDate": "1995-12-01 05:00:00",
    "calendarYear": "1995",
    "period": "Q4",
    "revenue": 1479500000,
    "costOfRevenue": 1150100000,
    "grossProfit": 329400000,
    "grossProfitRatio": 0.2226427847,
    "researchAndDevelopmentExpenses": 0,
    "generalAndAdministrativeExpenses": 0,
    "sellingAndMarketingExpenses": 0,
    "sellingGeneralAndAdministrativeExpenses": 153900000,
    "otherExpenses": 54800000,
    "operatingExpenses": 208700000,
    "costAndExpenses": 1358800000,
    "interestIncome": 0,
    "interestExpense": 0,
    "depreciationAndAmortization": 54800000,
    "ebitda": 175500000,
    "ebitdaratio": 0.1186211558,
    "operatingIncome": 120700000,
    "operatingIncomeRatio": 0.0815816154,
    "totalOtherIncomeExpensesNet": -26300000,
    "incomeBeforeTax": 94400000,
    "incomeBeforeTaxRatio": 0.0638053396,
    "incomeTaxExpense": 35600000,
    "netIncome": 58800000,
    "netIncomeRatio": 0.0397431565,
    "eps": 0.27,
    "epsdiluted": 0.27,
    "weightedAverageShsOut": 216500000,
    "weightedAverageShsOutDil": 216500000,
    "link": "https://www.sec.gov/Archives/edgar/data/100493/000010049395000026/0000100493-95-000026-index.htm",
    "finalLink": "https://www.sec.gov/Archives/edgar/data/100493/000010049395000026/"
  }
]