[
  {
    "date": "2024-09-28",
    "symbol": "TSN",
    "reportedCurrency": "USD",
    "cik": "0000100493",
    "fillingDate": "2024-11-12",
    "acceptedDate": "2024-11-12 12:34:42",
    "calendarYear": "2024",
    "period": "FY",
    "revenue": 53309000000,
    "costOfRevenue": 49682000000,
    "grossProfit": 3627000000,
    "grossProfitRatio": 0.068037292,
    "researchAndDevelopmentExpenses": 0,
    "generalAndAdministrativeExpenses": 1925000000,
    "sellingAndMarketingExpenses": 267000000,
    "sellingGeneralAndAdministrativeExpenses": 2192000000,
    "otherExpenses": 26000000,
    "operatingExpenses": 2218000000,
    "costAndExpenses": 51900000000,
    "interestIncome": 89000000,
    "interestExpense": 481000000,
    "depreciationAndAmortization": 1400000000,
    "ebitda": 2973000000,
    "ebitdaratio": 0.0557691947,
    "operatingIncome": 1409000000,
    "operatingIncomeRatio": 0.0264308091,
    "totalOtherIncomeExpensesNet": -317000000,
    "incomeBeforeTax": 1092000000,
    "incomeBeforeTaxRatio": 0.020484346,
    "incomeTaxExpense": 270000000,
    "netIncome": 800000000,
    "netIncomeRatio": 0.0150068469,
    "eps": 2.31,
    "epsdiluted": 2.25,
    "weightedAverageShsOut": 354000000,
    "weightedAverageShsOutDil": 356000000,
    "link": "https://www.sec.gov/Archives/edgar/data/100493/000010049324000119/0000100493-24-000119-index.htm",
    "finalLink": "https://www.sec.gov/Archives/edgar/data/100493/000010049324000119/tsn-20240928.htm"
  },
  {
    "date": "2023-09-30",
    "symbol": "TSN",
    "reportedCurrency": "USD",
    "cik": "0000100493",
    "fillingDate": "2023-11-13",
    "acceptedDate": "2023-11-13 07:34:37",
    "calendarYear": "2023",
    "period": "FY",
    "revenue": 52881000000,
    "costOfRevenue": 50250000000,
    "grossProfit": 2631000000,
    "grossProfitRatio": 0.0497532195,
    "researchAndDevelopmentExpenses": 0,
    "generalAndAdministrativeExpenses": 1818000000,
    "sellingAndMarketingExpenses": 339000000,
    "sellingGeneralAndAdministrativeExpenses": 2157000000,
    "otherExpenses": 869000000,
    "operatingExpenses": 3026000000,
    "costAndExpenses": 53276000000,
    "interestIncome": 30000000,
    "interestExpense": 355000000,
    "depreciationAndAmortization": 1339000000,
    "ebitda": 1016000000,
    "ebitdaratio": 0.0192129498,
    "operatingIncome": -395000000,
    "operatingIncomeRatio": -0.0074696016,
    "totalOtherIncomeExpensesNet": -283000000,
    "incomeBeforeTax": -678000000,
    "incomeBeforeTaxRatio": -0.0128212401,
    "incomeTaxExpense": -29000000,
    "netIncome": -648000000,
    "netIncomeRatio": -0.0122539286,
    "eps": -1.87,
    "epsdiluted": -1.87,
    "weightedAverageShsOut": 354000000,
    "weightedAverageShsOutDil": 354000000,
    "link": "https://www.sec.gov/Archives/edgar/data/100493/000010049323000105/0000100493-23-000105-index.htm",
    "finalLink": "https://www.sec.gov/Archives/edgar/data/100493/000010049323000105/tsn-20230930.htm"
  },
  {
    "date": "2022-10-01",
    "symbol": "TSN",
    "reportedCurrency": "USD",
    "cik": "0000100493",
    "fillingDate": "2022-11-14",
    "acceptedDate": "2022-11-14 06:57:49",
    "calendarYear": "2022",
    "period": "FY",
    "revenue": 53282000000,
    "costOfRevenue": 46614000000,
    "grossProfit": 6668000000,
    "grossProfitRatio": 0.1251454525,
    "researchAndDevelopmentExpenses": 0,
    "generalAndAdministrativeExpenses": 1934000000,
    "sellingAndMarketingExpenses": 283000000,
    "sellingGeneralAndAdministrativeExpenses": 2217000000,
    "otherExpenses": 41000000,
    "operatingExpenses": 2258000000,
    "costAndExpenses": 48872000000,
    "interestIncome": 17000000,
    "interestExpense": 365000000,
    "depreciationAndAmortization": 1202000000,
    "ebitda": 5716000000,
    "ebitdaratio": 0.1072782553,
    "operatingIncome": 4410000000,
    "operatingIncomeRatio": 0.0827671634,
    "totalOtherIncomeExpensesNet": -261000000,
    "incomeBeforeTax": 4149000000,
    "incomeBeforeTaxRatio": 0.0778686986,
    "incomeTaxExpense": 900000000,
    "netIncome": 3238000000,
    "netIncomeRatio": 0.0607709921,
    "eps": 9.18,
    "epsdiluted": 8.92,
    "weightedAverageShsOut": 360000000,
    "weightedAverageShsOutDil": 363000000,
    "link": "https://www.sec.gov/Archives/edgar/data/100493/000010049322000097/0000100493-22-000097-index.htm",
    "finalLink": "https://www.sec.gov/Archives/edgar/data/100493/000010049322000097/tsn-20221001.htm"
  },
  {
    "date": "2021-10-02",
    "symbol": "TSN",
    "reportedCurrency": "USD",
    "cik": "0000100493",
    "fillingDate": "2021-11-15",
    "acceptedDate": "2021-11-15 07:33:26",
    "calendarYear": "2021",
    "period": "FY",
    "revenue": 47049000000,
    "costOfRevenue": 40523000000,
    "grossProfit": 6526000000,
    "grossProfitRatio": 0.138706455,
    "researchAndDevelopmentExpenses": 0,
    "generalAndAdministrativeExpenses": 0,
    "sellingAndMarketingExpenses": 0,
    "sellingGeneralAndAdministrativeExpenses": 2130000000,
    "otherExpenses": 0,
    "operatingExpenses": 2130000000,
    "costAndExpenses": 42653000000,
    "interestIncome": 8000000,
    "interestExpense": 428000000,
    "depreciationAndAmortization": 1214000000,
    "ebitda": 5683000000,
    "ebitdaratio": 0.1207889647,
    "operatingIncome": 4396000000,
    "operatingIncomeRatio": 0.0934345045,
    "totalOtherIncomeExpensesNet": -355000000,
    "incomeBeforeTax": 4041000000,
    "incomeBeforeTaxRatio": 0.0858891794,
    "incomeTaxExpense": 981000000,
    "netIncome": 3047000000,
    "netIncomeRatio": 0.0647622691,
    "eps": 8.57,
    "epsdiluted": 8.34,
    "weightedAverageShsOut": 363000000,
    "weightedAverageShsOutDil": 365000000,
    "link": "https://www.sec.gov/Archives/edgar/data/100493/000010049321000122/0000100493-21-000122-index.htm",
    "finalLink": "https://www.sec.gov/Archives/edgar/data/100493/000010049321000122/tsn-20211002.htm"
  },
  {
    "date": "2020-10-03",
    "symbol": "TSN",
    "reportedCurrency": "USD",
    "cik": "0000100493",
    "fillingDate": "2020-11-16",
    "acceptedDate": "2020-11-16 07:49:36",
    "calendarYear": "2020",
    "period": "FY",
    "revenue": 43185000000,
    "costOfRevenue": 37801000000,
    "grossProfit": 5384000000,
    "grossProfitRatio": 0.1246729188,
    "researchAndDevelopmentExpenses": 0,
    "generalAndAdministrativeExpenses": 1989000000,
    "sellingAndMarketingExpenses": 283000000,
    "sellingGeneralAndAdministrativeExpenses": 2272000000,
    "otherExpenses": 104000000,
    "operatingExpenses": 2376000000,
    "costAndExpenses": 40177000000,
    "interestIncome": 10000000,
    "interestExpense": 485000000,
    "depreciationAndAmortization": 1192000000,
    "ebitda": 4341000000,
    "ebitdaratio": 0.1005210142,
    "operatingIncome": 3008000000,
    "operatingIncomeRatio": 0.069653815,
    "totalOtherIncomeExpensesNet": -344000000,
    "incomeBeforeTax": 2664000000,
    "incomeBeforeTaxRatio": 0.0616880861,
    "incomeTaxExpense": 593000000,
    "netIncome": 2061000000,
    "netIncomeRatio": 0.0477249045,
    "eps": 5.68,
    "epsdiluted": 5.64,
    "weightedAverageShsOut": 363000000,
    "weightedAverageShsOutDil": 365000000,
    "link": "https://www.sec.gov/Archives/edgar/data/100493/000010049320000132/0000100493-20-000132-index.htm",
    "finalLink": "https://www.sec.gov/Archives/edgar/data/100493/000010049320000132/tsn202010kq4.htm"
  },
  {
    "date": "2019-09-28",
    "symbol": "TSN",
    "reportedCurrency": "USD",
    "cik": "0000100493",
    "fillingDate": "2019-11-12",
    "acceptedDate": "2019-11-12 07:41:48",
    "calendarYear": "2019",
    "period": "FY",
    "revenue": 42405000000,
    "costOfRevenue": 37383000000,
    "grossProfit": 5022000000,
    "grossProfitRatio": 0.1184294305,
    "researchAndDevelopmentExpenses": 0,
    "generalAndAdministrativeExpenses": 0,
    "sellingAndMarketingExpenses": 0,
    "sellingGeneralAndAdministrativeExpenses": 2252000000,
    "otherExpenses": 0,
    "operatingExpenses": 2252000000,
    "costAndExpenses": 39635000000,
    "interestIncome": 11000000,
    "interestExpense": 462000000,
    "depreciationAndAmortization": 1098000000,
    "ebitda": 3934000000,
    "ebitdaratio": 0.0927720788,
    "operatingIncome": 2770000000,
    "operatingIncomeRatio": 0.0653224856,
    "totalOtherIncomeExpensesNet": -396000000,
    "incomeBeforeTax": 2374000000,
    "incomeBeforeTaxRatio": 0.0559839642,
    "incomeTaxExpense": 381000000,
    "netIncome": 1980000000,
    "netIncomeRatio": 0.046692607,
    "eps": 5.45,
    "epsdiluted": 5.52,
    "weightedAverageShsOut": 363000000,
    "weightedAverageShsOutDil": 366000000,
    "link": "https://www.sec.gov/Archives/edgar/data/100493/000010049319000118/0000100493-19-000118-index.htm",
    "finalLink": "https://www.sec.gov/Archives/edgar/data/100493/000010049319000118/tsn201910kq4.htm"
  },
  {
    "date": "2018-09-29",
    "symbol": "TSN",
    "reportedCurrency": "USD",
    "cik": "0000100493",
    "fillingDate": "2018-11-13",
    "acceptedDate": "2018-11-13 07:40:04",
    "calendarYear": "2018",
    "period": "FY",
    "revenue": 40052000000,
    "costOfRevenue": 34956000000,
    "grossProfit": 5096000000,
    "grossProfitRatio": 0.127234595,
    "researchAndDevelopmentExpenses": 0,
    "generalAndAdministrativeExpenses": 0,
    "sellingAndMarketingExpenses": 243000000,
    "sellingGeneralAndAdministrativeExpenses": 2127000000,
    "otherExpenses": 0,
    "operatingExpenses": 2127000000,
    "costAndExpenses": 37083000000,
    "interestIncome": 7000000,
    "interestExpense": 350000000,
    "depreciationAndAmortization": 943000000,
    "ebitda": 3975000000,
    "ebitdaratio": 0.0992459802,
    "operatingIncome": 2969000000,
    "operatingIncomeRatio": 0.0741286328,
    "totalOtherIncomeExpensesNet": -287000000,
    "incomeBeforeTax": 2682000000,
    "incomeBeforeTaxRatio": 0.0669629482,
    "incomeTaxExpense": -291000000,
    "netIncome": 2970000000,
    "netIncomeRatio": 0.0741536003,
    "eps": 8.14,
    "epsdiluted": 8.04,
    "weightedAverageShsOut": 365000000,
    "weightedAverageShsOutDil": 369000000,
    "link": "https://www.sec.gov/Archives/edgar/data/100493/000010049318000108/0000100493-18-000108-index.htm",
    "finalLink": "https://www.sec.gov/Archives/edgar/data/100493/000010049318000108/tsn201810kq4.htm"
  },
  {
    "date": "2017-09-30",
    "symbol": "TSN",
    "reportedCurrency": "USD",
    "cik": "0000100493",
    "fillingDate": "2017-11-13",
    "acceptedDate": "2017-11-13 07:41:02",
    "calendarYear": "2017",
    "period": "FY",
    "revenue": 38260000000,
    "costOfRevenue": 33198000000,
    "grossProfit": 5062000000,
    "grossProfitRatio": 0.1323052797,
    "researchAndDevelopmentExpenses": 0,
    "generalAndAdministrativeExpenses": 0,
    "sellingAndMarketingExpenses": 238000000,
    "sellingGeneralAndAdministrativeExpenses": 2141000000,
    "otherExpenses": 0,
    "operatingExpenses": 2141000000,
    "costAndExpenses": 35339000000,
    "interestIncome": 7000000,
    "interestExpense": 279000000,
    "depreciationAndAmortization": 761000000,
    "ebitda": 3668000000,
    "ebitdaratio": 0.0958703607,
    "operatingIncome": 2921000000,
    "operatingIncomeRatio": 0.0763460533,
    "totalOtherIncomeExpensesNet": -293000000,
    "incomeBeforeTax": 2628000000,
    "incomeBeforeTaxRatio": 0.0686879247,
    "incomeTaxExpense": 850000000,
    "netIncome": 1774000000,
    "netIncomeRatio": 0.0463669629,
    "eps": 4.94,
    "epsdiluted": 4.79,
    "weightedAverageShsOut": 366000000,
    "weightedAverageShsOutDil": 370000000,
    "link": "https://www.sec.gov/Archives/edgar/data/100493/000010049317000133/0000100493-17-000133-index.htm",
    "finalLink": "https://www.sec.gov/Archives/edgar/data/100493/000010049317000133/tsn201710kq4.htm"
  },
  {
    "date": "2016-10-01",
    "symbol": "TSN",
    "reportedCurrency": "USD",
    "cik": "0000100493",
    "fillingDate": "2016-11-21",
    "acceptedDate": "2016-11-21 07:37:25",
    "calendarYear": "2016",
    "period": "FY",
    "revenue": 36881000000,
    "costOfRevenue": 32184000000,
    "grossProfit": 4697000000,
    "grossProfitRatio": 0.1273555489,
    "researchAndDevelopmentExpenses": 0,
    "generalAndAdministrativeExpenses": 0,
    "sellingAndMarketingExpenses": 238000000,
    "sellingGeneralAndAdministrativeExpenses": 1864000000,
    "otherExpenses": 0,
    "operatingExpenses": 1864000000,
    "costAndExpenses": 34048000000,
    "interestIncome": 6000000,
    "interestExpense": 249000000,
    "depreciationAndAmortization": 705000000,
    "ebitda": 3552000000,
    "ebitdaratio": 0.096309753,
    "operatingIncome": 2833000000,
    "operatingIncomeRatio": 0.07681462,
    "totalOtherIncomeExpensesNet": -235000000,
    "incomeBeforeTax": 2598000000,
    "incomeBeforeTaxRatio": 0.0704427754,
    "incomeTaxExpense": 826000000,
    "netIncome": 1768000000,
    "netIncomeRatio": 0.0479379626,
    "eps": 4.67,
    "epsdiluted": 4.53,
    "weightedAverageShsOut": 385000000,
    "weightedAverageShsOutDil": 390000000,
    "link": "https://www.sec.gov/Archives/edgar/data/100493/000010049316000281/0000100493-16-000281-index.htm",
    "finalLink": "https://www.sec.gov/Archives/edgar/data/100493/000010049316000281/tsn201610kq4.htm"
  },
  {
    "date": "2015-10-03",
    "symbol": "TSN",
    "reportedCurrency": "USD",
    "cik": "0000100493",
    "fillingDate": "2015-11-23",
    "acceptedDate": "2015-11-23 07:40:41",
    "calendarYear": "2015",
    "period": "FY",
    "revenue": 41373000000,
    "costOfRevenue": 37456000000,
    "grossProfit": 3917000000,
    "grossProfitRatio": 0.0946752713,
    "researchAndDevelopmentExpenses": 0,
    "generalAndAdministrativeExpenses": 0,
    "sellingAndMarketingExpenses": 181000000,
    "sellingGeneralAndAdministrativeExpenses": 1748000000,
    "otherExpenses": 0,
    "operatingExpenses": 1748000000,
    "costAndExpenses": 39204000000,
    "interestIncome": 9000000,
    "interestExpense": 293000000,
    "depreciationAndAmortization": 711000000,
    "ebitda": 2925000000,
    "ebitdaratio": 0.0706982815,
    "operatingIncome": 2169000000,
    "operatingIncomeRatio": 0.0524254949,
    "totalOtherIncomeExpensesNet": -248000000,
    "incomeBeforeTax": 1921000000,
    "incomeBeforeTaxRatio": 0.0464312474,
    "incomeTaxExpense": 697000000,
    "netIncome": 1220000000,
    "netIncomeRatio": 0.0294878302,
    "eps": 3.06,
    "epsdiluted": 2.95,
    "weightedAverageShsOut": 405000000,
    "weightedAverageShsOutDil": 413000000,
    "link": "https://www.sec.gov/Archives/edgar/data/100493/000010049315000109/0000100493-15-000109-index.htm",
    "finalLink": "https://www.sec.gov/Archives/edgar/data/100493/000010049315000109/tsn201510kq4.htm"
  },
  {
    "date": "2014-09-27",
    "symbol": "TSN",
    "reportedCurrency": "USD",
    "cik": "0000100493",
    "fillingDate": "2014-11-17",
    "acceptedDate": "2014-11-17 07:40:03",
    "calendarYear": "2014",
    "period": "FY",
    "revenue": 37580000000,
    "costOfRevenue": 34895000000,
    "grossProfit": 2685000000,
    "grossProfitRatio": 0.0714475785,
    "researchAndDevelopmentExpenses": 0,
    "generalAndAdministrativeExpenses": 0,
    "sellingAndMarketingExpenses": 0,
    "sellingGeneralAndAdministrativeExpenses": 1255000000,
    "otherExpenses": 0,
    "operatingExpenses": 1255000000,
    "costAndExpenses": 36150000000,
    "interestIncome": 7000000,
    "interestExpense": 132000000,
    "depreciationAndAmortization": 530000000,
    "ebitda": 1914000000,
    "ebitdaratio": 0.0509313465,
    "operatingIncome": 1430000000,
    "operatingIncomeRatio": 0.0380521554,
    "totalOtherIncomeExpensesNet": -178000000,
    "incomeBeforeTax": 1252000000,
    "incomeBeforeTaxRatio": 0.0333155934,
    "incomeTaxExpense": 396000000,
    "netIncome": 864000000,
    "netIncomeRatio": 0.0229909526,
    "eps": 2.48,
    "epsdiluted": 2.37,
    "weightedAverageShsOut": 354000000,
    "weightedAverageShsOutDil": 364000000,
    "link": "https://www.sec.gov/Archives/edgar/data/100493/000010049314000220/0000100493-14-000220-index.htm",
    "finalLink": "https://www.sec.gov/Archives/edgar/data/100493/000010049314000220/tsn201410kq4.htm"
  },
  {
    "date": "2013-09-28",
    "symbol": "TSN",
    "reportedCurrency": "USD",
    "cik": "0000100493",
    "fillingDate": "2013-11-18",
    "acceptedDate": "2013-11-18 08:05:19",
    "calendarYear": "2013",
    "period": "FY",
    "revenue": 34374000000,
    "costOfRevenue": 32016000000,
    "grossProfit": 2358000000,
    "grossProfitRatio": 0.0685983592,
    "researchAndDevelopmentExpenses": 0,
    "generalAndAdministrativeExpenses": 0,
    "sellingAndMarketingExpenses": 0,
    "sellingGeneralAndAdministrativeExpenses": 983000000,
    "otherExpenses": 0,
    "operatingExpenses": 983000000,
    "costAndExpenses": 32999000000,
    "interestIncome": 7000000,
    "interestExpense": 145000000,
    "depreciationAndAmortization": 519000000,
    "ebitda": 1921000000,
    "ebitdaratio": 0.0558852621,
    "operatingIncome": 1375000000,
    "operatingIncomeRatio": 0.0400011637,
    "totalOtherIncomeExpensesNet": -118000000,
    "incomeBeforeTax": 1257000000,
    "incomeBeforeTaxRatio": 0.0365683365,
    "incomeTaxExpense": 409000000,
    "netIncome": 778000000,
    "netIncomeRatio": 0.0226333857,
    "eps": 2.26,
    "epsdiluted": 2.12,
    "weightedAverageShsOut": 352000000,
    "weightedAverageShsOutDil": 367000000,
    "link": "https://www.sec.gov/Archives/edgar/data/100493/000010049313000079/0000100493-13-000079-index.htm",
    "finalLink": "https://www.sec.gov/Archives/edgar/data/100493/000010049313000079/tsn2013q410k.htm"
  },
  {
    "date": "2012-09-29",
    "symbol": "TSN",
    "reportedCurrency": "USD",
    "cik": "0000100493",
    "fillingDate": "2012-11-19",
    "acceptedDate": "2012-11-19 07:38:14",
    "calendarYear": "2012",
    "period": "FY",
    "revenue": 33055000000,
    "costOfRevenue": 30865000000,
    "grossProfit": 2190000000,
    "grossProfitRatio": 0.0662532143,
    "researchAndDevelopmentExpenses": 0,
    "generalAndAdministrativeExpenses": 0,
    "sellingAndMarketingExpenses": 496000000,
    "sellingGeneralAndAdministrativeExpenses": 904000000,
    "otherExpenses": 0,
    "operatingExpenses": 904000000,
    "costAndExpenses": 31769000000,
    "interestIncome": 12000000,
    "interestExpense": 356000000,
    "depreciationAndAmortization": 499000000,
    "ebitda": 1820000000,
    "ebitdaratio": 0.0550597489,
    "operatingIncome": 1286000000,
    "operatingIncomeRatio": 0.0389048555,
    "totalOtherIncomeExpensesNet": -321000000,
    "incomeBeforeTax": 965000000,
    "incomeBeforeTaxRatio": 0.029193768,
    "incomeTaxExpense": 351000000,
    "netIncome": 583000000,
    "netIncomeRatio": 0.0176372712,
    "eps": 1.64,
    "epsdiluted": 1.58,
    "weightedAverageShsOut": 363000000,
    "weightedAverageShsOutDil": 370000000,
    "link": "https://www.sec.gov/Archives/edgar/data/100493/000010049312000065/0000100493-12-000065-index.htm",
    "finalLink": "https://www.sec.gov/Archives/edgar/data/100493/000010049312000065/tsn2012q410k.htm"
  },
  {
    "date": "2011-10-01",
    "symbol": "TSN",
    "reportedCurrency": "USD",
    "cik": "0000100493",
    "fillingDate": "2011-11-21",
    "acceptedDate": "2011-11-21 07:47:25",
    "calendarYear": "2011",
    "period": "FY",
    "revenue": 32032000000,
    "costOfRevenue": 29837000000,
    "grossProfit": 2195000000,
    "grossProfitRatio": 0.0685252248,
    "researchAndDevelopmentExpenses": 0,
    "generalAndAdministrativeExpenses": 0,
    "sellingAndMarketingExpenses": 0,
    "sellingGeneralAndAdministrativeExpenses": 906000000,
    "otherExpenses": 0,
    "operatingExpenses": 906000000,
    "costAndExpenses": 30743000000,
    "interestIncome": 11000000,
    "interestExpense": 242000000,
    "depreciationAndAmortization": 506000000,
    "ebitda": 1826000000,
    "ebitdaratio": 0.0570054945,
    "operatingIncome": 1289000000,
    "operatingIncomeRatio": 0.040241009,
    "totalOtherIncomeExpensesNet": -211000000,
    "incomeBeforeTax": 1078000000,
    "incomeBeforeTaxRatio": 0.0336538462,
    "incomeTaxExpense": 340000000,
    "netIncome": 750000000,
    "netIncomeRatio": 0.0234140859,
    "eps": 2.04,
    "epsdiluted": 1.97,
    "weightedAverageShsOut": 373000000,
    "weightedAverageShsOutDil": 380000000,
    "link": "https://www.sec.gov/Archives/edgar/data/100493/000119312511317791/0001193125-11-317791-index.htm",
    "finalLink": "https://www.sec.gov/Archives/edgar/data/100493/000119312511317791/d232196d10k.htm"
  },
  {
    "date": "2010-10-02",
    "symbol": "TSN",
    "reportedCurrency": "USD",
    "cik": "0000100493",
    "fillingDate": "2010-11-22",
    "acceptedDate": "2010-11-22 07:59:49",
    "calendarYear": "2010",
    "period": "FY",
    "revenue": 28430000000,
    "costOfRevenue": 25916000000,
    "grossProfit": 2514000000,
    "grossProfitRatio": 0.0884277172,
    "researchAndDevelopmentExpenses": 0,
    "generalAndAdministrativeExpenses": 0,
    "sellingAndMarketingExpenses": 0,
    "sellingGeneralAndAdministrativeExpenses": 929000000,
    "otherExpenses": 29000000,
    "operatingExpenses": 958000000,
    "costAndExpenses": 26874000000,
    "interestIncome": 14000000,
    "interestExpense": 347000000,
    "depreciationAndAmortization": 497000000,
    "ebitda": 2047000000,
    "ebitdaratio": 0.072001407,
    "operatingIncome": 1556000000,
    "operatingIncomeRatio": 0.054730918,
    "totalOtherIncomeExpensesNet": -353000000,
    "incomeBeforeTax": 1203000000,
    "incomeBeforeTaxRatio": 0.0423144566,
    "incomeTaxExpense": 438000000,
    "netIncome": 780000000,
    "netIncomeRatio": 0.0274358072,
    "eps": 2.13,
    "epsdiluted": 2.1,
    "weightedAverageShsOut": 373000000,
    "weightedAverageShsOutDil": 373000000,
    "link": "https://www.sec.gov/Archives/edgar/data/100493/000119312510265708/0001193125-10-265708-index.htm",
    "finalLink": "https://www.sec.gov/Archives/edgar/data/100493/000119312510265708/d10k.htm"
  },
  {
    "date": "2009-10-03",
    "symbol": "TSN",
    "reportedCurrency": "USD",
    "cik": "0000100493",
    "fillingDate": "2009-11-23",
    "acceptedDate": "2009-11-23 07:44:04",
    "calendarYear": "2009",
    "period": "FY",
    "revenue": 26704000000,
    "costOfRevenue": 25501000000,
    "grossProfit": 1203000000,
    "grossProfitRatio": 0.0450494308,
    "researchAndDevelopmentExpenses": 0,
    "generalAndAdministrativeExpenses": 0,
    "sellingAndMarketingExpenses": 0,
    "sellingGeneralAndAdministrativeExpenses": 858000000,
    "otherExpenses": 560000000,
    "operatingExpenses": 1418000000,
    "costAndExpenses": 26919000000,
    "interestIncome": 17000000,
    "interestExpense": 327000000,
    "depreciationAndAmortization": 513000000,
    "ebitda": 297000000,
    "ebitdaratio": 0.0111219293,
    "operatingIncome": -215000000,
    "operatingIncomeRatio": -0.0080512283,
    "totalOtherIncomeExpensesNet": -328000000,
    "incomeBeforeTax": -543000000,
    "incomeBeforeTaxRatio": -0.0203340324,
    "incomeTaxExpense": 7000000,
    "netIncome": -547000000,
    "netIncomeRatio": -0.0204838226,
    "eps": -1.78,
    "epsdiluted": -1.47,
    "weightedAverageShsOut": 302000000,
    "weightedAverageShsOutDil": 372000000,
    "link": "https://www.sec.gov/Archives/edgar/data/100493/000010049309000067/0000100493-09-000067-index.htm",
    "finalLink": "https://www.sec.gov/Archives/edgar/data/100493/000010049309000067/form10k_100309.htm"
  },
  {
    "date": "2008-09-27",
    "symbol": "TSN",
    "reportedCurrency": "USD",
    "cik": "0000100493",
    "fillingDate": "2008-11-20",
    "acceptedDate": "2008-11-20 09:55:28",
    "calendarYear": "2008",
    "period": "FY",
    "revenue": 26862000000,
    "costOfRevenue": 25616000000,
    "grossProfit": 1246000000,
    "grossProfitRatio": 0.0463852282,
    "researchAndDevelopmentExpenses": 0,
    "generalAndAdministrativeExpenses": 0,
    "sellingAndMarketingExpenses": 0,
    "sellingGeneralAndAdministrativeExpenses": 915000000,
    "otherExpenses": 0,
    "operatingExpenses": 915000000,
    "costAndExpenses": 26531000000,
    "interestIncome": 0,
    "interestExpense": 0,
    "depreciationAndAmortization": 493000000,
    "ebitda": 824000000,
    "ebitdaratio": 0.0306753034,
    "operatingIncome": 331000000,
    "operatingIncomeRatio": 0.0123222396,
    "totalOtherIncomeExpensesNet": -177000000,
    "incomeBeforeTax": 154000000,
    "incomeBeforeTaxRatio": 0.0057330057,
    "incomeTaxExpense": 68000000,
    "netIncome": 86000000,
    "netIncomeRatio": 0.0032015487,
    "eps": 0.25,
    "epsdiluted": 0.24,
    "weightedAverageShsOut": 281000000,
    "weightedAverageShsOutDil": 356000000,
    "link": "https://www.sec.gov/Archives/edgar/data/100493/000010049308000060/0000100493-08-000060-index.htm",
    "finalLink": "https://www.sec.gov/Archives/edgar/data/100493/000010049308000060/form10k_09272008.htm"
  },
  {
    "date": "2007-09-29",
    "symbol": "TSN",
    "reportedCurrency": "USD",
    "cik": "0000100493",
    "fillingDate": "2007-11-21",
    "acceptedDate": "2007-11-21 12:28:53",
    "calendarYear": "2007",
    "period": "FY",
    "revenue": 26900000000,
    "costOfRevenue": 25467000000,
    "grossProfit": 1433000000,
    "grossProfitRatio": 0.0532713755,
    "researchAndDevelopmentExpenses": 0,
    "generalAndAdministrativeExpenses": 0,
    "sellingAndMarketingExpenses": 0,
    "sellingGeneralAndAdministrativeExpenses": 817000000,
    "otherExpenses": 2000000,
    "operatingExpenses": 819000000,
    "costAndExpenses": 26286000000,
    "interestIncome": 0,
    "interestExpense": 0,
    "depreciationAndAmortization": 514000000,
    "ebitda": 1128000000,
    "ebitdaratio": 0.0419330855,
    "operatingIncome": 614000000,
    "operatingIncomeRatio": 0.0228252788,
    "totalOtherIncomeExpensesNet": -204000000,
    "incomeBeforeTax": 410000000,
    "incomeBeforeTaxRatio": 0.0152416357,
    "incomeTaxExpense": 142000000,
    "netIncome": 268000000,
    "netIncomeRatio": 0.0099628253,
    "eps": 0.79,
    "epsdiluted": 0.75,
    "weightedAverageShsOut": 273000000,
    "weightedAverageShsOutDil": 355000000,
    "link": "https://www.sec.gov/Archives/edgar/data/100493/000010049307000102/0000100493-07-000102-index.htm",
    "finalLink": "https://www.sec.gov/Archives/edgar/data/100493/000010049307000102/fy07_10k.htm"
  },
  {
    "date": "2006-09-30",
    "symbol": "TSN",
    "reportedCurrency": "USD",
    "cik": "0000100493",
    "fillingDate": "2006-12-13",
    "acceptedDate": "2006-12-13 17:02:26",
    "calendarYear": "2006",
    "period": "FY",
    "revenue": 25559000000,
    "costOfRevenue": 24631000000,
    "grossProfit": 928000000,
    "grossProfitRatio": 0.0363081498,
    "researchAndDevelopmentExpenses": 0,
    "generalAndAdministrativeExpenses": 0,
    "sellingAndMarketingExpenses": 0,
    "sellingGeneralAndAdministrativeExpenses": 935000000,
    "otherExpenses": 70000000,
    "operatingExpenses": 1005000000,
    "costAndExpenses": 25636000000,
    "interestIncome": 0,
    "interestExpense": 0,
    "depreciationAndAmortization": 517000000,
    "ebitda": 440000000,
    "ebitdaratio": 0.017215071,
    "operatingIncome": -77000000,
    "operatingIncomeRatio": -0.0030126374,
    "totalOtherIncomeExpensesNet": -216000000,
    "incomeBeforeTax": -293000000,
    "incomeBeforeTaxRatio": -0.0114636723,
    "incomeTaxExpense": -102000000,
    "netIncome": -196000000,
    "netIncomeRatio": -0.0076685316,
    "eps": -0.79,
    "epsdiluted": -0.57,
    "weightedAverageShsOut": 249000000,
    "weightedAverageShsOutDil": 345000000,
    "link": "https://www.sec.gov/Archives/edgar/data/100493/000010049306000110/0000100493-06-000110-index.htm",
    "finalLink": "https://www.sec.gov/Archives/edgar/data/100493/000010049306000110/form10k_093006.htm"
  },
  {
    "date": "2005-10-01",
    "symbol": "TSN",
    "reportedCurrency": "USD",
    "cik": "0000100493",
    "fillingDate": "2005-12-12",
    "acceptedDate": "2005-12-12 17:31:20",
    "calendarYear": "2005",
    "period": "FY",
    "revenue": 26014000000,
    "costOfRevenue": 24274000000,
    "grossProfit": 1740000000,
    "grossProfitRatio": 0.0668870608,
    "researchAndDevelopmentExpenses": 0,
    "generalAndAdministrativeExpenses": 0,
    "sellingAndMarketingExpenses": 0,
    "sellingGeneralAndAdministrativeExpenses": 928000000,
    "otherExpenses": 67000000,
    "operatingExpenses": 995000000,
    "costAndExpenses": 25269000000,
    "interestIncome": 0,
    "interestExpense": 0,
    "depreciationAndAmortization": 501000000,
    "ebitda": 1246000000,
    "ebitdaratio": 0.0478972861,
    "operatingIncome": 745000000,
    "operatingIncomeRatio": 0.0286384255,
    "totalOtherIncomeExpensesNet": -217000000,
    "incomeBeforeTax": 528000000,
    "incomeBeforeTaxRatio": 0.0202967633,
    "incomeTaxExpense": 156000000,
    "netIncome": 372000000,
    "netIncomeRatio": 0.0142999923,
    "eps": 1.06,
    "epsdiluted": 1.04,
    "weightedAverageShsOut": 345000000,
    "weightedAverageShsOutDil": 357000000,
    "link": "https://www.sec.gov/Archives/edgar/data/100493/000010049305000077/0000100493-05-000077-index.htm",
    "finalLink": "https://www.sec.gov/Archives/edgar/data/100493/000010049305000077/form10k_100105.htm"
  },
  {
    "date": "2004-09-30",
    "symbol": "TSN",
    "reportedCurrency": "USD",
    "cik": "0000100493",
    "fillingDate": "2004-09-30",
    "acceptedDate": "2004-09-29 20:00:00",
    "calendarYear": "2004",
    "period": "FY",
    "revenue": 26441000000,
    "costOfRevenue": 24550000000,
    "grossProfit": 1891000000,
    "grossProfitRatio": 0.0715177187,
    "researchAndDevelopmentExpenses": 0,
    "generalAndAdministrativeExpenses": 0,
    "sellingAndMarketingExpenses": 0,
    "sellingGeneralAndAdministrativeExpenses": 880000000,
    "otherExpenses": 94000000,
    "operatingExpenses": 974000000,
    "costAndExpenses": 25524000000,
    "interestIncome": 0,
    "interestExpense": 0,
    "depreciationAndAmortization": 490000000,
    "ebitda": 1407000000,
    "ebitdaratio": 0.0532128134,
    "operatingIncome": 917000000,
    "operatingIncomeRatio": 0.0346809879,
    "totalOtherIncomeExpensesNet": -282000000,
    "incomeBeforeTax": 635000000,
    "incomeBeforeTaxRatio": 0.0240157331,
    "incomeTaxExpense": 232000000,
    "netIncome": 403000000,
    "netIncomeRatio": 0.015241481,
    "eps": 1.14,
    "epsdiluted": 1.13,
    "weightedAverageShsOut": 345000000,
    "weightedAverageShsOutDil": 357000000,
    "link": "",
    "finalLink": ""
  },
  {
    "date": "2003-09-27",
    "symbol": "TSN",
    "reportedCurrency": "USD",
    "cik": "0000100493",
    "fillingDate": "2003-12-16",
    "acceptedDate": "2003-12-16 17:15:13",
    "calendarYear": "2003",
    "period": "FY",
    "revenue": 24549000000,
    "costOfRevenue": 22805000000,
    "grossProfit": 1744000000,
    "grossProfitRatio": 0.0710415903,
    "researchAndDevelopmentExpenses": 0,
    "generalAndAdministrativeExpenses": 0,
    "sellingAndMarketingExpenses": 0,
    "sellingGeneralAndAdministrativeExpenses": 831000000,
    "otherExpenses": 76000000,
    "operatingExpenses": 907000000,
    "costAndExpenses": 23712000000,
    "interestIncome": 0,
    "interestExpense": 0,
    "depreciationAndAmortization": 458000000,
    "ebitda": 1295000000,
    "ebitdaratio": 0.0527516396,
    "operatingIncome": 837000000,
    "operatingIncomeRatio": 0.0340950752,
    "totalOtherIncomeExpensesNet": -314000000,
    "incomeBeforeTax": 523000000,
    "incomeBeforeTaxRatio": 0.0213043301,
    "incomeTaxExpense": 186000000,
    "netIncome": 337000000,
    "netIncomeRatio": 0.0137276467,
    "eps": 0.98,
    "epsdiluted": 0.96,
    "weightedAverageShsOut": 346000000,
    "weightedAverageShsOutDil": 351041667,
    "link": "https://www.sec.gov/Archives/edgar/data/100493/000010049303000064/0000100493-03-000064-index.htm",
    "finalLink": "https://www.sec.gov/Archives/edgar/data/100493/000010049303000064/form10k_92703final.htm"
  },
  {
    "date": "2002-09-28",
    "symbol": "TSN",
    "reportedCurrency": "USD",
    "cik": "0000100493",
    "fillingDate": "2002-11-27",
    "acceptedDate": "2002-11-27 17:20:16",
    "calendarYear": "2002",
    "period": "FY",
    "revenue": 23367000000,
    "costOfRevenue": 21550000000,
    "grossProfit": 1817000000,
    "grossProfitRatio": 0.0777592331,
    "researchAndDevelopmentExpenses": 0,
    "generalAndAdministrativeExpenses": 0,
    "sellingAndMarketingExpenses": 0,
    "sellingGeneralAndAdministrativeExpenses": 877000000,
    "otherExpenses": 53000000,
    "operatingExpenses": 930000000,
    "costAndExpenses": 22480000000,
    "interestIncome": 0,
    "interestExpense": 0,
    "depreciationAndAmortization": 467000000,
    "ebitda": 1354000000,
    "ebitdaratio": 0.0579449651,
    "operatingIncome": 887000000,
    "operatingIncomeRatio": 0.0379595156,
    "totalOtherIncomeExpensesNet": -294000000,
    "incomeBeforeTax": 593000000,
    "incomeBeforeTaxRatio": 0.0253776694,
    "incomeTaxExpense": 210000000,
    "netIncome": 383000000,
    "netIncomeRatio": 0.0163906364,
    "eps": 1.1,
    "epsdiluted": 1.08,
    "weightedAverageShsOut": 348000000,
    "weightedAverageShsOutDil": 355000000,
    "link": "https://www.sec.gov/Archives/edgar/data/100493/000010049302000026/0000100493-02-000026-index.htm",
    "finalLink": "https://www.sec.gov/Archives/edgar/data/100493/000010049302000026/form10k_92802.htm"
  },
  {
    "date": "2001-09-29",
    "symbol": "TSN",
    "reportedCurrency": "USD",
    "cik": "0000100493",
    "fillingDate": "2001-12-21",
    "acceptedDate": "2001-12-21 00:00:00",
    "calendarYear": "2001",
    "period": "FY",
    "revenue": 10563000000,
    "costOfRevenue": 9660000000,
    "grossProfit": 903000000,
    "grossProfitRatio": 0.0854870775,
    "researchAndDevelopmentExpenses": 0,
    "generalAndAdministrativeExpenses": 0,
    "sellingAndMarketingExpenses": 0,
    "sellingGeneralAndAdministrativeExpenses": 587000000,
    "otherExpenses": 0,
    "operatingExpenses": 587000000,
    "costAndExpenses": 10247000000,
    "interestIncome": 0,
    "interestExpense": 0,
    "depreciationAndAmortization": 335000000,
    "ebitda": 651000000,
    "ebitdaratio": 0.0616302187,
    "operatingIncome": 316000000,
    "operatingIncomeRatio": 0.0299157436,
    "totalOtherIncomeExpensesNet": -170000000,
    "incomeBeforeTax": 146000000,
    "incomeBeforeTaxRatio": 0.0138218309,
    "incomeTaxExpense": 58000000,
    "netIncome": 88000000,
    "netIncomeRatio": 0.0083309666,
    "eps": 0.4,
    "epsdiluted": 0.4,
    "weightedAverageShsOut": 221000000,
    "weightedAverageShsOutDil": 222000000,
    "link": "https://www.sec.gov/Archives/edgar/data/100493/000010049301500040/0000100493-01-500040-index.htm",
    "finalLink": "https://www.sec.gov/Archives/edgar/data/100493/000010049301500040/form10k_92901.htm"
  },
  {
    "date": "2000-09-30",
    "symbol": "TSN",
    "reportedCurrency": "USD",
    "cik": "0000100493",
    "fillingDate": "2000-12-08",
    "acceptedDate": "2000-12-08 00:00:00",
    "calendarYear": "2000",
    "period": "FY",
    "revenue": 7268000000,
    "costOfRevenue": 6453000000,
    "grossProfit": 815000000,
    "grossProfitRatio": 0.112135388,
    "researchAndDevelopmentExpenses": 0,
    "generalAndAdministrativeExpenses": 0,
    "sellingAndMarketingExpenses": 0,
    "sellingGeneralAndAdministrativeExpenses": 466000000,
    "otherExpenses": 0,
    "operatingExpenses": 466000000,
    "costAndExpenses": 6919000000,
    "interestIncome": 0,
    "interestExpense": 0,
    "depreciationAndAmortization": 294000000,
    "ebitda": 643000000,
    "ebitdaratio": 0.0884700055,
    "operatingIncome": 349000000,
    "operatingIncomeRatio": 0.0480187122,
    "totalOtherIncomeExpensesNet": -115000000,
    "incomeBeforeTax": 234000000,
    "incomeBeforeTaxRatio": 0.0321959274,
    "incomeTaxExpense": 83000000,
    "netIncome": 151000000,
    "netIncomeRatio": 0.0207760044,
    "eps": 0.67,
    "epsdiluted": 0.67,
    "weightedAverageShsOut": 225000000,
    "weightedAverageShsOutDil": 226000000,
    "link": "https://www.sec.gov/Archives/edgar/data/100493/000010049300000012/0000100493-00-000012-index.htm",
    "finalLink": "https://www.sec.gov/Archives/edgar/data/100493/000010049300000012/0000100493-00-000012-0001.txt"
  },
  {
    "date": "1999-10-02",
    "symbol": "TSN",
    "reportedCurrency": "USD",
    "cik": "0000100493",
    "fillingDate": "1999-12-17",
    "acceptedDate": "1999-12-17 05:00:00",
    "calendarYear": "1999",
    "period": "FY",
    "revenue": 7362900000,
    "costOfRevenue": 5798900000,
    "grossProfit": 1564000000,
    "grossProfitRatio": 0.2124163034,
    "researchAndDevelopmentExpenses": 0,
    "generalAndAdministrativeExpenses": 0,
    "sellingAndMarketingExpenses": 0,
    "sellingGeneralAndAdministrativeExpenses": 786000000,
    "otherExpenses": 291100000,
    "operatingExpenses": 1077100000,
    "costAndExpenses": 6876000000,
    "interestIncome": 0,
    "interestExpense": 0,
    "depreciationAndAmortization": 291100000,
    "ebitda": 778000000,
    "ebitdaratio": 0.1056648875,
    "operatingIncome": 486900000,
    "operatingIncomeRatio": 0.0661288351,
    "totalOtherIncomeExpensesNet": -127400000,
    "incomeBeforeTax": 359500000,
    "incomeBeforeTaxRatio": 0.0488258702,
    "incomeTaxExpense": 129400000,
    "netIncome": 230100000,
    "netIncomeRatio": 0.0312512733,
    "eps": 1,
    "epsdiluted": 1,
    "weightedAverageShsOut": 230100000,
    "weightedAverageShsOutDil": 230100000,
    "link": "https://www.sec.gov/Archives/edgar/data/100493/000010049399000008/0000100493-99-000008-index.htm",
    "finalLink": "https://www.sec.gov/Archives/edgar/data/100493/000010049399000008/"
  },
  {
    "date": "1998-10-03",
    "symbol": "TSN",
    "reportedCurrency": "USD",
    "cik": "0000100493",
    "fillingDate": "1998-12-16",
    "acceptedDate": "1998-12-16 05:00:00",
    "calendarYear": "1998",
    "period": "FY",
    "revenue": 7414000000,
    "costOfRevenue": 6017000000,
    "grossProfit": 1397000000,
    "grossProfitRatio": 0.1884272997,
    "researchAndDevelopmentExpenses": 0,
    "generalAndAdministrativeExpenses": 0,
    "sellingAndMarketingExpenses": 0,
    "sellingGeneralAndAdministrativeExpenses": 917000000,
    "otherExpenses": 276000000,
    "operatingExpenses": 1193000000,
    "costAndExpenses": 7210000000,
    "interestIncome": 0,
    "interestExpense": 0,
    "depreciationAndAmortization": 276000000,
    "ebitda": 480000000,
    "ebitdaratio": 0.0647423793,
    "operatingIncome": 204000000,
    "operatingIncomeRatio": 0.0275155112,
    "totalOtherIncomeExpensesNet": -133000000,
    "incomeBeforeTax": 71000000,
    "incomeBeforeTaxRatio": 0.0095764769,
    "incomeTaxExpense": 46000000,
    "netIncome": 25000000,
    "netIncomeRatio": 0.0033719989,
    "eps": 0.11,
    "epsdiluted": 0.11,
    "weightedAverageShsOut": 227272727,
    "weightedAverageShsOutDil": 227272727,
    "link": "https://www.sec.gov/Archives/edgar/data/100493/000010049398000013/0000100493-98-000013-index.htm",
    "finalLink": "https://www.sec.gov/Archives/edgar/data/100493/000010049398000013/"
  },
  {
    "date": "1997-09-27",
    "symbol": "TSN",
    "reportedCurrency": "USD",
    "cik": "0000100493",
    "fillingDate": "1997-12-10",
    "acceptedDate": "1997-12-10 05:00:00",
    "calendarYear": "1997",
    "period": "FY",
    "revenue": 6355700000,
    "costOfRevenue": 5115200000,
    "grossProfit": 1240500000,
    "grossProfitRatio": 0.1951791305,
    "researchAndDevelopmentExpenses": 0,
    "generalAndAdministrativeExpenses": 0,
    "sellingAndMarketingExpenses": 0,
    "sellingGeneralAndAdministrativeExpenses": 610200000,
    "otherExpenses": 230400000,
    "operatingExpenses": 840600000,
    "costAndExpenses": 5955800000,
    "interestIncome": 0,
    "interestExpense": 0,
    "depreciationAndAmortization": 230400000,
    "ebitda": 630300000,
    "ebitdaratio": 0.099170823,
    "operatingIncome": 399900000,
    "operatingIncomeRatio": 0.0629198987,
    "totalOtherIncomeExpensesNet": -70200000,
    "incomeBeforeTax": 329700000,
    "incomeBeforeTaxRatio": 0.0518746952,
    "incomeTaxExpense": 143900000,
    "netIncome": 185800000,
    "netIncomeRatio": 0.0292336013,
    "eps": 0.85,
    "epsdiluted": 0.85,
    "weightedAverageShsOut": 218200000,
    "weightedAverageShsOutDil": 219047619,
    "link": "https://www.sec.gov/Archives/edgar/data/100493/000010049397000012/0000100493-97-000012-index.htm",
    "finalLink": "https://www.sec.gov/Archives/edgar/data/100493/000010049397000012/"
  },
  {
    "date": "1996-09-28",
    "symbol": "TSN",
    "reportedCurrency": "USD",
    "cik": "0000100493",
    "fillingDate": "1996-12-16",
    "acceptedDate": "1996-12-16 05:00:00",
    "calendarYear": "1996",
    "period": "FY",
    "revenue": 6453800000,
    "costOfRevenue": 5294000000,
    "grossProfit": 1159800000,
    "grossProfitRatio": 0.179708079,
    "researchAndDevelopmentExpenses": 0,
    "generalAndAdministrativeExpenses": 0,
    "sellingAndMarketingExpenses": 0,
    "sellingGeneralAndAdministrativeExpenses": 650900000,
    "otherExpenses": 239300000,
    "operatingExpenses": 890200000,
    "costAndExpenses": 6184200000,
    "interestIncome": 0,
    "interestExpense": 0,
    "depreciationAndAmortization": 239300000,
    "ebitda": 508900000,
    "ebitdaratio": 0.0788527689,
    "operatingIncome": 269600000,
    "operatingIncomeRatio": 0.0417738387,
    "totalOtherIncomeExpensesNet": -133700000,
    "incomeBeforeTax": 135900000,
    "incomeBeforeTaxRatio": 0.0210573616,
    "incomeTaxExpense": 49000000,
    "netIncome": 86900000,
    "netIncomeRatio": 0.0134649354,
    "eps": 0.4,
    "epsdiluted": 0.4,
    "weightedAverageShsOut": 218100000,
    "weightedAverageShsOutDil": 219090909,
    "link": "https://www.sec.gov/Archives/edgar/data/100493/000010049396000015/0000100493-96-000015-index.htm",
    "finalLink": "https://www.sec.gov/Archives/edgar/data/100493/000010049396000015/"
  },
  {
    "date": "1995-09-30",
    "symbol": "TSN",
    "reportedCurrency": "USD",
    "cik": "0000100493",
    "fillingDate": "1995-12-01",
    "acceptedDate": "1995-12-01 05:00:00",
    "calendarYear": "1995",
    "period": "FY",
    "revenue": 5511200000,
    "costOfRevenue": 4244100000,
    "grossProfit": 1267100000,
    "grossProfitRatio": 0.2299136304,
    "researchAndDevelopmentExpenses": 0,
    "generalAndAdministrativeExpenses": 0,
    "sellingAndMarketingExpenses": 0,
    "sellingGeneralAndAdministrativeExpenses": 590500000,
    "otherExpenses": 204900000,
    "operatingExpenses": 795400000,
    "costAndExpenses": 5039500000,
    "interestIncome": 0,
    "interestExpense": 0,
    "depreciationAndAmortization": 204900000,
    "ebitda": 676600000,
    "ebitdaratio": 0.1227681812,
    "operatingIncome": 471700000,
    "operatingIncomeRatio": 0.0855893453,
    "totalOtherIncomeExpensesNet": -121500000,
    "incomeBeforeTax": 350200000,
    "incomeBeforeTaxRatio": 0.0635433299,
    "incomeTaxExpense": 131000000,
    "netIncome": 219200000,
    "netIncomeRatio": 0.039773552,
    "eps": 1.01,
    "epsdiluted": 1.01,
    "weightedAverageShsOut": 217650000,
    "weightedAverageShsOutDil": 217650000,
    "link": "https://www.sec.gov/Archives/edgar/data/100493/000010049395000026/0000100493-95-000026-index.htm",
    "finalLink": "https://www.sec.gov/Archives/edgar/data/100493/000010049395000026/"
  },
  {
    "date": "1994-10-01",
    "symbol": "TSN",
    "reportedCurrency": "USD",
    "cik": "0000100493",
    "fillingDate": "1994-12-14",
    "acceptedDate": "1994-12-14 05:00:00",
    "calendarYear": "1994",
    "period": "FY",
    "revenue": 5110300000,
    "costOfRevenue": 3990500000,
    "grossProfit": 1119800000,
    "grossProfitRatio": 0.2191260787,
    "researchAndDevelopmentExpenses": 0,
    "generalAndAdministrativeExpenses": 0,
    "sellingAndMarketingExpenses": 0,
    "sellingGeneralAndAdministrativeExpenses": 522400000,
    "otherExpenses": 188300000,
    "operatingExpenses": 710700000,
    "costAndExpenses": 4701200000,
    "interestIncome": 0,
    "interestExpense": 0,
    "depreciationAndAmortization": 188300000,
    "ebitda": 597400000,
    "ebitdaratio": 0.1169011604,
    "operatingIncome": 409100000,
    "operatingIncomeRatio": 0.0800540086,
    "totalOtherIncomeExpensesNet": -290500000,
    "incomeBeforeTax": 118600000,
    "incomeBeforeTaxRatio": 0.0232080308,
    "incomeTaxExpense": 120700000,
    "netIncome": -2100000,
    "netIncomeRatio": -0.0004109348,
    "eps": -0.0095,
    "epsdiluted": -0.0093,
    "weightedAverageShsOut": 221667000,
    "weightedAverageShsOutDil": 225555556,
    "link": "https://www.sec.gov/Archives/edgar/data/100493/000010049394000026/0000100493-94-000026-index.htm",
    "finalLink": "https://www.sec.gov/Archives/edgar/data/100493/000010049394000026/"
  },
  {
    "date": "1993-09-30",
    "symbol": "TSN",
    "reportedCurrency": "USD",
    "cik": "0000100493",
    "fillingDate": "1993-09-30",
    "acceptedDate": "1993-09-30 00:00:00",
    "calendarYear": "1993",
    "period": "FY",
    "revenue": 4707400000,
    "costOfRevenue": 3650800000,
    "grossProfit": 1056600000,
    "grossProfitRatio": 0.2244551132,
    "researchAndDevelopmentExpenses": 0,
    "generalAndAdministrativeExpenses": 0,
    "sellingAndMarketingExpenses": 0,
    "sellingGeneralAndAdministrativeExpenses": 504600000,
    "otherExpenses": 176500000,
    "operatingExpenses": 681100000,
    "costAndExpenses": 4331900000,
    "interestIncome": 0,
    "interestExpense": 0,
    "depreciationAndAmortization": 176500000,
    "ebitda": 552000000,
    "ebitdaratio": 0.1172621829,
    "operatingIncome": 375500000,
    "operatingIncomeRatio": 0.0797680248,
    "totalOtherIncomeExpensesNet": -65900000,
    "incomeBeforeTax": 309600000,
    "incomeBeforeTaxRatio": 0.0657687896,
    "incomeTaxExpense": 129300000,
    "netIncome": 180300000,
    "netIncomeRatio": 0.0383013978,
    "eps": 0.82,
    "epsdiluted": 0.81,
    "weightedAverageShsOut": 219878049,
    "weightedAverageShsOutDil": 222592593,
    "link": null,
    "finalLink": null
  },
  {
    "date": "1992-09-30",
    "symbol": "TSN",
    "reportedCurrency": "USD",
    "cik": "0000100493",
    "fillingDate": "1992-09-30",
    "acceptedDate": "1992-09-30 00:00:00",
    "calendarYear": "1992",
    "period": "FY",
    "revenue": 4168800000,
    "costOfRevenue": 3270900000,
    "grossProfit": 897900000,
    "grossProfitRatio": 0.2153857225,
    "researchAndDevelopmentExpenses": 0,
    "generalAndAdministrativeExpenses": 0,
    "sellingAndMarketingExpenses": 0,
    "sellingGeneralAndAdministrativeExpenses": 417300000,
    "otherExpenses": 148900000,
    "operatingExpenses": 566200000,
    "costAndExpenses": 3837100000,
    "interestIncome": 0,
    "interestExpense": 0,
    "depreciationAndAmortization": 148900000,
    "ebitda": 480600000,
    "ebitdaratio": 0.1152849741,
    "operatingIncome": 331700000,
    "operatingIncomeRatio": 0.0795672616,
    "totalOtherIncomeExpensesNet": -70700000,
    "incomeBeforeTax": 261000000,
    "incomeBeforeTaxRatio": 0.0626079447,
    "incomeTaxExpense": 100500000,
    "netIncome": 160500000,
    "netIncomeRatio": 0.0385002879,
    "eps": 0.78,
    "epsdiluted": 0.77,
    "weightedAverageShsOut": 205769231,
    "weightedAverageShsOutDil": 208441558,
    "link": null,
    "finalLink": null
  },
  {
    "date": "1991-09-30",
    "symbol": "TSN",
    "reportedCurrency": "USD",
    "cik": "0000100493",
    "fillingDate": "1991-09-30",
    "acceptedDate": "1991-09-30 00:00:00",
    "calendarYear": "1991",
    "period": "FY",
    "revenue": 3922100000,
    "costOfRevenue": 3040800000,
    "grossProfit": 881300000,
    "grossProfitRatio": 0.224701053,
    "researchAndDevelopmentExpenses": 0,
    "generalAndAdministrativeExpenses": 0,
    "sellingAndMarketingExpenses": 0,
    "sellingGeneralAndAdministrativeExpenses": 412200000,
    "otherExpenses": 135800000,
    "operatingExpenses": 548000000,
    "costAndExpenses": 3588800000,
    "interestIncome": 0,
    "interestExpense": 0,
    "depreciationAndAmortization": 135800000,
    "ebitda": 469100000,
    "ebitdaratio": 0.1196042936,
    "operatingIncome": 333300000,
    "operatingIncomeRatio": 0.0849799852,
    "totalOtherIncomeExpensesNet": -90800000,
    "incomeBeforeTax": 242500000,
    "incomeBeforeTaxRatio": 0.0618291222,
    "incomeTaxExpense": 97000000,
    "netIncome": 145500000,
    "netIncomeRatio": 0.0370974733,
    "eps": 0.71,
    "epsdiluted": 0.7,
    "weightedAverageShsOut": 204929577,
    "weightedAverageShsOutDil": 207857143,
    "link": null,
    "finalLink": null
  },
  {
    "date": "1990-09-30",
    "symbol": "TSN",
    "reportedCurrency": "USD",
    "cik": "0000100493",
    "fillingDate": "1990-09-30",
    "acceptedDate": "1990-09-30 00:00:00",
    "calendarYear": "1990",
    "period": "FY",
    "revenue": 3825300000,
    "costOfRevenue": 2958300000,
    "grossProfit": 867000000,
    "grossProfitRatio": 0.2266488903,
    "researchAndDevelopmentExpenses": 0,
    "generalAndAdministrativeExpenses": 0,
    "sellingAndMarketingExpenses": 0,
    "sellingGeneralAndAdministrativeExpenses": 397800000,
    "otherExpenses": 123400000,
    "operatingExpenses": 521200000,
    "costAndExpenses": 3479500000,
    "interestIncome": 0,
    "interestExpense": 0,
    "depreciationAndAmortization": 123400000,
    "ebitda": 469200000,
    "ebitdaratio": 0.1226570465,
    "operatingIncome": 345800000,
    "operatingIncomeRatio": 0.0903981387,
    "totalOtherIncomeExpensesNet": -145700000,
    "incomeBeforeTax": 200100000,
    "incomeBeforeTaxRatio": 0.0523096228,
    "incomeTaxExpense": 80100000,
    "netIncome": 120000000,
    "netIncomeRatio": 0.0313700886,
    "eps": 0.6,
    "epsdiluted": 0.6,
    "weightedAverageShsOut": 200000000,
    "weightedAverageShsOutDil": 200000000,
    "link": null,
    "finalLink": null
  },
  {
    "date": "1989-09-30",
    "symbol": "TSN",
    "reportedCurrency": "USD",
    "cik": "0000100493",
    "fillingDate": "1989-09-30",
    "acceptedDate": "1989-09-30 00:00:00",
    "calendarYear": "1989",
    "period": "FY",
    "revenue": 2538200000,
    "costOfRevenue": 1971300000,
    "grossProfit": 566900000,
    "grossProfitRatio": 0.223347254,
    "researchAndDevelopmentExpenses": 0,
    "generalAndAdministrativeExpenses": 0,
    "sellingAndMarketingExpenses": 0,
    "sellingGeneralAndAdministrativeExpenses": 267600000,
    "otherExpenses": 84800000,
    "operatingExpenses": 352400000,
    "costAndExpenses": 2323700000,
    "interestIncome": 0,
    "interestExpense": 0,
    "depreciationAndAmortization": 84800000,
    "ebitda": 299300000,
    "ebitdaratio": 0.1179182098,
    "operatingIncome": 214500000,
    "operatingIncomeRatio": 0.084508707,
    "totalOtherIncomeExpensesNet": -50900000,
    "incomeBeforeTax": 163600000,
    "incomeBeforeTaxRatio": 0.0644551257,
    "incomeTaxExpense": 63000000,
    "netIncome": 100600000,
    "netIncomeRatio": 0.0396343866,
    "eps": 0.52,
    "epsdiluted": 0.52,
    "weightedAverageShsOut": 193461538,
    "weightedAverageShsOutDil": 193461538,
    "link": null,
    "finalLink": null
  },
  {
    "date": "1988-09-30",
    "symbol": "TSN",
    "reportedCurrency": "USD",
    "cik": "0000100493",
    "fillingDate": "1988-09-30",
    "acceptedDate": "1988-09-29 20:00:00",
    "calendarYear": "1988",
    "period": "FY",
    "revenue": 1936000000,
    "costOfRevenue": 1557300000,
    "grossProfit": 378700000,
    "grossProfitRatio": 0.1956095041,
    "researchAndDevelopmentExpenses": 0,
    "generalAndAdministrativeExpenses": 0,
    "sellingAndMarketingExpenses": 0,
    "sellingGeneralAndAdministrativeExpenses": 183800000,
    "otherExpenses": 70300000,
    "operatingExpenses": 254100000,
    "costAndExpenses": 1811400000,
    "interestIncome": 0,
    "interestExpense": 0,
    "depreciationAndAmortization": 70300000,
    "ebitda": 194900000,
    "ebitdaratio": 0.1006714876,
    "operatingIncome": 124600000,
    "operatingIncomeRatio": 0.0643595041,
    "totalOtherIncomeExpensesNet": -20200000,
    "incomeBeforeTax": 104400000,
    "incomeBeforeTaxRatio": 0.0539256198,
    "incomeTaxExpense": 23000000,
    "netIncome": 81400000,
    "netIncomeRatio": 0.0420454545,
    "eps": 0.43,
    "epsdiluted": 0.43,
    "weightedAverageShsOut": 189302326,
    "weightedAverageShsOutDil": 189302326,
    "link": "",
    "finalLink": ""
  },
  {
    "date": "1987-09-30",
    "symbol": "TSN",
    "reportedCurrency": "USD",
    "cik": "0000100493",
    "fillingDate": "1987-09-30",
    "acceptedDate": "1987-09-29 20:00:00",
    "calendarYear": "1987",
    "period": "FY",
    "revenue": 1786000000,
    "costOfRevenue": 1422600000,
    "grossProfit": 363400000,
    "grossProfitRatio": 0.2034714446,
    "researchAndDevelopmentExpenses": 0,
    "generalAndAdministrativeExpenses": 0,
    "sellingAndMarketingExpenses": 0,
    "sellingGeneralAndAdministrativeExpenses": 156600000,
    "otherExpenses": 60400000,
    "operatingExpenses": 217000000,
    "costAndExpenses": 1639600000,
    "interestIncome": 0,
    "interestExpense": 0,
    "depreciationAndAmortization": 60400000,
    "ebitda": 206800000,
    "ebitdaratio": 0.1157894737,
    "operatingIncome": 146400000,
    "operatingIncomeRatio": 0.0819708847,
    "totalOtherIncomeExpensesNet": -23200000,
    "incomeBeforeTax": 123200000,
    "incomeBeforeTaxRatio": 0.068980963,
    "incomeTaxExpense": 55400000,
    "netIncome": 67800000,
    "netIncomeRatio": 0.0379619261,
    "eps": 0.35,
    "epsdiluted": 0.35,
    "weightedAverageShsOut": 193714286,
    "weightedAverageShsOutDil": 193714286,
    "link": "",
    "finalLink": ""
  },
  {
    "date": "1986-09-30",
    "symbol": "TSN",
    "reportedCurrency": "USD",
    "cik": "0000100493",
    "fillingDate": "1986-09-30",
    "acceptedDate": "1986-09-29 20:00:00",
    "calendarYear": "1986",
    "period": "FY",
    "revenue": 1503700000,
    "costOfRevenue": 1229800000,
    "grossProfit": 273900000,
    "grossProfitRatio": 0.182150695,
    "researchAndDevelopmentExpenses": 0,
    "generalAndAdministrativeExpenses": 0,
    "sellingAndMarketingExpenses": 0,
    "sellingGeneralAndAdministrativeExpenses": 116600000,
    "otherExpenses": 42200000,
    "operatingExpenses": 158800000,
    "costAndExpenses": 1388600000,
    "interestIncome": 0,
    "interestExpense": 0,
    "depreciationAndAmortization": 42200000,
    "ebitda": 157300000,
    "ebitdaratio": 0.104608632,
    "operatingIncome": 115100000,
    "operatingIncomeRatio": 0.0765445235,
    "totalOtherIncomeExpensesNet": -17200000,
    "incomeBeforeTax": 97900000,
    "incomeBeforeTaxRatio": 0.0651060717,
    "incomeTaxExpense": 47600000,
    "netIncome": 50300000,
    "netIncomeRatio": 0.0334508213,
    "eps": 0.27,
    "epsdiluted": 0.27,
    "weightedAverageShsOut": 186296296,
    "weightedAverageShsOutDil": 186296296,
    "link": "",
    "finalLink": ""
  },
  {
    "date": "1985-09-30",
    "symbol": "TSN",
    "reportedCurrency": "USD",
    "cik": "0000100493",
    "fillingDate": "1985-09-30",
    "acceptedDate": "1985-09-29 20:00:00",
    "calendarYear": "1985",
    "period": "FY",
    "revenue": 1135700000,
    "costOfRevenue": 924800000,
    "grossProfit": 210900000,
    "grossProfitRatio": 0.1857004491,
    "researchAndDevelopmentExpenses": 0,
    "generalAndAdministrativeExpenses": 0,
    "sellingAndMarketingExpenses": 0,
    "sellingGeneralAndAdministrativeExpenses": 92300000,
    "otherExpenses": 29700000,
    "operatingExpenses": 122000000,
    "costAndExpenses": 1046800000,
    "interestIncome": 0,
    "interestExpense": 0,
    "depreciationAndAmortization": 29700000,
    "ebitda": 118600000,
    "ebitdaratio": 0.1044289865,
    "operatingIncome": 88900000,
    "operatingIncomeRatio": 0.0782777142,
    "totalOtherIncomeExpensesNet": -18800000,
    "incomeBeforeTax": 70100000,
    "incomeBeforeTaxRatio": 0.0617240468,
    "incomeTaxExpense": 35300000,
    "netIncome": 34800000,
    "netIncomeRatio": 0.0306418949,
    "eps": 0.2,
    "epsdiluted": 0.2,
    "weightedAverageShsOut": 174000000,
    "weightedAverageShsOutDil": 174000000,
    "link": "",
    "finalLink": ""
  }
]