[
  {
    "date": "2025-06-30",
    "symbol": "TT",
    "reportedCurrency": "USD",
    "cik": "0001466258",
    "fillingDate": "2025-07-30",
    "acceptedDate": "2025-07-30 12:07:30",
    "calendarYear": "2025",
    "period": "Q2",
    "revenue": 5746400000,
    "costOfRevenue": 3585800000,
    "grossProfit": 2160600000,
    "grossProfitRatio": 0.3759919254,
    "researchAndDevelopmentExpenses": 0,
    "generalAndAdministrativeExpenses": 996400000,
    "sellingAndMarketingExpenses": 0,
    "sellingGeneralAndAdministrativeExpenses": 996400000,
    "otherExpenses": 0,
    "operatingExpenses": 996400000,
    "costAndExpenses": 4582200000,
    "interestIncome": 0,
    "interestExpense": 58200000,
    "depreciationAndAmortization": 98100000,
    "ebitda": 1249000000,
    "ebitdaratio": 0.2173534735,
    "operatingIncome": 1164200000,
    "operatingIncomeRatio": 0.2025964082,
    "totalOtherIncomeExpensesNet": -71500000,
    "incomeBeforeTax": 1092700000,
    "incomeBeforeTaxRatio": 0.1901538354,
    "incomeTaxExpense": 216700000,
    "netIncome": 874800000,
    "netIncomeRatio": 0.1522344424,
    "eps": 3.92,
    "epsdiluted": 3.89,
    "weightedAverageShsOut": 223200000,
    "weightedAverageShsOutDil": 225100000,
    "link": "https://www.sec.gov/Archives/edgar/data/1466258/000162828025036632/0001628280-25-036632-index.htm",
    "finalLink": "https://www.sec.gov/Archives/edgar/data/1466258/000162828025036632/tt-20250630.htm"
  },
  {
    "date": "2025-03-31",
    "symbol": "TT",
    "reportedCurrency": "USD",
    "cik": "0001466258",
    "fillingDate": "2025-04-30",
    "acceptedDate": "2025-04-30 12:09:42",
    "calendarYear": "2025",
    "period": "Q1",
    "revenue": 4688500000,
    "costOfRevenue": 3011000000,
    "grossProfit": 1677500000,
    "grossProfitRatio": 0.3577903381,
    "researchAndDevelopmentExpenses": 0,
    "generalAndAdministrativeExpenses": 0,
    "sellingAndMarketingExpenses": 0,
    "sellingGeneralAndAdministrativeExpenses": 858600000,
    "otherExpenses": 0,
    "operatingExpenses": 858600000,
    "costAndExpenses": 3869600000,
    "interestIncome": 3300000,
    "interestExpense": 58100000,
    "depreciationAndAmortization": 99100000,
    "ebitda": 910100000,
    "ebitdaratio": 0.1941132558,
    "operatingIncome": 818900000,
    "operatingIncomeRatio": 0.1746614056,
    "totalOtherIncomeExpensesNet": -66000000,
    "incomeBeforeTax": 752900000,
    "incomeBeforeTaxRatio": 0.1605844087,
    "incomeTaxExpense": 134900000,
    "netIncome": 604900000,
    "netIncomeRatio": 0.1290178095,
    "eps": 2.71,
    "epsdiluted": 2.67,
    "weightedAverageShsOut": 223175933,
    "weightedAverageShsOutDil": 226400000,
    "link": "https://www.sec.gov/Archives/edgar/data/1466258/000146625825000122/0001466258-25-000122-index.htm",
    "finalLink": "https://www.sec.gov/Archives/edgar/data/1466258/000146625825000122/tt-20250331.htm"
  },
  {
    "date": "2024-12-31",
    "symbol": "TT",
    "reportedCurrency": "USD",
    "cik": "0001466258",
    "fillingDate": "2025-02-06",
    "acceptedDate": "2025-02-06 16:13:59",
    "calendarYear": "2024",
    "period": "Q4",
    "revenue": 4874000000,
    "costOfRevenue": 3163200000,
    "grossProfit": 1710800000,
    "grossProfitRatio": 0.3510053344,
    "researchAndDevelopmentExpenses": 0,
    "generalAndAdministrativeExpenses": 0,
    "sellingAndMarketingExpenses": 0,
    "sellingGeneralAndAdministrativeExpenses": 903200000,
    "otherExpenses": 0,
    "operatingExpenses": 903200000,
    "costAndExpenses": 4066400000,
    "interestIncome": 11500000,
    "interestExpense": 59900000,
    "depreciationAndAmortization": 96700000,
    "ebitda": 907200000,
    "ebitdaratio": 0.1861304883,
    "operatingIncome": 807600000,
    "operatingIncomeRatio": 0.1656955273,
    "totalOtherIncomeExpensesNet": -57000000,
    "incomeBeforeTax": 750600000,
    "incomeBeforeTaxRatio": 0.1540008207,
    "incomeTaxExpense": 135300000,
    "netIncome": 604300000,
    "netIncomeRatio": 0.1239844071,
    "eps": 2.69,
    "epsdiluted": 2.66,
    "weightedAverageShsOut": 224473947,
    "weightedAverageShsOutDil": 227300000,
    "link": "https://www.sec.gov/Archives/edgar/data/1466258/000146625825000039/0001466258-25-000039-index.htm",
    "finalLink": "https://www.sec.gov/Archives/edgar/data/1466258/000146625825000039/tt-20241231.htm"
  },
  {
    "date": "2024-09-30",
    "symbol": "TT",
    "reportedCurrency": "USD",
    "cik": "0001466258",
    "fillingDate": "2024-10-30",
    "acceptedDate": "2024-10-30 13:53:04",
    "calendarYear": "2024",
    "period": "Q3",
    "revenue": 5441200000,
    "costOfRevenue": 3466800000,
    "grossProfit": 1974400000,
    "grossProfitRatio": 0.3628611336,
    "researchAndDevelopmentExpenses": 0,
    "generalAndAdministrativeExpenses": 0,
    "sellingAndMarketingExpenses": 0,
    "sellingGeneralAndAdministrativeExpenses": 949800000,
    "otherExpenses": 0,
    "operatingExpenses": 949800000,
    "costAndExpenses": 4416600000,
    "interestIncome": 15300000,
    "interestExpense": 63000000,
    "depreciationAndAmortization": 95000000,
    "ebitda": 1125900000,
    "ebitdaratio": 0.2069212674,
    "operatingIncome": 1024600000,
    "operatingIncomeRatio": 0.1883040506,
    "totalOtherIncomeExpensesNet": -56700000,
    "incomeBeforeTax": 967900000,
    "incomeBeforeTaxRatio": 0.1778835551,
    "incomeTaxExpense": 181100000,
    "netIncome": 772000000,
    "netIncomeRatio": 0.1418804675,
    "eps": 3.42,
    "epsdiluted": 3.39,
    "weightedAverageShsOut": 225800000,
    "weightedAverageShsOutDil": 228000000,
    "link": "https://www.sec.gov/Archives/edgar/data/1466258/000146625824000243/0001466258-24-000243-index.htm",
    "finalLink": "https://www.sec.gov/Archives/edgar/data/1466258/000146625824000243/tt-20240930.htm"
  },
  {
    "date": "2024-06-30",
    "symbol": "TT",
    "reportedCurrency": "USD",
    "cik": "0001466258",
    "fillingDate": "2024-07-31",
    "acceptedDate": "2024-07-31 14:12:08",
    "calendarYear": "2024",
    "period": "Q2",
    "revenue": 5307400000,
    "costOfRevenue": 3371900000,
    "grossProfit": 1935500000,
    "grossProfitRatio": 0.3646795041,
    "researchAndDevelopmentExpenses": 0,
    "generalAndAdministrativeExpenses": 904000000,
    "sellingAndMarketingExpenses": 0,
    "sellingGeneralAndAdministrativeExpenses": 904000000,
    "otherExpenses": -2700000,
    "operatingExpenses": 901300000,
    "costAndExpenses": 4273200000,
    "interestIncome": 5400000,
    "interestExpense": 57500000,
    "depreciationAndAmortization": 96200000,
    "ebitda": 1118800000,
    "ebitdaratio": 0.2108000151,
    "operatingIncome": 1034200000,
    "operatingIncomeRatio": 0.1948600068,
    "totalOtherIncomeExpensesNet": -61600000,
    "incomeBeforeTax": 972600000,
    "incomeBeforeTaxRatio": 0.1832535705,
    "incomeTaxExpense": 205800000,
    "netIncome": 755300000,
    "netIncomeRatio": 0.142310736,
    "eps": 3.33,
    "epsdiluted": 3.3,
    "weightedAverageShsOut": 226600000,
    "weightedAverageShsOutDil": 228700000,
    "link": "https://www.sec.gov/Archives/edgar/data/1466258/000146625824000233/0001466258-24-000233-index.htm",
    "finalLink": "https://www.sec.gov/Archives/edgar/data/1466258/000146625824000233/tt-20240630.htm"
  },
  {
    "date": "2024-03-31",
    "symbol": "TT",
    "reportedCurrency": "USD",
    "cik": "0001466258",
    "fillingDate": "2024-04-30",
    "acceptedDate": "2024-04-30 13:55:19",
    "calendarYear": "2024",
    "period": "Q1",
    "revenue": 4215500000,
    "costOfRevenue": 2755600000,
    "grossProfit": 1459900000,
    "grossProfitRatio": 0.3463171629,
    "researchAndDevelopmentExpenses": 0,
    "generalAndAdministrativeExpenses": 828800000,
    "sellingAndMarketingExpenses": 0,
    "sellingGeneralAndAdministrativeExpenses": 828800000,
    "otherExpenses": -2700000,
    "operatingExpenses": 826100000,
    "costAndExpenses": 3581700000,
    "interestIncome": 3700000,
    "interestExpense": 58100000,
    "depreciationAndAmortization": 91500000,
    "ebitda": 700300000,
    "ebitdaratio": 0.1661250148,
    "operatingIncome": 633800000,
    "operatingIncomeRatio": 0.1503498992,
    "totalOtherIncomeExpensesNet": -83100000,
    "incomeBeforeTax": 550700000,
    "incomeBeforeTaxRatio": 0.1306369351,
    "incomeTaxExpense": 105500000,
    "netIncome": 436300000,
    "netIncomeRatio": 0.1034989918,
    "eps": 1.92,
    "epsdiluted": 1.9,
    "weightedAverageShsOut": 227400000,
    "weightedAverageShsOutDil": 229500000,
    "link": "https://www.sec.gov/Archives/edgar/data/1466258/000146625824000159/0001466258-24-000159-index.htm",
    "finalLink": "https://www.sec.gov/Archives/edgar/data/1466258/000146625824000159/tt-20240331.htm"
  },
  {
    "date": "2023-12-31",
    "symbol": "TT",
    "reportedCurrency": "USD",
    "cik": "0001466258",
    "fillingDate": "2024-02-08",
    "acceptedDate": "2024-02-08 10:59:17",
    "calendarYear": "2023",
    "period": "Q4",
    "revenue": 4424100000,
    "costOfRevenue": 2952800000,
    "grossProfit": 1471300000,
    "grossProfitRatio": 0.3325648154,
    "researchAndDevelopmentExpenses": 252300000,
    "generalAndAdministrativeExpenses": 0,
    "sellingAndMarketingExpenses": 0,
    "sellingGeneralAndAdministrativeExpenses": 778600000,
    "otherExpenses": -247200000,
    "operatingExpenses": 783700000,
    "costAndExpenses": 3736500000,
    "interestIncome": 4300000,
    "interestExpense": 57400000,
    "depreciationAndAmortization": 87900000,
    "ebitda": 760000000,
    "ebitdaratio": 0.171786352,
    "operatingIncome": 687600000,
    "operatingIncomeRatio": 0.1554214416,
    "totalOtherIncomeExpensesNet": -72800000,
    "incomeBeforeTax": 614800000,
    "incomeBeforeTaxRatio": 0.1389661174,
    "incomeTaxExpense": 98200000,
    "netIncome": 504300000,
    "netIncomeRatio": 0.113989286,
    "eps": 2.22,
    "epsdiluted": 2.19,
    "weightedAverageShsOut": 227173161,
    "weightedAverageShsOutDil": 229900000,
    "link": "https://www.sec.gov/Archives/edgar/data/1466258/000146625824000047/0001466258-24-000047-index.htm",
    "finalLink": "https://www.sec.gov/Archives/edgar/data/1466258/000146625824000047/tt-20231231.htm"
  },
  {
    "date": "2023-09-30",
    "symbol": "TT",
    "reportedCurrency": "USD",
    "cik": "0001466258",
    "fillingDate": "2023-11-01",
    "acceptedDate": "2023-11-01 12:04:24",
    "calendarYear": "2023",
    "period": "Q3",
    "revenue": 4882900000,
    "costOfRevenue": 3224800000,
    "grossProfit": 1658100000,
    "grossProfitRatio": 0.3395727949,
    "researchAndDevelopmentExpenses": 0,
    "generalAndAdministrativeExpenses": 0,
    "sellingAndMarketingExpenses": 0,
    "sellingGeneralAndAdministrativeExpenses": 793900000,
    "otherExpenses": 0,
    "operatingExpenses": 793900000,
    "costAndExpenses": 4018700000,
    "interestIncome": 3600000,
    "interestExpense": 57900000,
    "depreciationAndAmortization": 92000000,
    "ebitda": 946200000,
    "ebitdaratio": 0.1937782875,
    "operatingIncome": 864200000,
    "operatingIncomeRatio": 0.1769849884,
    "totalOtherIncomeExpensesNet": -67900000,
    "incomeBeforeTax": 796300000,
    "incomeBeforeTaxRatio": 0.1630793176,
    "incomeTaxExpense": 157500000,
    "netIncome": 626300000,
    "netIncomeRatio": 0.1282639415,
    "eps": 2.74,
    "epsdiluted": 2.72,
    "weightedAverageShsOut": 228600000,
    "weightedAverageShsOutDil": 230600000,
    "link": "https://www.sec.gov/Archives/edgar/data/1466258/000146625823000209/0001466258-23-000209-index.htm",
    "finalLink": "https://www.sec.gov/Archives/edgar/data/1466258/000146625823000209/tt-20230930.htm"
  },
  {
    "date": "2023-06-30",
    "symbol": "TT",
    "reportedCurrency": "USD",
    "cik": "0001466258",
    "fillingDate": "2023-08-02",
    "acceptedDate": "2023-08-02 11:45:16",
    "calendarYear": "2023",
    "period": "Q2",
    "revenue": 4704700000,
    "costOfRevenue": 3120300000,
    "grossProfit": 1584400000,
    "grossProfitRatio": 0.3367696134,
    "researchAndDevelopmentExpenses": 0,
    "generalAndAdministrativeExpenses": 0,
    "sellingAndMarketingExpenses": 0,
    "sellingGeneralAndAdministrativeExpenses": 699000000,
    "otherExpenses": 0,
    "operatingExpenses": 699000000,
    "costAndExpenses": 3819300000,
    "interestIncome": 3100000,
    "interestExpense": 61600000,
    "depreciationAndAmortization": 88400000,
    "ebitda": 916400000,
    "ebitdaratio": 0.1947839395,
    "operatingIncome": 885400000,
    "operatingIncomeRatio": 0.1881947839,
    "totalOtherIncomeExpensesNet": -119000000,
    "incomeBeforeTax": 766400000,
    "incomeBeforeTaxRatio": 0.1629009289,
    "incomeTaxExpense": 169600000,
    "netIncome": 586200000,
    "netIncomeRatio": 0.1245988054,
    "eps": 2.57,
    "epsdiluted": 2.55,
    "weightedAverageShsOut": 228500000,
    "weightedAverageShsOutDil": 230300000,
    "link": "https://www.sec.gov/Archives/edgar/data/1466258/000146625823000186/0001466258-23-000186-index.htm",
    "finalLink": "https://www.sec.gov/Archives/edgar/data/1466258/000146625823000186/tt-20230630.htm"
  },
  {
    "date": "2023-03-31",
    "symbol": "TT",
    "reportedCurrency": "USD",
    "cik": "0001466258",
    "fillingDate": "2023-05-03",
    "acceptedDate": "2023-05-03 12:28:38",
    "calendarYear": "2023",
    "period": "Q1",
    "revenue": 3665800000,
    "costOfRevenue": 2522300000,
    "grossProfit": 1143500000,
    "grossProfitRatio": 0.311937367,
    "researchAndDevelopmentExpenses": 0,
    "generalAndAdministrativeExpenses": 692300000,
    "sellingAndMarketingExpenses": -5600000,
    "sellingGeneralAndAdministrativeExpenses": 686700000,
    "otherExpenses": 0,
    "operatingExpenses": 686700000,
    "costAndExpenses": 3209000000,
    "interestIncome": 4400000,
    "interestExpense": 57600000,
    "depreciationAndAmortization": 79800000,
    "ebitda": 527200000,
    "ebitdaratio": 0.143815811,
    "operatingIncome": 456800000,
    "operatingIncomeRatio": 0.1246112718,
    "totalOtherIncomeExpensesNet": -67000000,
    "incomeBeforeTax": 389800000,
    "incomeBeforeTaxRatio": 0.1063342245,
    "incomeTaxExpense": 73200000,
    "netIncome": 307100000,
    "netIncomeRatio": 0.0837743467,
    "eps": 1.34,
    "epsdiluted": 1.33,
    "weightedAverageShsOut": 229300000,
    "weightedAverageShsOutDil": 231500000,
    "link": "https://www.sec.gov/Archives/edgar/data/1466258/000146625823000117/0001466258-23-000117-index.htm",
    "finalLink": "https://www.sec.gov/Archives/edgar/data/1466258/000146625823000117/tt-20230331.htm"
  },
  {
    "date": "2022-12-31",
    "symbol": "TT",
    "reportedCurrency": "USD",
    "cik": "0001466258",
    "fillingDate": "2023-02-10",
    "acceptedDate": "2023-02-10 11:30:03",
    "calendarYear": "2022",
    "period": "Q4",
    "revenue": 4073900000,
    "costOfRevenue": 2854400000,
    "grossProfit": 1219500000,
    "grossProfitRatio": 0.2993446084,
    "researchAndDevelopmentExpenses": 211200000,
    "generalAndAdministrativeExpenses": 0,
    "sellingAndMarketingExpenses": 0,
    "sellingGeneralAndAdministrativeExpenses": 635400000,
    "otherExpenses": -207700000,
    "operatingExpenses": 638900000,
    "costAndExpenses": 3493300000,
    "interestIncome": 4000000,
    "interestExpense": 55900000,
    "depreciationAndAmortization": 82000000,
    "ebitda": 660500000,
    "ebitdaratio": 0.1621296546,
    "operatingIncome": 580600000,
    "operatingIncomeRatio": 0.1425169985,
    "totalOtherIncomeExpensesNet": -58200000,
    "incomeBeforeTax": 522400000,
    "incomeBeforeTaxRatio": 0.1282309335,
    "incomeTaxExpense": 73400000,
    "netIncome": 439100000,
    "netIncomeRatio": 0.1077836962,
    "eps": 1.91,
    "epsdiluted": 1.89,
    "weightedAverageShsOut": 230232392,
    "weightedAverageShsOutDil": 232400000,
    "link": "https://www.sec.gov/Archives/edgar/data/1466258/000146625823000058/0001466258-23-000058-index.htm",
    "finalLink": "https://www.sec.gov/Archives/edgar/data/1466258/000146625823000058/tt-20221231.htm"
  },
  {
    "date": "2022-09-30",
    "symbol": "TT",
    "reportedCurrency": "USD",
    "cik": "0001466258",
    "fillingDate": "2022-11-02",
    "acceptedDate": "2022-11-02 13:10:06",
    "calendarYear": "2022",
    "period": "Q3",
    "revenue": 4371900000,
    "costOfRevenue": 2939100000,
    "grossProfit": 1432800000,
    "grossProfitRatio": 0.3277293625,
    "researchAndDevelopmentExpenses": 0,
    "generalAndAdministrativeExpenses": 0,
    "sellingAndMarketingExpenses": 0,
    "sellingGeneralAndAdministrativeExpenses": 693300000,
    "otherExpenses": 0,
    "operatingExpenses": 693300000,
    "costAndExpenses": 3632400000,
    "interestIncome": 2400000,
    "interestExpense": 55800000,
    "depreciationAndAmortization": 84000000,
    "ebitda": 805000000,
    "ebitdaratio": 0.1841304696,
    "operatingIncome": 739500000,
    "operatingIncomeRatio": 0.1691484252,
    "totalOtherIncomeExpensesNet": -74500000,
    "incomeBeforeTax": 665000000,
    "incomeBeforeTaxRatio": 0.1521077792,
    "incomeTaxExpense": 104700000,
    "netIncome": 547900000,
    "netIncomeRatio": 0.1253230861,
    "eps": 2.36,
    "epsdiluted": 2.34,
    "weightedAverageShsOut": 231900000,
    "weightedAverageShsOutDil": 234000000,
    "link": "https://www.sec.gov/Archives/edgar/data/1466258/000146625822000186/0001466258-22-000186-index.htm",
    "finalLink": "https://www.sec.gov/Archives/edgar/data/1466258/000146625822000186/tt-20220930.htm"
  },
  {
    "date": "2022-06-30",
    "symbol": "TT",
    "reportedCurrency": "USD",
    "cik": "0001466258",
    "fillingDate": "2022-08-03",
    "acceptedDate": "2022-08-03 13:47:37",
    "calendarYear": "2022",
    "period": "Q2",
    "revenue": 4190400000,
    "costOfRevenue": 2867000000,
    "grossProfit": 1323400000,
    "grossProfitRatio": 0.3158171058,
    "researchAndDevelopmentExpenses": 0,
    "generalAndAdministrativeExpenses": 0,
    "sellingAndMarketingExpenses": 0,
    "sellingGeneralAndAdministrativeExpenses": 612800000,
    "otherExpenses": 0,
    "operatingExpenses": 612800000,
    "costAndExpenses": 3479800000,
    "interestIncome": 1500000,
    "interestExpense": 55900000,
    "depreciationAndAmortization": 79800000,
    "ebitda": 788800000,
    "ebitdaratio": 0.1882397862,
    "operatingIncome": 710600000,
    "operatingIncomeRatio": 0.1695780832,
    "totalOtherIncomeExpensesNet": -57500000,
    "incomeBeforeTax": 653100000,
    "incomeBeforeTaxRatio": 0.1558562428,
    "incomeTaxExpense": 136600000,
    "netIncome": 509300000,
    "netIncomeRatio": 0.1215397098,
    "eps": 2.18,
    "epsdiluted": 2.16,
    "weightedAverageShsOut": 233800000,
    "weightedAverageShsOutDil": 235700000,
    "link": "https://www.sec.gov/Archives/edgar/data/1466258/000146625822000172/0001466258-22-000172-index.htm",
    "finalLink": "https://www.sec.gov/Archives/edgar/data/1466258/000146625822000172/tt-20220630.htm"
  },
  {
    "date": "2022-03-31",
    "symbol": "TT",
    "reportedCurrency": "USD",
    "cik": "0001466258",
    "fillingDate": "2022-05-04",
    "acceptedDate": "2022-05-04 16:34:10",
    "calendarYear": "2022",
    "period": "Q1",
    "revenue": 3355500000,
    "costOfRevenue": 2366500000,
    "grossProfit": 989000000,
    "grossProfitRatio": 0.2947399791,
    "researchAndDevelopmentExpenses": 0,
    "generalAndAdministrativeExpenses": 0,
    "sellingAndMarketingExpenses": 0,
    "sellingGeneralAndAdministrativeExpenses": 600800000,
    "otherExpenses": 0,
    "operatingExpenses": 600800000,
    "costAndExpenses": 2967300000,
    "interestIncome": 1300000,
    "interestExpense": 56000000,
    "depreciationAndAmortization": 77300000,
    "ebitda": 464800000,
    "ebitdaratio": 0.1385188496,
    "operatingIncome": 388200000,
    "operatingIncomeRatio": 0.1156906571,
    "totalOtherIncomeExpensesNet": -56700000,
    "incomeBeforeTax": 331500000,
    "incomeBeforeTaxRatio": 0.0987930264,
    "incomeTaxExpense": 61100000,
    "netIncome": 260200000,
    "netIncomeRatio": 0.0775443302,
    "eps": 1.11,
    "epsdiluted": 1.1,
    "weightedAverageShsOut": 234600000,
    "weightedAverageShsOutDil": 237100000,
    "link": "https://www.sec.gov/Archives/edgar/data/1466258/000146625822000103/0001466258-22-000103-index.htm",
    "finalLink": "https://www.sec.gov/Archives/edgar/data/1466258/000146625822000103/tt-20220331.htm"
  },
  {
    "date": "2021-12-31",
    "symbol": "TT",
    "reportedCurrency": "USD",
    "cik": "0001466258",
    "fillingDate": "2022-02-07",
    "acceptedDate": "2022-02-07 16:00:00",
    "calendarYear": "2021",
    "period": "Q4",
    "revenue": 3569300000,
    "costOfRevenue": 2527800000,
    "grossProfit": 1041500000,
    "grossProfitRatio": 0.2917939092,
    "researchAndDevelopmentExpenses": 193500000,
    "generalAndAdministrativeExpenses": 0,
    "sellingAndMarketingExpenses": 0,
    "sellingGeneralAndAdministrativeExpenses": 605800000,
    "otherExpenses": -193500000,
    "operatingExpenses": 605800000,
    "costAndExpenses": 3133600000,
    "interestIncome": 1000000,
    "interestExpense": 56000000,
    "depreciationAndAmortization": 76400000,
    "ebitda": 527200000,
    "ebitdaratio": 0.1477040316,
    "operatingIncome": 435700000,
    "operatingIncomeRatio": 0.122068753,
    "totalOtherIncomeExpensesNet": -41100000,
    "incomeBeforeTax": 394600000,
    "incomeBeforeTaxRatio": 0.1105538901,
    "incomeTaxExpense": 65500000,
    "netIncome": 317800000,
    "netIncomeRatio": 0.0890370661,
    "eps": 1.35,
    "epsdiluted": 1.32,
    "weightedAverageShsOut": 235194833,
    "weightedAverageShsOutDil": 240700000,
    "link": "https://www.sec.gov/Archives/edgar/data/1466258/000146625822000031/0001466258-22-000031-index.htm",
    "finalLink": "https://www.sec.gov/Archives/edgar/data/1466258/000146625822000031/tt-20211231.htm"
  },
  {
    "date": "2021-09-30",
    "symbol": "TT",
    "reportedCurrency": "USD",
    "cik": "0001466258",
    "fillingDate": "2021-11-03",
    "acceptedDate": "2021-11-03 11:49:29",
    "calendarYear": "2021",
    "period": "Q3",
    "revenue": 3719800000,
    "costOfRevenue": 2515600000,
    "grossProfit": 1204200000,
    "grossProfitRatio": 0.3237270821,
    "researchAndDevelopmentExpenses": 0,
    "generalAndAdministrativeExpenses": 0,
    "sellingAndMarketingExpenses": 0,
    "sellingGeneralAndAdministrativeExpenses": 620800000,
    "otherExpenses": 0,
    "operatingExpenses": 620800000,
    "costAndExpenses": 3136400000,
    "interestIncome": 800000,
    "interestExpense": 57700000,
    "depreciationAndAmortization": 72200000,
    "ebitda": 648700000,
    "ebitdaratio": 0.1743910963,
    "operatingIncome": 583400000,
    "operatingIncomeRatio": 0.1568363891,
    "totalOtherIncomeExpensesNet": -64600000,
    "incomeBeforeTax": 518800000,
    "incomeBeforeTaxRatio": 0.139469864,
    "incomeTaxExpense": 96800000,
    "netIncome": 405700000,
    "netIncomeRatio": 0.1090650035,
    "eps": 1.7,
    "epsdiluted": 1.68,
    "weightedAverageShsOut": 238200000,
    "weightedAverageShsOutDil": 241700000,
    "link": "https://www.sec.gov/Archives/edgar/data/1466258/000146625821000188/0001466258-21-000188-index.htm",
    "finalLink": "https://www.sec.gov/Archives/edgar/data/1466258/000146625821000188/tt-20210930.htm"
  },
  {
    "date": "2021-06-30",
    "symbol": "TT",
    "reportedCurrency": "USD",
    "cik": "0001466258",
    "fillingDate": "2021-08-04",
    "acceptedDate": "2021-08-04 14:12:01",
    "calendarYear": "2021",
    "period": "Q2",
    "revenue": 3829700000,
    "costOfRevenue": 2559000000,
    "grossProfit": 1270700000,
    "grossProfitRatio": 0.3318014466,
    "researchAndDevelopmentExpenses": 0,
    "generalAndAdministrativeExpenses": 0,
    "sellingAndMarketingExpenses": 0,
    "sellingGeneralAndAdministrativeExpenses": 619700000,
    "otherExpenses": 0,
    "operatingExpenses": 619700000,
    "costAndExpenses": 3178700000,
    "interestIncome": 1100000,
    "interestExpense": 59300000,
    "depreciationAndAmortization": 74800000,
    "ebitda": 727000000,
    "ebitdaratio": 0.1898321017,
    "operatingIncome": 651000000,
    "operatingIncomeRatio": 0.1699872053,
    "totalOtherIncomeExpensesNet": -59000000,
    "incomeBeforeTax": 592000000,
    "incomeBeforeTaxRatio": 0.1545812988,
    "incomeTaxExpense": 122800000,
    "netIncome": 464700000,
    "netIncomeRatio": 0.1213410972,
    "eps": 1.94,
    "epsdiluted": 1.91,
    "weightedAverageShsOut": 239900000,
    "weightedAverageShsOutDil": 243400000,
    "link": "https://www.sec.gov/Archives/edgar/data/1466258/000146625821000169/0001466258-21-000169-index.htm",
    "finalLink": "https://www.sec.gov/Archives/edgar/data/1466258/000146625821000169/tt-20210630.htm"
  },
  {
    "date": "2021-03-31",
    "symbol": "TT",
    "reportedCurrency": "USD",
    "cik": "0001466258",
    "fillingDate": "2021-05-05",
    "acceptedDate": "2021-05-05 15:29:38",
    "calendarYear": "2021",
    "period": "Q1",
    "revenue": 3017600000,
    "costOfRevenue": 2064400000,
    "grossProfit": 953200000,
    "grossProfitRatio": 0.3158801697,
    "researchAndDevelopmentExpenses": 0,
    "generalAndAdministrativeExpenses": 0,
    "sellingAndMarketingExpenses": 0,
    "sellingGeneralAndAdministrativeExpenses": 600000000,
    "otherExpenses": 0,
    "operatingExpenses": 600000000,
    "costAndExpenses": 2664400000,
    "interestIncome": 0,
    "interestExpense": 59600000,
    "depreciationAndAmortization": 76000000,
    "ebitda": 423500000,
    "ebitdaratio": 0.1403433192,
    "operatingIncome": 353200000,
    "operatingIncomeRatio": 0.1170466596,
    "totalOtherIncomeExpensesNet": -67900000,
    "incomeBeforeTax": 285300000,
    "incomeBeforeTaxRatio": 0.094545334,
    "incomeTaxExpense": 48400000,
    "netIncome": 235200000,
    "netIncomeRatio": 0.0779427359,
    "eps": 0.98,
    "epsdiluted": 0.97,
    "weightedAverageShsOut": 239400000,
    "weightedAverageShsOutDil": 243100000,
    "link": "https://www.sec.gov/Archives/edgar/data/1466258/000146625821000088/0001466258-21-000088-index.htm",
    "finalLink": "https://www.sec.gov/Archives/edgar/data/1466258/000146625821000088/tt-20210331.htm"
  },
  {
    "date": "2020-12-31",
    "symbol": "TT",
    "reportedCurrency": "USD",
    "cik": "0001466258",
    "fillingDate": "2021-02-09",
    "acceptedDate": "2021-02-09 12:04:57",
    "calendarYear": "2020",
    "period": "Q4",
    "revenue": 3179100000,
    "costOfRevenue": 2231200000,
    "grossProfit": 947900000,
    "grossProfitRatio": 0.2981661477,
    "researchAndDevelopmentExpenses": 165000000,
    "generalAndAdministrativeExpenses": 0,
    "sellingAndMarketingExpenses": 0,
    "sellingGeneralAndAdministrativeExpenses": 559900000,
    "otherExpenses": -165000000,
    "operatingExpenses": 559900000,
    "costAndExpenses": 2791100000,
    "interestIncome": 900000,
    "interestExpense": 61900000,
    "depreciationAndAmortization": 70600000,
    "ebitda": 455300000,
    "ebitdaratio": 0.1432166336,
    "operatingIncome": 388000000,
    "operatingIncomeRatio": 0.1220471203,
    "totalOtherIncomeExpensesNet": -65400000,
    "incomeBeforeTax": 322600000,
    "incomeBeforeTaxRatio": 0.1014752603,
    "incomeTaxExpense": 72400000,
    "netIncome": 244700000,
    "netIncomeRatio": 0.0769714699,
    "eps": 1.02,
    "epsdiluted": 1.01,
    "weightedAverageShsOut": 238808388,
    "weightedAverageShsOutDil": 244300000,
    "link": "https://www.sec.gov/Archives/edgar/data/1466258/000146625821000027/0001466258-21-000027-index.htm",
    "finalLink": "https://www.sec.gov/Archives/edgar/data/1466258/000146625821000027/tt-20201231.htm"
  },
  {
    "date": "2020-09-30",
    "symbol": "TT",
    "reportedCurrency": "USD",
    "cik": "0001466258",
    "fillingDate": "2020-10-28",
    "acceptedDate": "2020-10-28 16:24:44",
    "calendarYear": "2020",
    "period": "Q3",
    "revenue": 3495500000,
    "costOfRevenue": 2360800000,
    "grossProfit": 1134700000,
    "grossProfitRatio": 0.3246173652,
    "researchAndDevelopmentExpenses": 0,
    "generalAndAdministrativeExpenses": 0,
    "sellingAndMarketingExpenses": 0,
    "sellingGeneralAndAdministrativeExpenses": 567800000,
    "otherExpenses": 0,
    "operatingExpenses": 567800000,
    "costAndExpenses": 2928600000,
    "interestIncome": 1900000,
    "interestExpense": 62400000,
    "depreciationAndAmortization": 74500000,
    "ebitda": 636900000,
    "ebitdaratio": 0.182205693,
    "operatingIncome": 566900000,
    "operatingIncomeRatio": 0.1621799456,
    "totalOtherIncomeExpensesNet": -66900000,
    "incomeBeforeTax": 500000000,
    "incomeBeforeTaxRatio": 0.1430410528,
    "incomeTaxExpense": 89900000,
    "netIncome": 400600000,
    "netIncomeRatio": 0.1146044915,
    "eps": 1.67,
    "epsdiluted": 1.64,
    "weightedAverageShsOut": 240000000,
    "weightedAverageShsOutDil": 243700000,
    "link": "https://www.sec.gov/Archives/edgar/data/1466258/000146625820000231/0001466258-20-000231-index.htm",
    "finalLink": "https://www.sec.gov/Archives/edgar/data/1466258/000146625820000231/tt-20200930.htm"
  },
  {
    "date": "2020-06-30",
    "symbol": "TT",
    "reportedCurrency": "USD",
    "cik": "0001466258",
    "fillingDate": "2020-07-29",
    "acceptedDate": "2020-07-29 16:33:59",
    "calendarYear": "2020",
    "period": "Q2",
    "revenue": 3138800000,
    "costOfRevenue": 2160500000,
    "grossProfit": 978300000,
    "grossProfitRatio": 0.3116796228,
    "researchAndDevelopmentExpenses": 0,
    "generalAndAdministrativeExpenses": 0,
    "sellingAndMarketingExpenses": 0,
    "sellingGeneralAndAdministrativeExpenses": 554800000,
    "otherExpenses": 0,
    "operatingExpenses": 554800000,
    "costAndExpenses": 2715300000,
    "interestIncome": 1800000,
    "interestExpense": 61300000,
    "depreciationAndAmortization": 74200000,
    "ebitda": 497400000,
    "ebitdaratio": 0.1584682044,
    "operatingIncome": 423500000,
    "operatingIncomeRatio": 0.1349241748,
    "totalOtherIncomeExpensesNet": -61700000,
    "incomeBeforeTax": 361800000,
    "incomeBeforeTaxRatio": 0.115266981,
    "incomeTaxExpense": 83500000,
    "netIncome": 238800000,
    "netIncomeRatio": 0.0760800306,
    "eps": 1,
    "epsdiluted": 0.99,
    "weightedAverageShsOut": 240000000,
    "weightedAverageShsOutDil": 242300000,
    "link": "https://www.sec.gov/Archives/edgar/data/1466258/000146625820000190/0001466258-20-000190-index.htm",
    "finalLink": "https://www.sec.gov/Archives/edgar/data/1466258/000146625820000190/tt-10qxq2x06302020.htm"
  },
  {
    "date": "2020-03-31",
    "symbol": "TT",
    "reportedCurrency": "USD",
    "cik": "0001466258",
    "fillingDate": "2020-05-05",
    "acceptedDate": "2020-05-05 16:32:44",
    "calendarYear": "2020",
    "period": "Q1",
    "revenue": 2641300000,
    "costOfRevenue": 1898800000,
    "grossProfit": 742500000,
    "grossProfitRatio": 0.2811115738,
    "researchAndDevelopmentExpenses": 0,
    "generalAndAdministrativeExpenses": 0,
    "sellingAndMarketingExpenses": 0,
    "sellingGeneralAndAdministrativeExpenses": 588100000,
    "otherExpenses": 0,
    "operatingExpenses": 588100000,
    "costAndExpenses": 2486900000,
    "interestIncome": 0,
    "interestExpense": 63200000,
    "depreciationAndAmortization": 75000000,
    "ebitda": 242000000,
    "ebitdaratio": 0.09162155,
    "operatingIncome": 154400000,
    "operatingIncomeRatio": 0.0584560633,
    "totalOtherIncomeExpensesNet": -50600000,
    "incomeBeforeTax": 103800000,
    "incomeBeforeTaxRatio": 0.0392988301,
    "incomeTaxExpense": 51000000,
    "netIncome": -29200000,
    "netIncomeRatio": -0.0110551622,
    "eps": -0.12,
    "epsdiluted": -0.12,
    "weightedAverageShsOut": 239500000,
    "weightedAverageShsOutDil": 242300000,
    "link": "https://www.sec.gov/Archives/edgar/data/1466258/000146625820000117/0001466258-20-000117-index.htm",
    "finalLink": "https://www.sec.gov/Archives/edgar/data/1466258/000146625820000117/tt-10qxq1x03312020.htm"
  },
  {
    "date": "2019-12-31",
    "symbol": "TT",
    "reportedCurrency": "USD",
    "cik": "0001466258",
    "fillingDate": "2020-02-18",
    "acceptedDate": "2020-02-18 08:20:49",
    "calendarYear": "2019",
    "period": "Q4",
    "revenue": 3183700000,
    "costOfRevenue": 2257200000,
    "grossProfit": 926500000,
    "grossProfitRatio": 0.2910136005,
    "researchAndDevelopmentExpenses": 174200000,
    "generalAndAdministrativeExpenses": 0,
    "sellingAndMarketingExpenses": 0,
    "sellingGeneralAndAdministrativeExpenses": 589300000,
    "otherExpenses": -167200000,
    "operatingExpenses": 596300000,
    "costAndExpenses": 2853500000,
    "interestIncome": 900000,
    "interestExpense": 63300000,
    "depreciationAndAmortization": 73000000,
    "ebitda": 396700000,
    "ebitdaratio": 0.1246034488,
    "operatingIncome": 330200000,
    "operatingIncomeRatio": 0.1037158024,
    "totalOtherIncomeExpensesNet": -70100000,
    "incomeBeforeTax": 260100000,
    "incomeBeforeTaxRatio": 0.0816973961,
    "incomeTaxExpense": 46000000,
    "netIncome": 296100000,
    "netIncomeRatio": 0.0930049942,
    "eps": 1.24,
    "epsdiluted": 1.22,
    "weightedAverageShsOut": 238305042,
    "weightedAverageShsOutDil": 242900000,
    "link": "https://www.sec.gov/Archives/edgar/data/1466258/000146625820000064/0001466258-20-000064-index.htm",
    "finalLink": "https://www.sec.gov/Archives/edgar/data/1466258/000146625820000064/ir-10kx12312019.htm"
  },
  {
    "date": "2019-09-30",
    "symbol": "TT",
    "reportedCurrency": "USD",
    "cik": "0001466258",
    "fillingDate": "2019-10-29",
    "acceptedDate": "2019-10-29 12:08:14",
    "calendarYear": "2019",
    "period": "Q3",
    "revenue": 3470900000,
    "costOfRevenue": 2352600000,
    "grossProfit": 1118300000,
    "grossProfitRatio": 0.3221930911,
    "researchAndDevelopmentExpenses": 0,
    "generalAndAdministrativeExpenses": 0,
    "sellingAndMarketingExpenses": 0,
    "sellingGeneralAndAdministrativeExpenses": 785300000,
    "otherExpenses": -217500000,
    "operatingExpenses": 567800000,
    "costAndExpenses": 2934400000,
    "interestIncome": 0,
    "interestExpense": 65000000,
    "depreciationAndAmortization": 72700000,
    "ebitda": 604500000,
    "ebitdaratio": 0.174162321,
    "operatingIncome": 536500000,
    "operatingIncomeRatio": 0.1545708606,
    "totalOtherIncomeExpensesNet": -69700000,
    "incomeBeforeTax": 466800000,
    "incomeBeforeTaxRatio": 0.1344896136,
    "incomeTaxExpense": 80500000,
    "netIncome": 458800000,
    "netIncomeRatio": 0.1321847359,
    "eps": 1.9,
    "epsdiluted": 1.88,
    "weightedAverageShsOut": 241700000,
    "weightedAverageShsOutDil": 244600000,
    "link": "https://www.sec.gov/Archives/edgar/data/1466258/000146625819000264/0001466258-19-000264-index.htm",
    "finalLink": "https://www.sec.gov/Archives/edgar/data/1466258/000146625819000264/ir-10qxq3x09302019.htm"
  },
  {
    "date": "2019-06-30",
    "symbol": "TT",
    "reportedCurrency": "USD",
    "cik": "0001466258",
    "fillingDate": "2019-08-05",
    "acceptedDate": "2019-08-05 14:16:54",
    "calendarYear": "2019",
    "period": "Q2",
    "revenue": 3617600000,
    "costOfRevenue": 2462800000,
    "grossProfit": 1165000000,
    "grossProfitRatio": 0.3220367094,
    "researchAndDevelopmentExpenses": 0,
    "generalAndAdministrativeExpenses": 0,
    "sellingAndMarketingExpenses": 0,
    "sellingGeneralAndAdministrativeExpenses": 783200000,
    "otherExpenses": -195300000,
    "operatingExpenses": 587900000,
    "costAndExpenses": 3050700000,
    "interestIncome": 2600000,
    "interestExpense": 64700000,
    "depreciationAndAmortization": 72200000,
    "ebitda": 641200000,
    "ebitdaratio": 0.177244582,
    "operatingIncome": 566900000,
    "operatingIncomeRatio": 0.1567061035,
    "totalOtherIncomeExpensesNet": -62400000,
    "incomeBeforeTax": 504500000,
    "incomeBeforeTaxRatio": 0.1394570986,
    "incomeTaxExpense": 91900000,
    "netIncome": 456100000,
    "netIncomeRatio": 0.1260780628,
    "eps": 1.89,
    "epsdiluted": 1.86,
    "weightedAverageShsOut": 241400000,
    "weightedAverageShsOutDil": 244900000,
    "link": "https://www.sec.gov/Archives/edgar/data/1466258/000146625819000254/0001466258-19-000254-index.htm",
    "finalLink": "https://www.sec.gov/Archives/edgar/data/1466258/000146625819000254/ir-10qxq2x06302019.htm"
  },
  {
    "date": "2019-03-31",
    "symbol": "TT",
    "reportedCurrency": "USD",
    "cik": "0001466258",
    "fillingDate": "2019-05-01",
    "acceptedDate": "2019-04-30 18:13:39",
    "calendarYear": "2019",
    "period": "Q1",
    "revenue": 2803700000,
    "costOfRevenue": 1989200000,
    "grossProfit": 814500000,
    "grossProfitRatio": 0.2905089703,
    "researchAndDevelopmentExpenses": 0,
    "generalAndAdministrativeExpenses": 0,
    "sellingAndMarketingExpenses": 0,
    "sellingGeneralAndAdministrativeExpenses": 740100000,
    "otherExpenses": -162100000,
    "operatingExpenses": 578000000,
    "costAndExpenses": 2567200000,
    "interestIncome": 0,
    "interestExpense": 52100000,
    "depreciationAndAmortization": 70900000,
    "ebitda": 290500000,
    "ebitdaratio": 0.1036130827,
    "operatingIncome": 236500000,
    "operatingIncomeRatio": 0.0843528195,
    "totalOtherIncomeExpensesNet": -69000000,
    "incomeBeforeTax": 167500000,
    "incomeBeforeTaxRatio": 0.0597424831,
    "incomeTaxExpense": 20200000,
    "netIncome": 199900000,
    "netIncomeRatio": 0.0712986411,
    "eps": 0.83,
    "epsdiluted": 0.82,
    "weightedAverageShsOut": 241000000,
    "weightedAverageShsOutDil": 245200000,
    "link": "https://www.sec.gov/Archives/edgar/data/1466258/000146625819000150/0001466258-19-000150-index.htm",
    "finalLink": "https://www.sec.gov/Archives/edgar/data/1466258/000146625819000150/ir-10qxq1x03312019.htm"
  },
  {
    "date": "2018-12-31",
    "symbol": "TT",
    "reportedCurrency": "USD",
    "cik": "0001466258",
    "fillingDate": "2019-02-12",
    "acceptedDate": "2019-02-12 14:34:27",
    "calendarYear": "2018",
    "period": "Q4",
    "revenue": 3895100000,
    "costOfRevenue": 2745000000,
    "grossProfit": 1150100000,
    "grossProfitRatio": 0.2952684142,
    "researchAndDevelopmentExpenses": 228700000,
    "generalAndAdministrativeExpenses": 0,
    "sellingAndMarketingExpenses": 0,
    "sellingGeneralAndAdministrativeExpenses": 703400000,
    "otherExpenses": -228700000,
    "operatingExpenses": 703400000,
    "costAndExpenses": 3448400000,
    "interestIncome": 100000,
    "interestExpense": 49000000,
    "depreciationAndAmortization": 88500000,
    "ebitda": 514900000,
    "ebitdaratio": 0.1321917281,
    "operatingIncome": 446700000,
    "operatingIncomeRatio": 0.1146825499,
    "totalOtherIncomeExpensesNet": -69400000,
    "incomeBeforeTax": 377300000,
    "incomeBeforeTaxRatio": 0.0968652923,
    "incomeTaxExpense": 121300000,
    "netIncome": 254000000,
    "netIncomeRatio": 0.0652101358,
    "eps": 1.05,
    "epsdiluted": 1.03,
    "weightedAverageShsOut": 241905293,
    "weightedAverageShsOutDil": 247700000,
    "link": "https://www.sec.gov/Archives/edgar/data/1466258/000146625819000073/0001466258-19-000073-index.htm",
    "finalLink": "https://www.sec.gov/Archives/edgar/data/1466258/000146625819000073/ir-10kx12312018.htm"
  },
  {
    "date": "2018-09-30",
    "symbol": "TT",
    "reportedCurrency": "USD",
    "cik": "0001466258",
    "fillingDate": "2018-10-24",
    "acceptedDate": "2018-10-24 15:43:03",
    "calendarYear": "2018",
    "period": "Q3",
    "revenue": 4030900000,
    "costOfRevenue": 2718300000,
    "grossProfit": 1312600000,
    "grossProfitRatio": 0.3256344737,
    "researchAndDevelopmentExpenses": 0,
    "generalAndAdministrativeExpenses": 0,
    "sellingAndMarketingExpenses": 0,
    "sellingGeneralAndAdministrativeExpenses": 725600000,
    "otherExpenses": 0,
    "operatingExpenses": 725600000,
    "costAndExpenses": 3443900000,
    "interestIncome": 100000,
    "interestExpense": 48500000,
    "depreciationAndAmortization": 85200000,
    "ebitda": 663700000,
    "ebitdaratio": 0.1646530551,
    "operatingIncome": 587000000,
    "operatingIncomeRatio": 0.1456250465,
    "totalOtherIncomeExpensesNet": -57000000,
    "incomeBeforeTax": 530000000,
    "incomeBeforeTaxRatio": 0.1314842839,
    "incomeTaxExpense": -1100000,
    "netIncome": 515100000,
    "netIncomeRatio": 0.1277878389,
    "eps": 2.09,
    "epsdiluted": 2.06,
    "weightedAverageShsOut": 246400000,
    "weightedAverageShsOutDil": 249500000,
    "link": "https://www.sec.gov/Archives/edgar/data/1466258/000146625818000221/0001466258-18-000221-index.htm",
    "finalLink": "https://www.sec.gov/Archives/edgar/data/1466258/000146625818000221/ir-10qxq3x09302018.htm"
  },
  {
    "date": "2018-06-30",
    "symbol": "TT",
    "reportedCurrency": "USD",
    "cik": "0001466258",
    "fillingDate": "2018-07-25",
    "acceptedDate": "2018-07-25 13:40:17",
    "calendarYear": "2018",
    "period": "Q2",
    "revenue": 4357700000,
    "costOfRevenue": 2964100000,
    "grossProfit": 1393600000,
    "grossProfitRatio": 0.3198017303,
    "researchAndDevelopmentExpenses": 0,
    "generalAndAdministrativeExpenses": 0,
    "sellingAndMarketingExpenses": 0,
    "sellingGeneralAndAdministrativeExpenses": 753300000,
    "otherExpenses": 0,
    "operatingExpenses": 753300000,
    "costAndExpenses": 3717400000,
    "interestIncome": 2600000,
    "interestExpense": 50300000,
    "depreciationAndAmortization": 94400000,
    "ebitda": 731200000,
    "ebitdaratio": 0.1677949377,
    "operatingIncome": 640300000,
    "operatingIncomeRatio": 0.1469353099,
    "totalOtherIncomeExpensesNet": -53800000,
    "incomeBeforeTax": 586500000,
    "incomeBeforeTaxRatio": 0.1345893476,
    "incomeTaxExpense": 128000000,
    "netIncome": 448100000,
    "netIncomeRatio": 0.1028294743,
    "eps": 1.81,
    "epsdiluted": 1.79,
    "weightedAverageShsOut": 247500000,
    "weightedAverageShsOutDil": 250100000,
    "link": "https://www.sec.gov/Archives/edgar/data/1466258/000146625818000196/0001466258-18-000196-index.htm",
    "finalLink": "https://www.sec.gov/Archives/edgar/data/1466258/000146625818000196/ir-10qxq2x06302018.htm"
  },
  {
    "date": "2018-03-31",
    "symbol": "TT",
    "reportedCurrency": "USD",
    "cik": "0001466258",
    "fillingDate": "2018-04-25",
    "acceptedDate": "2018-04-25 13:05:00",
    "calendarYear": "2018",
    "period": "Q1",
    "revenue": 3384500000,
    "costOfRevenue": 2420200000,
    "grossProfit": 964300000,
    "grossProfitRatio": 0.2849165312,
    "researchAndDevelopmentExpenses": 0,
    "generalAndAdministrativeExpenses": 0,
    "sellingAndMarketingExpenses": 0,
    "sellingGeneralAndAdministrativeExpenses": 720900000,
    "otherExpenses": 0,
    "operatingExpenses": 720900000,
    "costAndExpenses": 3141100000,
    "interestIncome": 3600000,
    "interestExpense": 72900000,
    "depreciationAndAmortization": 93400000,
    "ebitda": 332800000,
    "ebitdaratio": 0.0983306249,
    "operatingIncome": 243400000,
    "operatingIncomeRatio": 0.071916088,
    "totalOtherIncomeExpensesNet": -76900000,
    "incomeBeforeTax": 166500000,
    "incomeBeforeTaxRatio": 0.0491948589,
    "incomeTaxExpense": 33000000,
    "netIncome": 120400000,
    "netIncomeRatio": 0.03557394,
    "eps": 0.49,
    "epsdiluted": 0.48,
    "weightedAverageShsOut": 248000000,
    "weightedAverageShsOutDil": 253000000,
    "link": "https://www.sec.gov/Archives/edgar/data/1466258/000146625818000124/0001466258-18-000124-index.htm",
    "finalLink": "https://www.sec.gov/Archives/edgar/data/1466258/000146625818000124/ir-10qxq1x03312018.htm"
  },
  {
    "date": "2017-12-31",
    "symbol": "TT",
    "reportedCurrency": "USD",
    "cik": "0001466258",
    "fillingDate": "2018-02-12",
    "acceptedDate": "2018-02-12 15:18:35",
    "calendarYear": "2017",
    "period": "Q4",
    "revenue": 3618100000,
    "costOfRevenue": 2542400000,
    "grossProfit": 1075700000,
    "grossProfitRatio": 0.2973107432,
    "researchAndDevelopmentExpenses": 210800000,
    "generalAndAdministrativeExpenses": 0,
    "sellingAndMarketingExpenses": 0,
    "sellingGeneralAndAdministrativeExpenses": 682900000,
    "otherExpenses": -204700000,
    "operatingExpenses": 689000000,
    "costAndExpenses": 3231400000,
    "interestIncome": 2700000,
    "interestExpense": 53900000,
    "depreciationAndAmortization": 91400000,
    "ebitda": 470200000,
    "ebitdaratio": 0.1299577126,
    "operatingIncome": 386700000,
    "operatingIncomeRatio": 0.1068793013,
    "totalOtherIncomeExpensesNet": -61600000,
    "incomeBeforeTax": 325000000,
    "incomeBeforeTaxRatio": 0.0898261518,
    "incomeTaxExpense": -163000000,
    "netIncome": 459900000,
    "netIncomeRatio": 0.1271109146,
    "eps": 1.84,
    "epsdiluted": 1.81,
    "weightedAverageShsOut": 249479157,
    "weightedAverageShsOutDil": 253900000,
    "link": "https://www.sec.gov/Archives/edgar/data/1466258/000146625818000063/0001466258-18-000063-index.htm",
    "finalLink": "https://www.sec.gov/Archives/edgar/data/1466258/000146625818000063/ir-10kx12312017.htm"
  },
  {
    "date": "2017-09-30",
    "symbol": "TT",
    "reportedCurrency": "USD",
    "cik": "0001466258",
    "fillingDate": "2017-10-25",
    "acceptedDate": "2017-10-25 15:11:56",
    "calendarYear": "2017",
    "period": "Q3",
    "revenue": 3670500000,
    "costOfRevenue": 2489900000,
    "grossProfit": 1180600000,
    "grossProfitRatio": 0.3216455524,
    "researchAndDevelopmentExpenses": 0,
    "generalAndAdministrativeExpenses": 0,
    "sellingAndMarketingExpenses": 0,
    "sellingGeneralAndAdministrativeExpenses": 674500000,
    "otherExpenses": 0,
    "operatingExpenses": 674500000,
    "costAndExpenses": 3164400000,
    "interestIncome": 2300000,
    "interestExpense": 53900000,
    "depreciationAndAmortization": 87800000,
    "ebitda": 586300000,
    "ebitdaratio": 0.1597330064,
    "operatingIncome": 506100000,
    "operatingIncomeRatio": 0.1378831222,
    "totalOtherIncomeExpensesNet": -61500000,
    "incomeBeforeTax": 444600000,
    "incomeBeforeTaxRatio": 0.1211279117,
    "incomeTaxExpense": 76400000,
    "netIncome": 367000000,
    "netIncomeRatio": 0.0999863779,
    "eps": 1.45,
    "epsdiluted": 1.43,
    "weightedAverageShsOut": 253300000,
    "weightedAverageShsOutDil": 256700000,
    "link": "https://www.sec.gov/Archives/edgar/data/1466258/000146625817000232/0001466258-17-000232-index.htm",
    "finalLink": "https://www.sec.gov/Archives/edgar/data/1466258/000146625817000232/ir-10qxq3x09302017.htm"
  },
  {
    "date": "2017-06-30",
    "symbol": "TT",
    "reportedCurrency": "USD",
    "cik": "0001466258",
    "fillingDate": "2017-07-26",
    "acceptedDate": "2017-07-26 13:14:01",
    "calendarYear": "2017",
    "period": "Q2",
    "revenue": 3908400000,
    "costOfRevenue": 2653100000,
    "grossProfit": 1255300000,
    "grossProfitRatio": 0.3211800225,
    "researchAndDevelopmentExpenses": 0,
    "generalAndAdministrativeExpenses": 0,
    "sellingAndMarketingExpenses": 0,
    "sellingGeneralAndAdministrativeExpenses": 697700000,
    "otherExpenses": 0,
    "operatingExpenses": 697700000,
    "costAndExpenses": 3350800000,
    "interestIncome": 1300000,
    "interestExpense": 54100000,
    "depreciationAndAmortization": 87400000,
    "ebitda": 633500000,
    "ebitdaratio": 0.1620867874,
    "operatingIncome": 557600000,
    "operatingIncomeRatio": 0.142667076,
    "totalOtherIncomeExpensesNet": -65600000,
    "incomeBeforeTax": 492000000,
    "incomeBeforeTaxRatio": 0.1258827142,
    "incomeTaxExpense": 138100000,
    "netIncome": 358600000,
    "netIncomeRatio": 0.0917511002,
    "eps": 1.4,
    "epsdiluted": 1.38,
    "weightedAverageShsOut": 256400000,
    "weightedAverageShsOutDil": 259700000,
    "link": "https://www.sec.gov/Archives/edgar/data/1466258/000146625817000211/0001466258-17-000211-index.htm",
    "finalLink": "https://www.sec.gov/Archives/edgar/data/1466258/000146625817000211/ir-10qxq2x06302017.htm"
  },
  {
    "date": "2017-03-31",
    "symbol": "TT",
    "reportedCurrency": "USD",
    "cik": "0001466258",
    "fillingDate": "2017-04-26",
    "acceptedDate": "2017-04-26 12:32:17",
    "calendarYear": "2017",
    "period": "Q1",
    "revenue": 3000600000,
    "costOfRevenue": 2126100000,
    "grossProfit": 874500000,
    "grossProfitRatio": 0.2914417117,
    "researchAndDevelopmentExpenses": 0,
    "generalAndAdministrativeExpenses": 0,
    "sellingAndMarketingExpenses": 0,
    "sellingGeneralAndAdministrativeExpenses": 659500000,
    "otherExpenses": 0,
    "operatingExpenses": 659500000,
    "costAndExpenses": 2785600000,
    "interestIncome": 3100000,
    "interestExpense": 54000000,
    "depreciationAndAmortization": 86700000,
    "ebitda": 297000000,
    "ebitdaratio": 0.098980204,
    "operatingIncome": 215000000,
    "operatingIncomeRatio": 0.0716523362,
    "totalOtherIncomeExpensesNet": -58700000,
    "incomeBeforeTax": 156300000,
    "incomeBeforeTaxRatio": 0.0520895821,
    "incomeTaxExpense": 28700000,
    "netIncome": 117100000,
    "netIncomeRatio": 0.0390255282,
    "eps": 0.45,
    "epsdiluted": 0.45,
    "weightedAverageShsOut": 259400000,
    "weightedAverageShsOutDil": 262600000,
    "link": "https://www.sec.gov/Archives/edgar/data/1466258/000146625817000123/0001466258-17-000123-index.htm",
    "finalLink": "https://www.sec.gov/Archives/edgar/data/1466258/000146625817000123/ir-10qxq1x03312017.htm"
  },
  {
    "date": "2016-12-31",
    "symbol": "TT",
    "reportedCurrency": "USD",
    "cik": "0001466258",
    "fillingDate": "2017-02-13",
    "acceptedDate": "2017-02-13 16:21:25",
    "calendarYear": "2016",
    "period": "Q4",
    "revenue": 3358800000,
    "costOfRevenue": 2351300000,
    "grossProfit": 1007500000,
    "grossProfitRatio": 0.2999583184,
    "researchAndDevelopmentExpenses": 207900000,
    "generalAndAdministrativeExpenses": 0,
    "sellingAndMarketingExpenses": 0,
    "sellingGeneralAndAdministrativeExpenses": 660600000,
    "otherExpenses": -207900000,
    "operatingExpenses": 660600000,
    "costAndExpenses": 3011900000,
    "interestIncome": 2600000,
    "interestExpense": 53800000,
    "depreciationAndAmortization": 87500000,
    "ebitda": 409300000,
    "ebitdaratio": 0.1218589973,
    "operatingIncome": 346900000,
    "operatingIncomeRatio": 0.1032809337,
    "totalOtherIncomeExpensesNet": -78800000,
    "incomeBeforeTax": 268100000,
    "incomeBeforeTaxRatio": 0.0798201739,
    "incomeTaxExpense": 63900000,
    "netIncome": 198800000,
    "netIncomeRatio": 0.0591878052,
    "eps": 0.77,
    "epsdiluted": 0.76,
    "weightedAverageShsOut": 259006320,
    "weightedAverageShsOutDil": 262600000,
    "link": "https://www.sec.gov/Archives/edgar/data/1466258/000146625817000053/0001466258-17-000053-index.htm",
    "finalLink": "https://www.sec.gov/Archives/edgar/data/1466258/000146625817000053/ir-10kx12312016.htm"
  },
  {
    "date": "2016-09-30",
    "symbol": "TT",
    "reportedCurrency": "USD",
    "cik": "0001466258",
    "fillingDate": "2016-10-26",
    "acceptedDate": "2016-10-26 11:49:40",
    "calendarYear": "2016",
    "period": "Q3",
    "revenue": 3567800000,
    "costOfRevenue": 2418700000,
    "grossProfit": 1149100000,
    "grossProfitRatio": 0.3220752284,
    "researchAndDevelopmentExpenses": 0,
    "generalAndAdministrativeExpenses": 0,
    "sellingAndMarketingExpenses": 0,
    "sellingGeneralAndAdministrativeExpenses": 645400000,
    "otherExpenses": 0,
    "operatingExpenses": 645400000,
    "costAndExpenses": 3064100000,
    "interestIncome": 800000,
    "interestExpense": 54500000,
    "depreciationAndAmortization": 88700000,
    "ebitda": 594100000,
    "ebitdaratio": 0.1665171815,
    "operatingIncome": 503700000,
    "operatingIncomeRatio": 0.1411794383,
    "totalOtherIncomeExpensesNet": -52800000,
    "incomeBeforeTax": 450900000,
    "incomeBeforeTaxRatio": 0.1263804025,
    "incomeTaxExpense": 83200000,
    "netIncome": 377400000,
    "netIncomeRatio": 0.1057794719,
    "eps": 1.45,
    "epsdiluted": 1.44,
    "weightedAverageShsOut": 259200000,
    "weightedAverageShsOutDil": 261800000,
    "link": "https://www.sec.gov/Archives/edgar/data/1466258/000146625816000519/0001466258-16-000519-index.htm",
    "finalLink": "https://www.sec.gov/Archives/edgar/data/1466258/000146625816000519/ir-10qxq3x09302016.htm"
  },
  {
    "date": "2016-06-30",
    "symbol": "TT",
    "reportedCurrency": "USD",
    "cik": "0001466258",
    "fillingDate": "2016-07-27",
    "acceptedDate": "2016-07-27 12:01:34",
    "calendarYear": "2016",
    "period": "Q2",
    "revenue": 3688200000,
    "costOfRevenue": 2512300000,
    "grossProfit": 1175900000,
    "grossProfitRatio": 0.3188276124,
    "researchAndDevelopmentExpenses": 0,
    "generalAndAdministrativeExpenses": 0,
    "sellingAndMarketingExpenses": 0,
    "sellingGeneralAndAdministrativeExpenses": 670700000,
    "otherExpenses": 0,
    "operatingExpenses": 670700000,
    "costAndExpenses": 3183000000,
    "interestIncome": 2600000,
    "interestExpense": 56500000,
    "depreciationAndAmortization": 88000000,
    "ebitda": 606400000,
    "ebitdaratio": 0.1644162464,
    "operatingIncome": 513300000,
    "operatingIncomeRatio": 0.1391735806,
    "totalOtherIncomeExpensesNet": 338400000,
    "incomeBeforeTax": 851700000,
    "incomeBeforeTaxRatio": 0.2309256548,
    "incomeTaxExpense": 92500000,
    "netIncome": 747600000,
    "netIncomeRatio": 0.2027005043,
    "eps": 2.88,
    "epsdiluted": 2.86,
    "weightedAverageShsOut": 259200000,
    "weightedAverageShsOutDil": 261600000,
    "link": "https://www.sec.gov/Archives/edgar/data/1466258/000146625816000492/0001466258-16-000492-index.htm",
    "finalLink": "https://www.sec.gov/Archives/edgar/data/1466258/000146625816000492/ir-10qx06302016xq2.htm"
  },
  {
    "date": "2016-03-31",
    "symbol": "TT",
    "reportedCurrency": "USD",
    "cik": "0001466258",
    "fillingDate": "2016-04-26",
    "acceptedDate": "2016-04-26 16:45:42",
    "calendarYear": "2016",
    "period": "Q1",
    "revenue": 2894100000,
    "costOfRevenue": 2047000000,
    "grossProfit": 852900000,
    "grossProfitRatio": 0.2947030165,
    "researchAndDevelopmentExpenses": 0,
    "generalAndAdministrativeExpenses": 0,
    "sellingAndMarketingExpenses": 0,
    "sellingGeneralAndAdministrativeExpenses": 629800000,
    "otherExpenses": 0,
    "operatingExpenses": 629800000,
    "costAndExpenses": 2676800000,
    "interestIncome": 2000000,
    "interestExpense": 56700000,
    "depreciationAndAmortization": 88000000,
    "ebitda": 321800000,
    "ebitdaratio": 0.1111917349,
    "operatingIncome": 225400000,
    "operatingIncomeRatio": 0.0778825887,
    "totalOtherIncomeExpensesNet": -54800000,
    "incomeBeforeTax": 170600000,
    "incomeBeforeTaxRatio": 0.0589475139,
    "incomeTaxExpense": 41900000,
    "netIncome": 152400000,
    "netIncomeRatio": 0.0526588577,
    "eps": 0.58,
    "epsdiluted": 0.58,
    "weightedAverageShsOut": 259400000,
    "weightedAverageShsOutDil": 261300000,
    "link": "https://www.sec.gov/Archives/edgar/data/1466258/000146625816000403/0001466258-16-000403-index.htm",
    "finalLink": "https://www.sec.gov/Archives/edgar/data/1466258/000146625816000403/ir-10qx03312016xq1.htm"
  },
  {
    "date": "2015-12-31",
    "symbol": "TT",
    "reportedCurrency": "USD",
    "cik": "0001466258",
    "fillingDate": "2016-02-12",
    "acceptedDate": "2016-02-12 14:13:34",
    "calendarYear": "2015",
    "period": "Q4",
    "revenue": 3325800000,
    "costOfRevenue": 2341000000,
    "grossProfit": 984800000,
    "grossProfitRatio": 0.2961092068,
    "researchAndDevelopmentExpenses": 205900000,
    "generalAndAdministrativeExpenses": 0,
    "sellingAndMarketingExpenses": 0,
    "sellingGeneralAndAdministrativeExpenses": 603900000,
    "otherExpenses": -184300000,
    "operatingExpenses": 625500000,
    "costAndExpenses": 2966500000,
    "interestIncome": 2800000,
    "interestExpense": 56300000,
    "depreciationAndAmortization": 94900000,
    "ebitda": 459300000,
    "ebitdaratio": 0.1381021108,
    "operatingIncome": 359300000,
    "operatingIncomeRatio": 0.1080341572,
    "totalOtherIncomeExpensesNet": -51200000,
    "incomeBeforeTax": 308100000,
    "incomeBeforeTaxRatio": 0.092639365,
    "incomeTaxExpense": 68700000,
    "netIncome": 233500000,
    "netIncomeRatio": 0.0702086716,
    "eps": 0.89,
    "epsdiluted": 0.88,
    "weightedAverageShsOut": 261251517,
    "weightedAverageShsOutDil": 265200000,
    "link": "https://www.sec.gov/Archives/edgar/data/1466258/000146625816000319/0001466258-16-000319-index.htm",
    "finalLink": "https://www.sec.gov/Archives/edgar/data/1466258/000146625816000319/ir-10kx12312015.htm"
  },
  {
    "date": "2015-09-30",
    "symbol": "TT",
    "reportedCurrency": "USD",
    "cik": "0001466258",
    "fillingDate": "2015-10-27",
    "acceptedDate": "2015-10-27 12:16:31",
    "calendarYear": "2015",
    "period": "Q3",
    "revenue": 3486900000,
    "costOfRevenue": 2379400000,
    "grossProfit": 1107500000,
    "grossProfitRatio": 0.3176173679,
    "researchAndDevelopmentExpenses": 0,
    "generalAndAdministrativeExpenses": 0,
    "sellingAndMarketingExpenses": 0,
    "sellingGeneralAndAdministrativeExpenses": 632100000,
    "otherExpenses": 0,
    "operatingExpenses": 632100000,
    "costAndExpenses": 3011500000,
    "interestIncome": 2500000,
    "interestExpense": 55800000,
    "depreciationAndAmortization": 88500000,
    "ebitda": 563900000,
    "ebitdaratio": 0.161719579,
    "operatingIncome": 475400000,
    "operatingIncomeRatio": 0.1363388683,
    "totalOtherIncomeExpensesNet": -43600000,
    "incomeBeforeTax": 431800000,
    "incomeBeforeTaxRatio": 0.123834925,
    "incomeTaxExpense": 113800000,
    "netIncome": 300900000,
    "netIncomeRatio": 0.0862944162,
    "eps": 1.13,
    "epsdiluted": 1.12,
    "weightedAverageShsOut": 265600000,
    "weightedAverageShsOutDil": 268300000,
    "link": "https://www.sec.gov/Archives/edgar/data/1466258/000146625815000267/0001466258-15-000267-index.htm",
    "finalLink": "https://www.sec.gov/Archives/edgar/data/1466258/000146625815000267/ir-10qx09302015xq3.htm"
  },
  {
    "date": "2015-06-30",
    "symbol": "TT",
    "reportedCurrency": "USD",
    "cik": "0001466258",
    "fillingDate": "2015-07-28",
    "acceptedDate": "2015-07-28 16:26:48",
    "calendarYear": "2015",
    "period": "Q2",
    "revenue": 3600200000,
    "costOfRevenue": 2494500000,
    "grossProfit": 1105700000,
    "grossProfitRatio": 0.3071218266,
    "researchAndDevelopmentExpenses": 0,
    "generalAndAdministrativeExpenses": 0,
    "sellingAndMarketingExpenses": 0,
    "sellingGeneralAndAdministrativeExpenses": 653500000,
    "otherExpenses": 0,
    "operatingExpenses": 653500000,
    "costAndExpenses": 3148000000,
    "interestIncome": 2400000,
    "interestExpense": 55800000,
    "depreciationAndAmortization": 92800000,
    "ebitda": 545000000,
    "ebitdaratio": 0.1513804789,
    "operatingIncome": 452200000,
    "operatingIncomeRatio": 0.1256041331,
    "totalOtherIncomeExpensesNet": -33800000,
    "incomeBeforeTax": 418400000,
    "incomeBeforeTaxRatio": 0.1162157658,
    "incomeTaxExpense": 331400000,
    "netIncome": 78900000,
    "netIncomeRatio": 0.0219154491,
    "eps": 0.29,
    "epsdiluted": 0.29,
    "weightedAverageShsOut": 266500000,
    "weightedAverageShsOutDil": 269400000,
    "link": "https://www.sec.gov/Archives/edgar/data/1466258/000146625815000249/0001466258-15-000249-index.htm",
    "finalLink": "https://www.sec.gov/Archives/edgar/data/1466258/000146625815000249/ir-10qx06302015xq2.htm"
  },
  {
    "date": "2015-03-31",
    "symbol": "TT",
    "reportedCurrency": "USD",
    "cik": "0001466258",
    "fillingDate": "2015-04-23",
    "acceptedDate": "2015-04-23 11:35:40",
    "calendarYear": "2015",
    "period": "Q1",
    "revenue": 2887800000,
    "costOfRevenue": 2086700000,
    "grossProfit": 801100000,
    "grossProfitRatio": 0.2774084078,
    "researchAndDevelopmentExpenses": 0,
    "generalAndAdministrativeExpenses": 0,
    "sellingAndMarketingExpenses": 0,
    "sellingGeneralAndAdministrativeExpenses": 630000000,
    "otherExpenses": 0,
    "operatingExpenses": 630000000,
    "costAndExpenses": 2716700000,
    "interestIncome": 2900000,
    "interestExpense": 55100000,
    "depreciationAndAmortization": 87900000,
    "ebitda": 259000000,
    "ebitdaratio": 0.0896876515,
    "operatingIncome": 171100000,
    "operatingIncomeRatio": 0.0592492555,
    "totalOtherIncomeExpensesNet": -81500000,
    "incomeBeforeTax": 89600000,
    "incomeBeforeTaxRatio": 0.0310270794,
    "incomeTaxExpense": 26900000,
    "netIncome": 51300000,
    "netIncomeRatio": 0.0177643881,
    "eps": 0.19,
    "epsdiluted": 0.19,
    "weightedAverageShsOut": 265400000,
    "weightedAverageShsOutDil": 268500000,
    "link": "https://www.sec.gov/Archives/edgar/data/1466258/000146625815000182/0001466258-15-000182-index.htm",
    "finalLink": "https://www.sec.gov/Archives/edgar/data/1466258/000146625815000182/ir-10qx03312015xq1.htm"
  },
  {
    "date": "2014-12-31",
    "symbol": "TT",
    "reportedCurrency": "USD",
    "cik": "0001466258",
    "fillingDate": "2015-02-13",
    "acceptedDate": "2015-02-13 11:27:34",
    "calendarYear": "2014",
    "period": "Q4",
    "revenue": 3240500000,
    "costOfRevenue": 2261100000,
    "grossProfit": 979400000,
    "grossProfitRatio": 0.3022373091,
    "researchAndDevelopmentExpenses": 212300000,
    "generalAndAdministrativeExpenses": 0,
    "sellingAndMarketingExpenses": 0,
    "sellingGeneralAndAdministrativeExpenses": 623300000,
    "otherExpenses": -202500000,
    "operatingExpenses": 633100000,
    "costAndExpenses": 2894200000,
    "interestIncome": 3800000,
    "interestExpense": 68000000,
    "depreciationAndAmortization": 81900000,
    "ebitda": 438000000,
    "ebitdaratio": 0.1351643265,
    "operatingIncome": 346300000,
    "operatingIncomeRatio": 0.1068662243,
    "totalOtherIncomeExpensesNet": -58200000,
    "incomeBeforeTax": 288100000,
    "incomeBeforeTaxRatio": 0.088906033,
    "incomeTaxExpense": 71200000,
    "netIncome": 255500000,
    "netIncomeRatio": 0.0788458571,
    "eps": 0.97,
    "epsdiluted": 0.95,
    "weightedAverageShsOut": 262899321,
    "weightedAverageShsOutDil": 269500000,
    "link": "https://www.sec.gov/Archives/edgar/data/1466258/000146625815000045/0001466258-15-000045-index.htm",
    "finalLink": "https://www.sec.gov/Archives/edgar/data/1466258/000146625815000045/ir-10kx12312014.htm"
  },
  {
    "date": "2014-09-30",
    "symbol": "TT",
    "reportedCurrency": "USD",
    "cik": "0001466258",
    "fillingDate": "2014-10-22",
    "acceptedDate": "2014-10-22 11:50:22",
    "calendarYear": "2014",
    "period": "Q3",
    "revenue": 3385000000,
    "costOfRevenue": 2327000000,
    "grossProfit": 1058000000,
    "grossProfitRatio": 0.3125553914,
    "researchAndDevelopmentExpenses": 0,
    "generalAndAdministrativeExpenses": 0,
    "sellingAndMarketingExpenses": 0,
    "sellingGeneralAndAdministrativeExpenses": 618000000,
    "otherExpenses": 0,
    "operatingExpenses": 618000000,
    "costAndExpenses": 2945000000,
    "interestIncome": 3000000,
    "interestExpense": 52300000,
    "depreciationAndAmortization": 82300000,
    "ebitda": 531900000,
    "ebitdaratio": 0.1571344165,
    "operatingIncome": 440000000,
    "operatingIncomeRatio": 0.129985229,
    "totalOtherIncomeExpensesNet": -42700000,
    "incomeBeforeTax": 397300000,
    "incomeBeforeTaxRatio": 0.1173707533,
    "incomeTaxExpense": 94100000,
    "netIncome": 291300000,
    "netIncomeRatio": 0.08605613,
    "eps": 1.09,
    "epsdiluted": 1.07,
    "weightedAverageShsOut": 267900000,
    "weightedAverageShsOutDil": 271600000,
    "link": "https://www.sec.gov/Archives/edgar/data/1466258/000146625814000067/0001466258-14-000067-index.htm",
    "finalLink": "https://www.sec.gov/Archives/edgar/data/1466258/000146625814000067/ir-10qx09302014xq3.htm"
  },
  {
    "date": "2014-06-30",
    "symbol": "TT",
    "reportedCurrency": "USD",
    "cik": "0001466258",
    "fillingDate": "2014-07-22",
    "acceptedDate": "2014-07-22 11:30:00",
    "calendarYear": "2014",
    "period": "Q2",
    "revenue": 3542900000,
    "costOfRevenue": 2439900000,
    "grossProfit": 1103000000,
    "grossProfitRatio": 0.3113268791,
    "researchAndDevelopmentExpenses": 0,
    "generalAndAdministrativeExpenses": 0,
    "sellingAndMarketingExpenses": 0,
    "sellingGeneralAndAdministrativeExpenses": 639700000,
    "otherExpenses": 0,
    "operatingExpenses": 639700000,
    "costAndExpenses": 3079600000,
    "interestIncome": 3600000,
    "interestExpense": 53000000,
    "depreciationAndAmortization": 85900000,
    "ebitda": 549200000,
    "ebitdaratio": 0.1550142539,
    "operatingIncome": 463300000,
    "operatingIncomeRatio": 0.1307685794,
    "totalOtherIncomeExpensesNet": -44400000,
    "incomeBeforeTax": 418900000,
    "incomeBeforeTaxRatio": 0.1182364729,
    "incomeTaxExpense": 103700000,
    "netIncome": 306000000,
    "netIncomeRatio": 0.0863699229,
    "eps": 1.13,
    "epsdiluted": 1.12,
    "weightedAverageShsOut": 270400000,
    "weightedAverageShsOutDil": 274200000,
    "link": "https://www.sec.gov/Archives/edgar/data/1466258/000146625814000044/0001466258-14-000044-index.htm",
    "finalLink": "https://www.sec.gov/Archives/edgar/data/1466258/000146625814000044/ir-10qx06302014xq2.htm"
  },
  {
    "date": "2014-03-31",
    "symbol": "TT",
    "reportedCurrency": "USD",
    "cik": "0001466258",
    "fillingDate": "2014-04-23",
    "acceptedDate": "2014-04-23 11:49:10",
    "calendarYear": "2014",
    "period": "Q1",
    "revenue": 2722900000,
    "costOfRevenue": 1954800000,
    "grossProfit": 768100000,
    "grossProfitRatio": 0.2820889493,
    "researchAndDevelopmentExpenses": 0,
    "generalAndAdministrativeExpenses": 0,
    "sellingAndMarketingExpenses": 0,
    "sellingGeneralAndAdministrativeExpenses": 613100000,
    "otherExpenses": 0,
    "operatingExpenses": 613100000,
    "costAndExpenses": 2567900000,
    "interestIncome": 2800000,
    "interestExpense": 52000000,
    "depreciationAndAmortization": 82300000,
    "ebitda": 237300000,
    "ebitdaratio": 0.0871497301,
    "operatingIncome": 155000000,
    "operatingIncomeRatio": 0.0569246024,
    "totalOtherIncomeExpensesNet": -49800000,
    "incomeBeforeTax": 105200000,
    "incomeBeforeTaxRatio": 0.0386352786,
    "incomeTaxExpense": 24500000,
    "netIncome": 79000000,
    "netIncomeRatio": 0.0290131845,
    "eps": 0.28,
    "epsdiluted": 0.28,
    "weightedAverageShsOut": 278300000,
    "weightedAverageShsOutDil": 282300000,
    "link": "https://www.sec.gov/Archives/edgar/data/1466258/000146625814000021/0001466258-14-000021-index.htm",
    "finalLink": "https://www.sec.gov/Archives/edgar/data/1466258/000146625814000021/ir-10qx03312014xq1.htm"
  },
  {
    "date": "2013-12-31",
    "symbol": "TT",
    "reportedCurrency": "USD",
    "cik": "0001466258",
    "fillingDate": "2014-02-14",
    "acceptedDate": "2014-02-14 16:25:10",
    "calendarYear": "2013",
    "period": "Q4",
    "revenue": 3098900000,
    "costOfRevenue": 2212000000,
    "grossProfit": 886900000,
    "grossProfitRatio": 0.2861983284,
    "researchAndDevelopmentExpenses": 218200000,
    "generalAndAdministrativeExpenses": 0,
    "sellingAndMarketingExpenses": 0,
    "sellingGeneralAndAdministrativeExpenses": 315500000,
    "otherExpenses": 135200000,
    "operatingExpenses": 668900000,
    "costAndExpenses": 2880900000,
    "interestIncome": 3200000,
    "interestExpense": 52000000,
    "depreciationAndAmortization": 39500000,
    "ebitda": 301700000,
    "ebitdaratio": 0.0973571267,
    "operatingIncome": 218000000,
    "operatingIncomeRatio": 0.0703475427,
    "totalOtherIncomeExpensesNet": -54100000,
    "incomeBeforeTax": 163900000,
    "incomeBeforeTaxRatio": 0.0528897351,
    "incomeTaxExpense": 80700000,
    "netIncome": 47600000,
    "netIncomeRatio": 0.0153602891,
    "eps": 0.17,
    "epsdiluted": 0.16,
    "weightedAverageShsOut": 282700041,
    "weightedAverageShsOutDil": 293300000,
    "link": "https://www.sec.gov/Archives/edgar/data/1466258/000146625814000009/0001466258-14-000009-index.htm",
    "finalLink": "https://www.sec.gov/Archives/edgar/data/1466258/000146625814000009/ir-10kx12312013.htm"
  },
  {
    "date": "2013-09-30",
    "symbol": "TT",
    "reportedCurrency": "USD",
    "cik": "0001466258",
    "fillingDate": "2013-10-23",
    "acceptedDate": "2013-10-23 11:53:17",
    "calendarYear": "2013",
    "period": "Q3",
    "revenue": 3214200000,
    "costOfRevenue": 2217700000,
    "grossProfit": 996500000,
    "grossProfitRatio": 0.3100304897,
    "researchAndDevelopmentExpenses": 0,
    "generalAndAdministrativeExpenses": 0,
    "sellingAndMarketingExpenses": 0,
    "sellingGeneralAndAdministrativeExpenses": 756800000,
    "otherExpenses": -139800000,
    "operatingExpenses": 617000000,
    "costAndExpenses": 2834700000,
    "interestIncome": 3600000,
    "interestExpense": 102800000,
    "depreciationAndAmortization": 82900000,
    "ebitda": 471700000,
    "ebitdaratio": 0.1467550246,
    "operatingIncome": 379500000,
    "operatingIncomeRatio": 0.1180698152,
    "totalOtherIncomeExpensesNet": -96800000,
    "incomeBeforeTax": 282700000,
    "incomeBeforeTaxRatio": 0.0879534565,
    "incomeTaxExpense": 55100000,
    "netIncome": 165900000,
    "netIncomeRatio": 0.0516147097,
    "eps": 0.57,
    "epsdiluted": 0.56,
    "weightedAverageShsOut": 288700000,
    "weightedAverageShsOutDil": 295500000,
    "link": "https://www.sec.gov/Archives/edgar/data/1466258/000146625813000052/0001466258-13-000052-index.htm",
    "finalLink": "https://www.sec.gov/Archives/edgar/data/1466258/000146625813000052/ir-10qx09302013xq3.htm"
  },
  {
    "date": "2013-06-30",
    "symbol": "TT",
    "reportedCurrency": "USD",
    "cik": "0001466258",
    "fillingDate": "2013-07-24",
    "acceptedDate": "2013-07-24 12:17:24",
    "calendarYear": "2013",
    "period": "Q2",
    "revenue": 3398400000,
    "costOfRevenue": 2377500000,
    "grossProfit": 1020900000,
    "grossProfitRatio": 0.3004060734,
    "researchAndDevelopmentExpenses": 0,
    "generalAndAdministrativeExpenses": 0,
    "sellingAndMarketingExpenses": 0,
    "sellingGeneralAndAdministrativeExpenses": 770900000,
    "otherExpenses": -137500000,
    "operatingExpenses": 633400000,
    "costAndExpenses": 3010900000,
    "interestIncome": 1600000,
    "interestExpense": 62400000,
    "depreciationAndAmortization": 83300000,
    "ebitda": 477600000,
    "ebitdaratio": 0.1405367232,
    "operatingIncome": 394300000,
    "operatingIncomeRatio": 0.1160251883,
    "totalOtherIncomeExpensesNet": -71100000,
    "incomeBeforeTax": 323200000,
    "incomeBeforeTaxRatio": 0.0951035782,
    "incomeTaxExpense": 48700000,
    "netIncome": 317200000,
    "netIncomeRatio": 0.0933380414,
    "eps": 1.09,
    "epsdiluted": 1.05,
    "weightedAverageShsOut": 291900000,
    "weightedAverageShsOutDil": 301200000,
    "link": "https://www.sec.gov/Archives/edgar/data/1466258/000146625813000035/0001466258-13-000035-index.htm",
    "finalLink": "https://www.sec.gov/Archives/edgar/data/1466258/000146625813000035/ir-10qx06302013xq2.htm"
  },
  {
    "date": "2013-03-31",
    "symbol": "TT",
    "reportedCurrency": "USD",
    "cik": "0001466258",
    "fillingDate": "2013-04-25",
    "acceptedDate": "2013-04-25 11:01:27",
    "calendarYear": "2013",
    "period": "Q1",
    "revenue": 2639000000,
    "costOfRevenue": 1902100000,
    "grossProfit": 736900000,
    "grossProfitRatio": 0.2792345585,
    "researchAndDevelopmentExpenses": 0,
    "generalAndAdministrativeExpenses": 0,
    "sellingAndMarketingExpenses": 0,
    "sellingGeneralAndAdministrativeExpenses": 726800000,
    "otherExpenses": -120400000,
    "operatingExpenses": 606400000,
    "costAndExpenses": 2519000000,
    "interestIncome": 3400000,
    "interestExpense": 60600000,
    "depreciationAndAmortization": 83700000,
    "ebitda": 225800000,
    "ebitdaratio": 0.0855627131,
    "operatingIncome": 142100000,
    "operatingIncomeRatio": 0.0538461538,
    "totalOtherIncomeExpensesNet": -82200000,
    "incomeBeforeTax": 59900000,
    "incomeBeforeTaxRatio": 0.0226979917,
    "incomeTaxExpense": 4500000,
    "netIncome": 88000000,
    "netIncomeRatio": 0.0333459644,
    "eps": 0.29,
    "epsdiluted": 0.29,
    "weightedAverageShsOut": 299600000,
    "weightedAverageShsOutDil": 302500000,
    "link": "https://www.sec.gov/Archives/edgar/data/1466258/000146625813000015/0001466258-13-000015-index.htm",
    "finalLink": "https://www.sec.gov/Archives/edgar/data/1466258/000146625813000015/ir-10qx03312013xq1.htm"
  },
  {
    "date": "2012-12-31",
    "symbol": "TT",
    "reportedCurrency": "USD",
    "cik": "0001466258",
    "fillingDate": "2013-02-14",
    "acceptedDate": "2013-02-14 14:35:19",
    "calendarYear": "2012",
    "period": "Q4",
    "revenue": 3470200000,
    "costOfRevenue": 2410500000,
    "grossProfit": 1059700000,
    "grossProfitRatio": 0.3053714483,
    "researchAndDevelopmentExpenses": 235400000,
    "generalAndAdministrativeExpenses": 0,
    "sellingAndMarketingExpenses": 0,
    "sellingGeneralAndAdministrativeExpenses": 303600000,
    "otherExpenses": 153200000,
    "operatingExpenses": 692200000,
    "costAndExpenses": 3102700000,
    "interestIncome": 16300000,
    "interestExpense": 61400000,
    "depreciationAndAmortization": 90100000,
    "ebitda": 461400000,
    "ebitdaratio": 0.1329606363,
    "operatingIncome": 367500000,
    "operatingIncomeRatio": 0.1059016771,
    "totalOtherIncomeExpensesNet": -57600000,
    "incomeBeforeTax": 309900000,
    "incomeBeforeTaxRatio": 0.0893032102,
    "incomeTaxExpense": 69000000,
    "netIncome": 235600000,
    "netIncomeRatio": 0.0678923405,
    "eps": 0.8,
    "epsdiluted": 0.78,
    "weightedAverageShsOut": 295583174,
    "weightedAverageShsOutDil": 304000000,
    "link": "https://www.sec.gov/Archives/edgar/data/1466258/000146625813000006/0001466258-13-000006-index.htm",
    "finalLink": "https://www.sec.gov/Archives/edgar/data/1466258/000146625813000006/ir-12312012x10k.htm"
  },
  {
    "date": "2012-09-30",
    "symbol": "TT",
    "reportedCurrency": "USD",
    "cik": "0001466258",
    "fillingDate": "2012-10-25",
    "acceptedDate": "2012-10-25 11:16:15",
    "calendarYear": "2012",
    "period": "Q3",
    "revenue": 3592800000,
    "costOfRevenue": 2454400000,
    "grossProfit": 1138400000,
    "grossProfitRatio": 0.3168559341,
    "researchAndDevelopmentExpenses": 0,
    "generalAndAdministrativeExpenses": 0,
    "sellingAndMarketingExpenses": 0,
    "sellingGeneralAndAdministrativeExpenses": 690600000,
    "otherExpenses": 0,
    "operatingExpenses": 690600000,
    "costAndExpenses": 3145000000,
    "interestIncome": 0,
    "interestExpense": 56600000,
    "depreciationAndAmortization": 92300000,
    "ebitda": 557500000,
    "ebitdaratio": 0.155171454,
    "operatingIncome": 447800000,
    "operatingIncomeRatio": 0.1246381652,
    "totalOtherIncomeExpensesNet": -43200000,
    "incomeBeforeTax": 404600000,
    "incomeBeforeTaxRatio": 0.1126141171,
    "incomeTaxExpense": 65300000,
    "netIncome": 321600000,
    "netIncomeRatio": 0.089512358,
    "eps": 1.09,
    "epsdiluted": 1.03,
    "weightedAverageShsOut": 301001865,
    "weightedAverageShsOutDil": 312000000,
    "link": "https://www.sec.gov/Archives/edgar/data/1466258/000146625812000007/0001466258-12-000007-index.htm",
    "finalLink": "https://www.sec.gov/Archives/edgar/data/1466258/000146625812000007/ir-10qxq3x9302012.htm"
  },
  {
    "date": "2012-06-30",
    "symbol": "TT",
    "reportedCurrency": "USD",
    "cik": "0001466258",
    "fillingDate": "2012-07-26",
    "acceptedDate": "2012-07-26 11:00:30",
    "calendarYear": "2012",
    "period": "Q2",
    "revenue": 3821300000,
    "costOfRevenue": 2644000000,
    "grossProfit": 1177300000,
    "grossProfitRatio": 0.3080888703,
    "researchAndDevelopmentExpenses": 0,
    "generalAndAdministrativeExpenses": 0,
    "sellingAndMarketingExpenses": 0,
    "sellingGeneralAndAdministrativeExpenses": 703600000,
    "otherExpenses": 0,
    "operatingExpenses": 703600000,
    "costAndExpenses": 3347600000,
    "interestIncome": 3900000,
    "interestExpense": 62100000,
    "depreciationAndAmortization": 95100000,
    "ebitda": 577100000,
    "ebitdaratio": 0.1510219035,
    "operatingIncome": 477900000,
    "operatingIncomeRatio": 0.1250621516,
    "totalOtherIncomeExpensesNet": -58000000,
    "incomeBeforeTax": 419900000,
    "incomeBeforeTaxRatio": 0.1098840709,
    "incomeTaxExpense": 54800000,
    "netIncome": 365800000,
    "netIncomeRatio": 0.0957265852,
    "eps": 1.16,
    "epsdiluted": 1.16,
    "weightedAverageShsOut": 308252270,
    "weightedAverageShsOutDil": 314400000,
    "link": "https://www.sec.gov/Archives/edgar/data/1466258/000144530512002282/0001445305-12-002282-index.htm",
    "finalLink": "https://www.sec.gov/Archives/edgar/data/1466258/000144530512002282/ir-10qxq2x6302012.htm"
  },
  {
    "date": "2012-03-31",
    "symbol": "TT",
    "reportedCurrency": "USD",
    "cik": "0001466258",
    "fillingDate": "2012-04-26",
    "acceptedDate": "2012-04-26 13:55:34",
    "calendarYear": "2012",
    "period": "Q1",
    "revenue": 3150700000,
    "costOfRevenue": 2249400000,
    "grossProfit": 901300000,
    "grossProfitRatio": 0.2860634145,
    "researchAndDevelopmentExpenses": 0,
    "generalAndAdministrativeExpenses": 0,
    "sellingAndMarketingExpenses": 0,
    "sellingGeneralAndAdministrativeExpenses": 689600000,
    "otherExpenses": 0,
    "operatingExpenses": 689600000,
    "costAndExpenses": 2939000000,
    "interestIncome": 4700000,
    "interestExpense": 69400000,
    "depreciationAndAmortization": 98000000,
    "ebitda": 309800000,
    "ebitdaratio": 0.0983273558,
    "operatingIncome": 212000000,
    "operatingIncomeRatio": 0.0672866347,
    "totalOtherIncomeExpensesNet": -69600000,
    "incomeBeforeTax": 142400000,
    "incomeBeforeTaxRatio": 0.0451963056,
    "incomeTaxExpense": 38000000,
    "netIncome": 95600000,
    "netIncomeRatio": 0.0303424636,
    "eps": 0.32,
    "epsdiluted": 0.31,
    "weightedAverageShsOut": 298689400,
    "weightedAverageShsOutDil": 312400000,
    "link": "https://www.sec.gov/Archives/edgar/data/1466258/000144530512001199/0001445305-12-001199-index.htm",
    "finalLink": "https://www.sec.gov/Archives/edgar/data/1466258/000144530512001199/ir-10qxq1x3312012.htm"
  },
  {
    "date": "2011-12-31",
    "symbol": "TT",
    "reportedCurrency": "USD",
    "cik": "0001466258",
    "fillingDate": "2012-02-21",
    "acceptedDate": "2012-02-21 09:32:50",
    "calendarYear": "2011",
    "period": "Q4",
    "revenue": 3453800000,
    "costOfRevenue": 2461000000,
    "grossProfit": 992800000,
    "grossProfitRatio": 0.2874515027,
    "researchAndDevelopmentExpenses": 0,
    "generalAndAdministrativeExpenses": 0,
    "sellingAndMarketingExpenses": 0,
    "sellingGeneralAndAdministrativeExpenses": 656000000,
    "otherExpenses": 0,
    "operatingExpenses": 656000000,
    "costAndExpenses": 3117000000,
    "interestIncome": 0,
    "interestExpense": 70300000,
    "depreciationAndAmortization": 100600000,
    "ebitda": 446500000,
    "ebitdaratio": 0.1292778968,
    "operatingIncome": 341500000,
    "operatingIncomeRatio": 0.0988765997,
    "totalOtherIncomeExpensesNet": -65900000,
    "incomeBeforeTax": 275600000,
    "incomeBeforeTaxRatio": 0.0797961665,
    "incomeTaxExpense": 18800000,
    "netIncome": 242300000,
    "netIncomeRatio": 0.0701546123,
    "eps": 0.81,
    "epsdiluted": 0.78,
    "weightedAverageShsOut": 298689400,
    "weightedAverageShsOutDil": 312400000,
    "link": "https://www.sec.gov/Archives/edgar/data/1466258/000144530512000370/0001445305-12-000370-index.htm",
    "finalLink": "https://www.sec.gov/Archives/edgar/data/1466258/000144530512000370/ir-12312011x10k.htm"
  },
  {
    "date": "2011-09-30",
    "symbol": "TT",
    "reportedCurrency": "USD",
    "cik": "0001466258",
    "fillingDate": "2011-10-28",
    "acceptedDate": "2011-10-28 10:56:12",
    "calendarYear": "2011",
    "period": "Q3",
    "revenue": 3928500000,
    "costOfRevenue": 2771800000,
    "grossProfit": 1156700000,
    "grossProfitRatio": 0.2944380807,
    "researchAndDevelopmentExpenses": 0,
    "generalAndAdministrativeExpenses": 0,
    "sellingAndMarketingExpenses": 0,
    "sellingGeneralAndAdministrativeExpenses": 712200000,
    "otherExpenses": 261200000,
    "operatingExpenses": 973400000,
    "costAndExpenses": 3729600000,
    "interestIncome": 0,
    "interestExpense": 69700000,
    "depreciationAndAmortization": 96800000,
    "ebitda": 298600000,
    "ebitdaratio": 0.0760086547,
    "operatingIncome": 179700000,
    "operatingIncomeRatio": 0.0457426499,
    "totalOtherIncomeExpensesNet": -48399999,
    "incomeBeforeTax": 131300000,
    "incomeBeforeTaxRatio": 0.0334224259,
    "incomeTaxExpense": 28400000,
    "netIncome": 86200000,
    "netIncomeRatio": 0.0219422171,
    "eps": 0.29,
    "epsdiluted": 0.25,
    "weightedAverageShsOut": 312176652,
    "weightedAverageShsOutDil": 340200000,
    "link": "https://www.sec.gov/Archives/edgar/data/1466258/000144530511003119/0001445305-11-003119-index.htm",
    "finalLink": "https://www.sec.gov/Archives/edgar/data/1466258/000144530511003119/ir-10qxq3x9302011.htm"
  },
  {
    "date": "2011-06-30",
    "symbol": "TT",
    "reportedCurrency": "USD",
    "cik": "0001466258",
    "fillingDate": "2011-07-28",
    "acceptedDate": "2011-07-28 14:58:41",
    "calendarYear": "2011",
    "period": "Q2",
    "revenue": 3892200000,
    "costOfRevenue": 2708400000,
    "grossProfit": 1183800000,
    "grossProfitRatio": 0.304146755,
    "researchAndDevelopmentExpenses": 0,
    "generalAndAdministrativeExpenses": 0,
    "sellingAndMarketingExpenses": 0,
    "sellingGeneralAndAdministrativeExpenses": 708300000,
    "otherExpenses": 0,
    "operatingExpenses": 708300000,
    "costAndExpenses": 3416700000,
    "interestIncome": 6600000,
    "interestExpense": 71600000,
    "depreciationAndAmortization": 106700000,
    "ebitda": 407800000,
    "ebitdaratio": 0.1047736499,
    "operatingIncome": 475500000,
    "operatingIncomeRatio": 0.1221674117,
    "totalOtherIncomeExpensesNet": -67100000,
    "incomeBeforeTax": 408400000,
    "incomeBeforeTaxRatio": 0.1049278043,
    "incomeTaxExpense": 99800000,
    "netIncome": 92300000,
    "netIncomeRatio": 0.0237140949,
    "eps": 0.28,
    "epsdiluted": 0.26,
    "weightedAverageShsOut": 330976917,
    "weightedAverageShsOutDil": 350900000,
    "link": "https://www.sec.gov/Archives/edgar/data/1466258/000144530511002207/0001445305-11-002207-index.htm",
    "finalLink": "https://www.sec.gov/Archives/edgar/data/1466258/000144530511002207/ir-10qxq2x6302011.htm"
  },
  {
    "date": "2011-03-31",
    "symbol": "TT",
    "reportedCurrency": "USD",
    "cik": "0001466258",
    "fillingDate": "2011-04-28",
    "acceptedDate": "2011-04-28 11:52:41",
    "calendarYear": "2011",
    "period": "Q1",
    "revenue": 3138000000,
    "costOfRevenue": 2249800000,
    "grossProfit": 888200000,
    "grossProfitRatio": 0.2830465264,
    "researchAndDevelopmentExpenses": 0,
    "generalAndAdministrativeExpenses": 0,
    "sellingAndMarketingExpenses": 0,
    "sellingGeneralAndAdministrativeExpenses": 656300000,
    "otherExpenses": 0,
    "operatingExpenses": 656300000,
    "costAndExpenses": 2906100000,
    "interestIncome": 0,
    "interestExpense": 68300000,
    "depreciationAndAmortization": 98300000,
    "ebitda": 145000000,
    "ebitdaratio": 0.0462077757,
    "operatingIncome": 231900000,
    "operatingIncomeRatio": 0.0739005736,
    "totalOtherIncomeExpensesNet": -63200000,
    "incomeBeforeTax": 168700000,
    "incomeBeforeTaxRatio": 0.0537603569,
    "incomeTaxExpense": 40800000,
    "netIncome": -77600000,
    "netIncomeRatio": -0.0247291268,
    "eps": -0.23,
    "epsdiluted": -0.22,
    "weightedAverageShsOut": 331081433,
    "weightedAverageShsOutDil": 348500000,
    "link": "https://www.sec.gov/Archives/edgar/data/1466258/000119312511113959/0001193125-11-113959-index.htm",
    "finalLink": "https://www.sec.gov/Archives/edgar/data/1466258/000119312511113959/d10q.htm"
  },
  {
    "date": "2010-12-31",
    "symbol": "TT",
    "reportedCurrency": "USD",
    "cik": "0001466258",
    "fillingDate": "2011-02-22",
    "acceptedDate": "2011-02-22 15:19:10",
    "calendarYear": "2010",
    "period": "Q4",
    "revenue": 3711700000,
    "costOfRevenue": 2700800000,
    "grossProfit": 1010900000,
    "grossProfitRatio": 0.2723549856,
    "researchAndDevelopmentExpenses": 0,
    "generalAndAdministrativeExpenses": 0,
    "sellingAndMarketingExpenses": 0,
    "sellingGeneralAndAdministrativeExpenses": 697300000,
    "otherExpenses": 0,
    "operatingExpenses": 697300000,
    "costAndExpenses": 3398100000,
    "interestIncome": 0,
    "interestExpense": 70900000,
    "depreciationAndAmortization": 107700000,
    "ebitda": 432500000,
    "ebitdaratio": 0.1165234259,
    "operatingIncome": 313600000,
    "operatingIncomeRatio": 0.084489587,
    "totalOtherIncomeExpensesNet": -59700000,
    "incomeBeforeTax": 253900000,
    "incomeBeforeTaxRatio": 0.0684053129,
    "incomeTaxExpense": 47100000,
    "netIncome": 212100000,
    "netIncomeRatio": 0.0571436269,
    "eps": 0.64,
    "epsdiluted": 0.61,
    "weightedAverageShsOut": 331081433,
    "weightedAverageShsOutDil": 348500000,
    "link": "https://www.sec.gov/Archives/edgar/data/1466258/000119312511042044/0001193125-11-042044-index.htm",
    "finalLink": "https://www.sec.gov/Archives/edgar/data/1466258/000119312511042044/d10k.htm"
  },
  {
    "date": "2010-09-30",
    "symbol": "TT",
    "reportedCurrency": "USD",
    "cik": "0001466258",
    "fillingDate": "2010-11-01",
    "acceptedDate": "2010-11-01 15:28:12",
    "calendarYear": "2010",
    "period": "Q3",
    "revenue": 3730300000,
    "costOfRevenue": 2651400000,
    "grossProfit": 1078900000,
    "grossProfitRatio": 0.2892260676,
    "researchAndDevelopmentExpenses": 0,
    "generalAndAdministrativeExpenses": 0,
    "sellingAndMarketingExpenses": 0,
    "sellingGeneralAndAdministrativeExpenses": 670700000,
    "otherExpenses": 0,
    "operatingExpenses": 670700000,
    "costAndExpenses": 3322100000,
    "interestIncome": 0,
    "interestExpense": 70200000,
    "depreciationAndAmortization": 119600000,
    "ebitda": 539000000,
    "ebitdaratio": 0.1444924001,
    "operatingIncome": 408200000,
    "operatingIncomeRatio": 0.1094281961,
    "totalOtherIncomeExpensesNet": -59000000,
    "incomeBeforeTax": 349200000,
    "incomeBeforeTaxRatio": 0.0936117739,
    "incomeTaxExpense": 72100000,
    "netIncome": 232200000,
    "netIncomeRatio": 0.0622470043,
    "eps": 0.72,
    "epsdiluted": 0.68,
    "weightedAverageShsOut": 324700000,
    "weightedAverageShsOutDil": 339000000,
    "link": "https://www.sec.gov/Archives/edgar/data/1466258/000119312510242526/0001193125-10-242526-index.htm",
    "finalLink": "https://www.sec.gov/Archives/edgar/data/1466258/000119312510242526/d10q.htm"
  },
  {
    "date": "2010-06-30",
    "symbol": "TT",
    "reportedCurrency": "USD",
    "cik": "0001466258",
    "fillingDate": "2010-08-05",
    "acceptedDate": "2010-08-05 12:34:48",
    "calendarYear": "2010",
    "period": "Q2",
    "revenue": 3703400000,
    "costOfRevenue": 2655800000,
    "grossProfit": 1047600000,
    "grossProfitRatio": 0.2828751958,
    "researchAndDevelopmentExpenses": 0,
    "generalAndAdministrativeExpenses": 0,
    "sellingAndMarketingExpenses": 0,
    "sellingGeneralAndAdministrativeExpenses": 664600000,
    "otherExpenses": -19000000,
    "operatingExpenses": 645600000,
    "costAndExpenses": 3320400000,
    "interestIncome": 4900000,
    "interestExpense": 71100000,
    "depreciationAndAmortization": 104700000,
    "ebitda": 476500000,
    "ebitdaratio": 0.1286655506,
    "operatingIncome": 383000000,
    "operatingIncomeRatio": 0.1034184803,
    "totalOtherIncomeExpensesNet": -59900000,
    "incomeBeforeTax": 323100000,
    "incomeBeforeTaxRatio": 0.087244154,
    "incomeTaxExpense": 54900000,
    "netIncome": 196400000,
    "netIncomeRatio": 0.0530323487,
    "eps": 0.61,
    "epsdiluted": 0.58,
    "weightedAverageShsOut": 323800000,
    "weightedAverageShsOutDil": 339100000,
    "link": "https://www.sec.gov/Archives/edgar/data/1466258/000119312510178827/0001193125-10-178827-index.htm",
    "finalLink": "https://www.sec.gov/Archives/edgar/data/1466258/000119312510178827/d10q.htm"
  },
  {
    "date": "2010-03-31",
    "symbol": "TT",
    "reportedCurrency": "USD",
    "cik": "0001466258",
    "fillingDate": "2010-05-07",
    "acceptedDate": "2010-05-07 14:07:55",
    "calendarYear": "2010",
    "period": "Q1",
    "revenue": 2953400000,
    "costOfRevenue": 2173300000,
    "grossProfit": 780100000,
    "grossProfitRatio": 0.2641362497,
    "researchAndDevelopmentExpenses": 0,
    "generalAndAdministrativeExpenses": 0,
    "sellingAndMarketingExpenses": 0,
    "sellingGeneralAndAdministrativeExpenses": 646600000,
    "otherExpenses": -29400000,
    "operatingExpenses": 617200000,
    "costAndExpenses": 2819900000,
    "interestIncome": 0,
    "interestExpense": 71200000,
    "depreciationAndAmortization": 105100000,
    "ebitda": 250400000,
    "ebitdaratio": 0.0847836392,
    "operatingIncome": 297000000,
    "operatingIncomeRatio": 0.1005620641,
    "totalOtherIncomeExpensesNet": -196600000,
    "incomeBeforeTax": 100400000,
    "incomeBeforeTaxRatio": 0.033994718,
    "incomeTaxExpense": 54100000,
    "netIncome": 1400000,
    "netIncomeRatio": 0.0004740299,
    "eps": 0.0043,
    "epsdiluted": 0.0042,
    "weightedAverageShsOut": 322700000,
    "weightedAverageShsOutDil": 336600000,
    "link": "https://www.sec.gov/Archives/edgar/data/1466258/000119312510112590/0001193125-10-112590-index.htm",
    "finalLink": "https://www.sec.gov/Archives/edgar/data/1466258/000119312510112590/d10q.htm"
  },
  {
    "date": "2009-12-31",
    "symbol": "TT",
    "reportedCurrency": "USD",
    "cik": "0001466258",
    "fillingDate": "2010-02-26",
    "acceptedDate": "2010-02-26 16:43:53",
    "calendarYear": "2009",
    "period": "Q4",
    "revenue": 3305900000,
    "costOfRevenue": 2411700000,
    "grossProfit": 894200000,
    "grossProfitRatio": 0.2704861006,
    "researchAndDevelopmentExpenses": 0,
    "generalAndAdministrativeExpenses": 0,
    "sellingAndMarketingExpenses": 0,
    "sellingGeneralAndAdministrativeExpenses": 671400000,
    "otherExpenses": 0,
    "operatingExpenses": 671400000,
    "costAndExpenses": 3083100000,
    "interestIncome": 2400000,
    "interestExpense": 76400000,
    "depreciationAndAmortization": 109200000,
    "ebitda": 335400000,
    "ebitdaratio": 0.1014549744,
    "operatingIncome": 222800000,
    "operatingIncomeRatio": 0.067394658,
    "totalOtherIncomeExpensesNet": -73000000,
    "incomeBeforeTax": 149800000,
    "incomeBeforeTaxRatio": 0.0453129254,
    "incomeTaxExpense": 16700000,
    "netIncome": 139400000,
    "netIncomeRatio": 0.0421670347,
    "eps": 0.43,
    "epsdiluted": 0.41,
    "weightedAverageShsOut": 322700000,
    "weightedAverageShsOutDil": 336600000,
    "link": "https://www.sec.gov/Archives/edgar/data/1466258/000119312510043035/0001193125-10-043035-index.htm",
    "finalLink": "https://www.sec.gov/Archives/edgar/data/1466258/000119312510043035/d10k.htm"
  },
  {
    "date": "2009-09-30",
    "symbol": "TT",
    "reportedCurrency": "USD",
    "cik": "0001466258",
    "fillingDate": "2009-11-06",
    "acceptedDate": "2009-11-06 10:28:24",
    "calendarYear": "2009",
    "period": "Q3",
    "revenue": 3482700000,
    "costOfRevenue": 2486600000,
    "grossProfit": 996100000,
    "grossProfitRatio": 0.286013725,
    "researchAndDevelopmentExpenses": 0,
    "generalAndAdministrativeExpenses": 0,
    "sellingAndMarketingExpenses": 0,
    "sellingGeneralAndAdministrativeExpenses": 677800000,
    "otherExpenses": 0,
    "operatingExpenses": 677800000,
    "costAndExpenses": 3164400000,
    "interestIncome": 0,
    "interestExpense": 76500000,
    "depreciationAndAmortization": 111200000,
    "ebitda": 434900000,
    "ebitdaratio": 0.1248743791,
    "operatingIncome": 318300000,
    "operatingIncomeRatio": 0.0913946076,
    "totalOtherIncomeExpensesNet": -76100000,
    "incomeBeforeTax": 242300000,
    "incomeBeforeTaxRatio": 0.0695724582,
    "incomeTaxExpense": 14800000,
    "netIncome": 216600000,
    "netIncomeRatio": 0.062193126,
    "eps": 0.67,
    "epsdiluted": 0.65,
    "weightedAverageShsOut": 321000000,
    "weightedAverageShsOutDil": 331800000,
    "link": "https://www.sec.gov/Archives/edgar/data/1466258/000119312509226774/0001193125-09-226774-index.htm",
    "finalLink": "https://www.sec.gov/Archives/edgar/data/1466258/000119312509226774/d10q.htm"
  },
  {
    "date": "2009-06-30",
    "symbol": "TT",
    "reportedCurrency": "USD",
    "cik": "0001466258",
    "fillingDate": "2009-08-06",
    "acceptedDate": "2009-08-06 14:39:50",
    "calendarYear": "2009",
    "period": "Q2",
    "revenue": 3473800000,
    "costOfRevenue": 2540400000,
    "grossProfit": 933400000,
    "grossProfitRatio": 0.268697104,
    "researchAndDevelopmentExpenses": 0,
    "generalAndAdministrativeExpenses": 0,
    "sellingAndMarketingExpenses": 0,
    "sellingGeneralAndAdministrativeExpenses": 682800000,
    "otherExpenses": 0,
    "operatingExpenses": 682800000,
    "costAndExpenses": 3223200000,
    "interestIncome": 0,
    "interestExpense": 81900000,
    "depreciationAndAmortization": 102000000,
    "ebitda": 362600000,
    "ebitdaratio": 0.1043813691,
    "operatingIncome": 250600000,
    "operatingIncomeRatio": 0.0721400196,
    "totalOtherIncomeExpensesNet": -78600000,
    "incomeBeforeTax": 172100000,
    "incomeBeforeTaxRatio": 0.049542288,
    "incomeTaxExpense": 34400000,
    "netIncome": 122100000,
    "netIncomeRatio": 0.0351488284,
    "eps": 0.38,
    "epsdiluted": 0.38,
    "weightedAverageShsOut": 320800000,
    "weightedAverageShsOutDil": 325000000,
    "link": "https://www.sec.gov/Archives/edgar/data/1466258/000119312509166979/0001193125-09-166979-index.htm",
    "finalLink": "https://www.sec.gov/Archives/edgar/data/1466258/000119312509166979/d10q.htm"
  },
  {
    "date": "2009-03-31",
    "symbol": "TT",
    "reportedCurrency": "USD",
    "cik": "0001466258",
    "fillingDate": "2009-03-31",
    "acceptedDate": "2009-03-30 20:00:00",
    "calendarYear": "2009",
    "period": "Q1",
    "revenue": 2932900000,
    "costOfRevenue": 2206400000,
    "grossProfit": 726500000,
    "grossProfitRatio": 0.2477070476,
    "researchAndDevelopmentExpenses": 0,
    "generalAndAdministrativeExpenses": 0,
    "sellingAndMarketingExpenses": 0,
    "sellingGeneralAndAdministrativeExpenses": 676600000,
    "otherExpenses": 0,
    "operatingExpenses": 676600000,
    "costAndExpenses": 2883000000,
    "interestIncome": 4300000,
    "interestExpense": 67400000,
    "depreciationAndAmortization": 102500000,
    "ebitda": 164900000,
    "ebitdaratio": 0.0562242149,
    "operatingIncome": 49900000,
    "operatingIncomeRatio": 0.0170138771,
    "totalOtherIncomeExpensesNet": -54900000,
    "incomeBeforeTax": -5000000,
    "incomeBeforeTaxRatio": -0.0017047973,
    "incomeTaxExpense": 10500000,
    "netIncome": -26700000,
    "netIncomeRatio": -0.0091036176,
    "eps": -0.08,
    "epsdiluted": -0.08,
    "weightedAverageShsOut": 320500000,
    "weightedAverageShsOutDil": 320500000,
    "link": "",
    "finalLink": ""
  },
  {
    "date": "2008-12-31",
    "symbol": "TT",
    "reportedCurrency": "USD",
    "cik": "0001466258",
    "fillingDate": "2008-12-31",
    "acceptedDate": "2008-12-30 19:00:00",
    "calendarYear": "2008",
    "period": "Q4",
    "revenue": 3670100000,
    "costOfRevenue": 2801700000,
    "grossProfit": 868400000,
    "grossProfitRatio": 0.2366148061,
    "researchAndDevelopmentExpenses": 0,
    "generalAndAdministrativeExpenses": 0,
    "sellingAndMarketingExpenses": 0,
    "sellingGeneralAndAdministrativeExpenses": 688200000,
    "otherExpenses": 3710000000,
    "operatingExpenses": 4398200000,
    "costAndExpenses": 7199900000,
    "interestIncome": 0,
    "interestExpense": 0,
    "depreciationAndAmortization": 123300000,
    "ebitda": -3406500000,
    "ebitdaratio": -0.928176344,
    "operatingIncome": -3529800000,
    "operatingIncomeRatio": -0.9617721588,
    "totalOtherIncomeExpensesNet": -107200000,
    "incomeBeforeTax": -3637000000,
    "incomeBeforeTaxRatio": -0.9909811722,
    "incomeTaxExpense": -361800000,
    "netIncome": -3290200000,
    "netIncomeRatio": -0.8964878341,
    "eps": -10.27,
    "epsdiluted": -10.27,
    "weightedAverageShsOut": 320500000,
    "weightedAverageShsOutDil": 320500000,
    "link": "",
    "finalLink": ""
  },
  {
    "date": "2008-09-30",
    "symbol": "TT",
    "reportedCurrency": "USD",
    "cik": "0001466258",
    "fillingDate": "2008-09-30",
    "acceptedDate": "2008-09-29 20:00:00",
    "calendarYear": "2008",
    "period": "Q3",
    "revenue": 4313200000,
    "costOfRevenue": 3209400000,
    "grossProfit": 1103800000,
    "grossProfitRatio": 0.2559120838,
    "researchAndDevelopmentExpenses": 0,
    "generalAndAdministrativeExpenses": 0,
    "sellingAndMarketingExpenses": 0,
    "sellingGeneralAndAdministrativeExpenses": 756400000,
    "otherExpenses": 0,
    "operatingExpenses": 756400000,
    "costAndExpenses": 3965800000,
    "interestIncome": 9900000,
    "interestExpense": 83700000,
    "depreciationAndAmortization": 202600000,
    "ebitda": 551800000,
    "ebitdaratio": 0.1279328573,
    "operatingIncome": 347400000,
    "operatingIncomeRatio": 0.080543448,
    "totalOtherIncomeExpensesNet": -81900000,
    "incomeBeforeTax": 265500000,
    "incomeBeforeTaxRatio": 0.0615552258,
    "incomeTaxExpense": 26300000,
    "netIncome": 227700000,
    "netIncomeRatio": 0.052791431,
    "eps": 0.71,
    "epsdiluted": 0.7,
    "weightedAverageShsOut": 320200000,
    "weightedAverageShsOutDil": 324100000,
    "link": "",
    "finalLink": ""
  },
  {
    "date": "2008-06-30",
    "symbol": "TT",
    "reportedCurrency": "USD",
    "cik": "0001466258",
    "fillingDate": "2008-06-30",
    "acceptedDate": "2008-06-29 20:00:00",
    "calendarYear": "2008",
    "period": "Q2",
    "revenue": 3080800000,
    "costOfRevenue": 2196100000,
    "grossProfit": 884700000,
    "grossProfitRatio": 0.2871656713,
    "researchAndDevelopmentExpenses": 0,
    "generalAndAdministrativeExpenses": 0,
    "sellingAndMarketingExpenses": 0,
    "sellingGeneralAndAdministrativeExpenses": 523100000,
    "otherExpenses": 0,
    "operatingExpenses": 523100000,
    "costAndExpenses": 2719200000,
    "interestIncome": 0,
    "interestExpense": 0,
    "depreciationAndAmortization": 89100000,
    "ebitda": 450700000,
    "ebitdaratio": 0.1462931706,
    "operatingIncome": 361600000,
    "operatingIncomeRatio": 0.1173721111,
    "totalOtherIncomeExpensesNet": -19400000,
    "incomeBeforeTax": 342200000,
    "incomeBeforeTaxRatio": 0.1110750454,
    "incomeTaxExpense": 79700000,
    "netIncome": 256100000,
    "netIncomeRatio": 0.083127759,
    "eps": 0.89,
    "epsdiluted": 0.88,
    "weightedAverageShsOut": 287400000,
    "weightedAverageShsOutDil": 291100000,
    "link": "",
    "finalLink": ""
  },
  {
    "date": "2008-03-31",
    "symbol": "TT",
    "reportedCurrency": "USD",
    "cik": "0001466258",
    "fillingDate": "2008-03-31",
    "acceptedDate": "2008-03-30 20:00:00",
    "calendarYear": "2008",
    "period": "Q1",
    "revenue": 2163300000,
    "costOfRevenue": 1540900000,
    "grossProfit": 622400000,
    "grossProfitRatio": 0.2877085934,
    "researchAndDevelopmentExpenses": 0,
    "generalAndAdministrativeExpenses": 0,
    "sellingAndMarketingExpenses": 0,
    "sellingGeneralAndAdministrativeExpenses": 375400000,
    "otherExpenses": 0,
    "operatingExpenses": 375400000,
    "costAndExpenses": 1916300000,
    "interestIncome": 0,
    "interestExpense": 0,
    "depreciationAndAmortization": 38100000,
    "ebitda": 285100000,
    "ebitdaratio": 0.1317893958,
    "operatingIncome": 247000000,
    "operatingIncomeRatio": 0.1141774141,
    "totalOtherIncomeExpensesNet": 11900000,
    "incomeBeforeTax": 258900000,
    "incomeBeforeTaxRatio": 0.1196782693,
    "incomeTaxExpense": 47200000,
    "netIncome": 181600000,
    "netIncomeRatio": 0.0839458235,
    "eps": 0.66,
    "epsdiluted": 0.66,
    "weightedAverageShsOut": 275151515,
    "weightedAverageShsOutDil": 275151515,
    "link": "",
    "finalLink": ""
  },
  {
    "date": "2007-12-31",
    "symbol": "TT",
    "reportedCurrency": "USD",
    "cik": "0001466258",
    "fillingDate": "2007-12-31",
    "acceptedDate": "2007-12-30 19:00:00",
    "calendarYear": "2007",
    "period": "Q4",
    "revenue": 2323300000,
    "costOfRevenue": 1658200000,
    "grossProfit": 665100000,
    "grossProfitRatio": 0.2862738346,
    "researchAndDevelopmentExpenses": 0,
    "generalAndAdministrativeExpenses": 0,
    "sellingAndMarketingExpenses": 0,
    "sellingGeneralAndAdministrativeExpenses": 366300000,
    "otherExpenses": 0,
    "operatingExpenses": 366300000,
    "costAndExpenses": 2024500000,
    "interestIncome": 0,
    "interestExpense": 0,
    "depreciationAndAmortization": 39800000,
    "ebitda": 338600000,
    "ebitdaratio": 0.1457409719,
    "operatingIncome": 298800000,
    "operatingIncomeRatio": 0.1286101666,
    "totalOtherIncomeExpensesNet": -21400000,
    "incomeBeforeTax": 277400000,
    "incomeBeforeTaxRatio": 0.1193991305,
    "incomeTaxExpense": 106500000,
    "netIncome": 2518500000,
    "netIncomeRatio": 1.0840184221,
    "eps": 9.15,
    "epsdiluted": 9.15,
    "weightedAverageShsOut": 274333742,
    "weightedAverageShsOutDil": 275151515,
    "link": "",
    "finalLink": ""
  },
  {
    "date": "2007-09-30",
    "symbol": "TT",
    "reportedCurrency": "USD",
    "cik": "0001466258",
    "fillingDate": "2007-09-30",
    "acceptedDate": "2007-09-29 20:00:00",
    "calendarYear": "2007",
    "period": "Q3",
    "revenue": 2239000000,
    "costOfRevenue": 1608200000,
    "grossProfit": 630800000,
    "grossProfitRatio": 0.2817329165,
    "researchAndDevelopmentExpenses": 0,
    "generalAndAdministrativeExpenses": 0,
    "sellingAndMarketingExpenses": 0,
    "sellingGeneralAndAdministrativeExpenses": 354500000,
    "otherExpenses": 0,
    "operatingExpenses": 354500000,
    "costAndExpenses": 1962700000,
    "interestIncome": 0,
    "interestExpense": 0,
    "depreciationAndAmortization": 28400000,
    "ebitda": 304700000,
    "ebitdaratio": 0.1360875391,
    "operatingIncome": 276300000,
    "operatingIncomeRatio": 0.123403305,
    "totalOtherIncomeExpensesNet": -40900000,
    "incomeBeforeTax": 235400000,
    "incomeBeforeTaxRatio": 0.1051362215,
    "incomeTaxExpense": 37800000,
    "netIncome": 266600000,
    "netIncomeRatio": 0.1190710138,
    "eps": 0.94,
    "epsdiluted": 0.92,
    "weightedAverageShsOut": 283617021,
    "weightedAverageShsOutDil": 289782609,
    "link": "",
    "finalLink": ""
  },
  {
    "date": "2007-06-30",
    "symbol": "TT",
    "reportedCurrency": "USD",
    "cik": "0001466258",
    "fillingDate": "2007-06-30",
    "acceptedDate": "2007-06-29 20:00:00",
    "calendarYear": "2007",
    "period": "Q2",
    "revenue": 2224600000,
    "costOfRevenue": 1589700000,
    "grossProfit": 634900000,
    "grossProfitRatio": 0.2853996224,
    "researchAndDevelopmentExpenses": 0,
    "generalAndAdministrativeExpenses": 0,
    "sellingAndMarketingExpenses": 0,
    "sellingGeneralAndAdministrativeExpenses": 360800000,
    "otherExpenses": 0,
    "operatingExpenses": 360800000,
    "costAndExpenses": 1950500000,
    "interestIncome": 0,
    "interestExpense": 0,
    "depreciationAndAmortization": 34600000,
    "ebitda": 308700000,
    "ebitdaratio": 0.1387665198,
    "operatingIncome": 274100000,
    "operatingIncomeRatio": 0.1232131619,
    "totalOtherIncomeExpensesNet": -22200000,
    "incomeBeforeTax": 251900000,
    "incomeBeforeTaxRatio": 0.1132338398,
    "incomeTaxExpense": 43900000,
    "netIncome": 964100000,
    "netIncomeRatio": 0.433381282,
    "eps": 3.21,
    "epsdiluted": 3.17,
    "weightedAverageShsOut": 300342679,
    "weightedAverageShsOutDil": 304132492,
    "link": "",
    "finalLink": ""
  },
  {
    "date": "2007-03-31",
    "symbol": "TT",
    "reportedCurrency": "USD",
    "cik": "0001466258",
    "fillingDate": "2007-03-31",
    "acceptedDate": "2007-03-30 20:00:00",
    "calendarYear": "2007",
    "period": "Q1",
    "revenue": 1976200000,
    "costOfRevenue": 1415900000,
    "grossProfit": 560300000,
    "grossProfitRatio": 0.2835239348,
    "researchAndDevelopmentExpenses": 0,
    "generalAndAdministrativeExpenses": 0,
    "sellingAndMarketingExpenses": 0,
    "sellingGeneralAndAdministrativeExpenses": 415200000,
    "otherExpenses": -63500000,
    "operatingExpenses": 351700000,
    "costAndExpenses": 1767600000,
    "interestIncome": 0,
    "interestExpense": 0,
    "depreciationAndAmortization": 36000000,
    "ebitda": 244600000,
    "ebitdaratio": 0.1237728975,
    "operatingIncome": 208600000,
    "operatingIncomeRatio": 0.1055561178,
    "totalOtherIncomeExpensesNet": -35800000,
    "incomeBeforeTax": 172800000,
    "incomeBeforeTaxRatio": 0.0874405425,
    "incomeTaxExpense": 16200000,
    "netIncome": 217500000,
    "netIncomeRatio": 0.1100597106,
    "eps": 0.71,
    "epsdiluted": 0.7,
    "weightedAverageShsOut": 306338028,
    "weightedAverageShsOutDil": 310714286,
    "link": "",
    "finalLink": ""
  },
  {
    "date": "2006-12-31",
    "symbol": "TT",
    "reportedCurrency": "USD",
    "cik": "0001466258",
    "fillingDate": "2006-12-31",
    "acceptedDate": "2006-12-30 19:00:00",
    "calendarYear": "2006",
    "period": "Q4",
    "revenue": 2890400000,
    "costOfRevenue": 2166900000,
    "grossProfit": 723500000,
    "grossProfitRatio": 0.2503113756,
    "researchAndDevelopmentExpenses": 0,
    "generalAndAdministrativeExpenses": 0,
    "sellingAndMarketingExpenses": 0,
    "sellingGeneralAndAdministrativeExpenses": 398000000,
    "otherExpenses": 0,
    "operatingExpenses": 398000000,
    "costAndExpenses": 2564900000,
    "interestIncome": 0,
    "interestExpense": 0,
    "depreciationAndAmortization": 44900000,
    "ebitda": 370400000,
    "ebitdaratio": 0.1281483532,
    "operatingIncome": 325500000,
    "operatingIncomeRatio": 0.112614171,
    "totalOtherIncomeExpensesNet": -46800000,
    "incomeBeforeTax": 278700000,
    "incomeBeforeTaxRatio": 0.0964226405,
    "incomeTaxExpense": 48800000,
    "netIncome": 221900000,
    "netIncomeRatio": 0.0767713811,
    "eps": 0.72,
    "epsdiluted": 0.71,
    "weightedAverageShsOut": 306338028,
    "weightedAverageShsOutDil": 310714286,
    "link": "",
    "finalLink": ""
  },
  {
    "date": "2006-09-30",
    "symbol": "TT",
    "reportedCurrency": "USD",
    "cik": "0001466258",
    "fillingDate": "2006-09-30",
    "acceptedDate": "2006-09-29 20:00:00",
    "calendarYear": "2006",
    "period": "Q3",
    "revenue": 2038000000,
    "costOfRevenue": 1465400000,
    "grossProfit": 572600000,
    "grossProfitRatio": 0.2809617272,
    "researchAndDevelopmentExpenses": 0,
    "generalAndAdministrativeExpenses": 0,
    "sellingAndMarketingExpenses": 0,
    "sellingGeneralAndAdministrativeExpenses": 364400000,
    "otherExpenses": -60700000,
    "operatingExpenses": 303700000,
    "costAndExpenses": 1769100000,
    "interestIncome": 0,
    "interestExpense": 0,
    "depreciationAndAmortization": 38500000,
    "ebitda": 307400000,
    "ebitdaratio": 0.1508341511,
    "operatingIncome": 268900000,
    "operatingIncomeRatio": 0.1319430815,
    "totalOtherIncomeExpensesNet": -33900000,
    "incomeBeforeTax": 235000000,
    "incomeBeforeTaxRatio": 0.1153091266,
    "incomeTaxExpense": 34600000,
    "netIncome": 243800000,
    "netIncomeRatio": 0.1196270854,
    "eps": 0.77,
    "epsdiluted": 0.76,
    "weightedAverageShsOut": 316623377,
    "weightedAverageShsOutDil": 320789474,
    "link": "",
    "finalLink": ""
  },
  {
    "date": "2006-06-30",
    "symbol": "TT",
    "reportedCurrency": "USD",
    "cik": "0001466258",
    "fillingDate": "2006-06-30",
    "acceptedDate": "2006-06-29 20:00:00",
    "calendarYear": "2006",
    "period": "Q2",
    "revenue": 2048000000,
    "costOfRevenue": 1463100000,
    "grossProfit": 584900000,
    "grossProfitRatio": 0.2855957031,
    "researchAndDevelopmentExpenses": 0,
    "generalAndAdministrativeExpenses": 0,
    "sellingAndMarketingExpenses": 0,
    "sellingGeneralAndAdministrativeExpenses": 410000000,
    "otherExpenses": -77600000,
    "operatingExpenses": 332400000,
    "costAndExpenses": 1795500000,
    "interestIncome": 0,
    "interestExpense": 0,
    "depreciationAndAmortization": 29300000,
    "ebitda": 281800000,
    "ebitdaratio": 0.1375976563,
    "operatingIncome": 252500000,
    "operatingIncomeRatio": 0.1232910156,
    "totalOtherIncomeExpensesNet": -37000000,
    "incomeBeforeTax": 215500000,
    "incomeBeforeTaxRatio": 0.1052246094,
    "incomeTaxExpense": 18400000,
    "netIncome": 313500000,
    "netIncomeRatio": 0.1530761719,
    "eps": 0.96,
    "epsdiluted": 0.95,
    "weightedAverageShsOut": 326562500,
    "weightedAverageShsOutDil": 330000000,
    "link": "",
    "finalLink": ""
  },
  {
    "date": "2006-03-31",
    "symbol": "TT",
    "reportedCurrency": "USD",
    "cik": "0001466258",
    "fillingDate": "2006-03-31",
    "acceptedDate": "2006-03-30 19:00:00",
    "calendarYear": "2006",
    "period": "Q1",
    "revenue": 2523200000,
    "costOfRevenue": 1851200000,
    "grossProfit": 672000000,
    "grossProfitRatio": 0.2663284718,
    "researchAndDevelopmentExpenses": 0,
    "generalAndAdministrativeExpenses": 0,
    "sellingAndMarketingExpenses": 0,
    "sellingGeneralAndAdministrativeExpenses": 371900000,
    "otherExpenses": -17200000,
    "operatingExpenses": 354700000,
    "costAndExpenses": 2205900000,
    "interestIncome": 0,
    "interestExpense": 0,
    "depreciationAndAmortization": 46200000,
    "ebitda": 363500000,
    "ebitdaratio": 0.1440630945,
    "operatingIncome": 317300000,
    "operatingIncomeRatio": 0.125753012,
    "totalOtherIncomeExpensesNet": -31400000,
    "incomeBeforeTax": 285900000,
    "incomeBeforeTaxRatio": 0.1133084971,
    "incomeTaxExpense": 41500000,
    "netIncome": 253200000,
    "netIncomeRatio": 0.1003487635,
    "eps": 0.77,
    "epsdiluted": 0.76,
    "weightedAverageShsOut": 328831169,
    "weightedAverageShsOutDil": 333157895,
    "link": "",
    "finalLink": ""
  },
  {
    "date": "2005-12-31",
    "symbol": "TT",
    "reportedCurrency": "USD",
    "cik": "0001466258",
    "fillingDate": "2005-12-31",
    "acceptedDate": "2005-12-30 19:00:00",
    "calendarYear": "2005",
    "period": "Q4",
    "revenue": 2713300000,
    "costOfRevenue": 1993700000,
    "grossProfit": 719600000,
    "grossProfitRatio": 0.2652121033,
    "researchAndDevelopmentExpenses": 0,
    "generalAndAdministrativeExpenses": 0,
    "sellingAndMarketingExpenses": 0,
    "sellingGeneralAndAdministrativeExpenses": 373900000,
    "otherExpenses": 0,
    "operatingExpenses": 373900000,
    "costAndExpenses": 2367600000,
    "interestIncome": 0,
    "interestExpense": 0,
    "depreciationAndAmortization": 51600000,
    "ebitda": 397300000,
    "ebitdaratio": 0.1464268603,
    "operatingIncome": 345700000,
    "operatingIncomeRatio": 0.1274094276,
    "totalOtherIncomeExpensesNet": -21200000,
    "incomeBeforeTax": 324500000,
    "incomeBeforeTaxRatio": 0.1195960638,
    "incomeTaxExpense": 51600000,
    "netIncome": 291500000,
    "netIncomeRatio": 0.1074337523,
    "eps": 0.89,
    "epsdiluted": 0.87,
    "weightedAverageShsOut": 328831169,
    "weightedAverageShsOutDil": 333157895,
    "link": "",
    "finalLink": ""
  },
  {
    "date": "2005-09-30",
    "symbol": "TT",
    "reportedCurrency": "USD",
    "cik": "0001466258",
    "fillingDate": "2005-09-30",
    "acceptedDate": "2005-09-29 20:00:00",
    "calendarYear": "2005",
    "period": "Q3",
    "revenue": 2615300000,
    "costOfRevenue": 1920700000,
    "grossProfit": 694600000,
    "grossProfitRatio": 0.2655909456,
    "researchAndDevelopmentExpenses": 0,
    "generalAndAdministrativeExpenses": 0,
    "sellingAndMarketingExpenses": 0,
    "sellingGeneralAndAdministrativeExpenses": 354600000,
    "otherExpenses": 0,
    "operatingExpenses": 354600000,
    "costAndExpenses": 2275300000,
    "interestIncome": 0,
    "interestExpense": 0,
    "depreciationAndAmortization": 46100000,
    "ebitda": 386100000,
    "ebitdaratio": 0.1476312469,
    "operatingIncome": 340000000,
    "operatingIncomeRatio": 0.130004206,
    "totalOtherIncomeExpensesNet": -25900000,
    "incomeBeforeTax": 314100000,
    "incomeBeforeTaxRatio": 0.1201009444,
    "incomeTaxExpense": 58000000,
    "netIncome": 254200000,
    "netIncomeRatio": 0.0971972623,
    "eps": 0.76,
    "epsdiluted": 0.75,
    "weightedAverageShsOut": 334473684,
    "weightedAverageShsOutDil": 338933333,
    "link": "",
    "finalLink": ""
  },
  {
    "date": "2005-06-30",
    "symbol": "TT",
    "reportedCurrency": "USD",
    "cik": "0001466258",
    "fillingDate": "2005-06-30",
    "acceptedDate": "2005-06-29 20:00:00",
    "calendarYear": "2005",
    "period": "Q2",
    "revenue": 2759500000,
    "costOfRevenue": 2019100000,
    "grossProfit": 740400000,
    "grossProfitRatio": 0.2683094764,
    "researchAndDevelopmentExpenses": 0,
    "generalAndAdministrativeExpenses": 0,
    "sellingAndMarketingExpenses": 0,
    "sellingGeneralAndAdministrativeExpenses": 361300000,
    "otherExpenses": 0,
    "operatingExpenses": 361300000,
    "costAndExpenses": 2380400000,
    "interestIncome": 0,
    "interestExpense": 0,
    "depreciationAndAmortization": 46100000,
    "ebitda": 424800000,
    "ebitdaratio": 0.1539409313,
    "operatingIncome": 379100000,
    "operatingIncomeRatio": 0.1373799601,
    "totalOtherIncomeExpensesNet": -27500000,
    "incomeBeforeTax": 351600000,
    "incomeBeforeTaxRatio": 0.1274143867,
    "incomeTaxExpense": 59800000,
    "netIncome": 285400000,
    "netIncomeRatio": 0.1034245334,
    "eps": 0.84,
    "epsdiluted": 0.83,
    "weightedAverageShsOut": 339761905,
    "weightedAverageShsOutDil": 343855422,
    "link": "",
    "finalLink": ""
  },
  {
    "date": "2005-03-31",
    "symbol": "TT",
    "reportedCurrency": "USD",
    "cik": "0001466258",
    "fillingDate": "2005-03-31",
    "acceptedDate": "2005-03-30 19:00:00",
    "calendarYear": "2005",
    "period": "Q1",
    "revenue": 2458800000,
    "costOfRevenue": 1810700000,
    "grossProfit": 648100000,
    "grossProfitRatio": 0.263583862,
    "researchAndDevelopmentExpenses": 0,
    "generalAndAdministrativeExpenses": 0,
    "sellingAndMarketingExpenses": 0,
    "sellingGeneralAndAdministrativeExpenses": 351200000,
    "otherExpenses": 0,
    "operatingExpenses": 351200000,
    "costAndExpenses": 2161900000,
    "interestIncome": 0,
    "interestExpense": 0,
    "depreciationAndAmortization": 51900000,
    "ebitda": 349200000,
    "ebitdaratio": 0.1420204978,
    "operatingIncome": 296900000,
    "operatingIncomeRatio": 0.1207499593,
    "totalOtherIncomeExpensesNet": -29300000,
    "incomeBeforeTax": 267600000,
    "incomeBeforeTaxRatio": 0.1088335774,
    "incomeTaxExpense": 35300000,
    "netIncome": 223100000,
    "netIncomeRatio": 0.090735318,
    "eps": 0.65,
    "epsdiluted": 0.64,
    "weightedAverageShsOut": 343230769,
    "weightedAverageShsOutDil": 348593750,
    "link": "",
    "finalLink": ""
  },
  {
    "date": "2004-12-31",
    "symbol": "TT",
    "reportedCurrency": "USD",
    "cik": "0001466258",
    "fillingDate": "2004-12-31",
    "acceptedDate": "2004-12-30 19:00:00",
    "calendarYear": "2004",
    "period": "Q4",
    "revenue": 2459000000,
    "costOfRevenue": 1777700000,
    "grossProfit": 681300000,
    "grossProfitRatio": 0.2770638471,
    "researchAndDevelopmentExpenses": 0,
    "generalAndAdministrativeExpenses": 0,
    "sellingAndMarketingExpenses": 0,
    "sellingGeneralAndAdministrativeExpenses": 383400000,
    "otherExpenses": 0,
    "operatingExpenses": 383400000,
    "costAndExpenses": 2161100000,
    "interestIncome": 0,
    "interestExpense": 0,
    "depreciationAndAmortization": 47300000,
    "ebitda": 345200000,
    "ebitdaratio": 0.1403822692,
    "operatingIncome": 297900000,
    "operatingIncomeRatio": 0.1211468076,
    "totalOtherIncomeExpensesNet": -36200000,
    "incomeBeforeTax": 261700000,
    "incomeBeforeTaxRatio": 0.1064253762,
    "incomeTaxExpense": 39400000,
    "netIncome": 515200000,
    "netIncomeRatio": 0.2095160634,
    "eps": 1.49,
    "epsdiluted": 1.48,
    "weightedAverageShsOut": 345891473,
    "weightedAverageShsOutDil": 348593750,
    "link": "",
    "finalLink": ""
  },
  {
    "date": "2004-09-30",
    "symbol": "TT",
    "reportedCurrency": "USD",
    "cik": "0001466258",
    "fillingDate": "2004-09-30",
    "acceptedDate": "2004-09-29 20:00:00",
    "calendarYear": "2004",
    "period": "Q3",
    "revenue": 2368000000,
    "costOfRevenue": 1738800000,
    "grossProfit": 629200000,
    "grossProfitRatio": 0.2657094595,
    "researchAndDevelopmentExpenses": 0,
    "generalAndAdministrativeExpenses": 0,
    "sellingAndMarketingExpenses": 0,
    "sellingGeneralAndAdministrativeExpenses": 351000000,
    "otherExpenses": 0,
    "operatingExpenses": 351000000,
    "costAndExpenses": 2089800000,
    "interestIncome": 0,
    "interestExpense": 0,
    "depreciationAndAmortization": 25900000,
    "ebitda": 304100000,
    "ebitdaratio": 0.1284206081,
    "operatingIncome": 278200000,
    "operatingIncomeRatio": 0.1174831081,
    "totalOtherIncomeExpensesNet": -30600000,
    "incomeBeforeTax": 247600000,
    "incomeBeforeTaxRatio": 0.1045608108,
    "incomeTaxExpense": 42000000,
    "netIncome": 237800000,
    "netIncomeRatio": 0.1004222973,
    "eps": 0.69,
    "epsdiluted": 0.68,
    "weightedAverageShsOut": 344637681,
    "weightedAverageShsOutDil": 349705882,
    "link": "",
    "finalLink": ""
  },
  {
    "date": "2004-06-30",
    "symbol": "TT",
    "reportedCurrency": "USD",
    "cik": "0001466258",
    "fillingDate": "2004-06-30",
    "acceptedDate": "2004-06-29 20:00:00",
    "calendarYear": "2004",
    "period": "Q2",
    "revenue": 2444400000,
    "costOfRevenue": 1783000000,
    "grossProfit": 661400000,
    "grossProfitRatio": 0.2705776469,
    "researchAndDevelopmentExpenses": 0,
    "generalAndAdministrativeExpenses": 0,
    "sellingAndMarketingExpenses": 0,
    "sellingGeneralAndAdministrativeExpenses": 376800000,
    "otherExpenses": -34100000,
    "operatingExpenses": 342700000,
    "costAndExpenses": 2125700000,
    "interestIncome": 0,
    "interestExpense": 0,
    "depreciationAndAmortization": 59300000,
    "ebitda": 378000000,
    "ebitdaratio": 0.1546391753,
    "operatingIncome": 318700000,
    "operatingIncomeRatio": 0.1303796433,
    "totalOtherIncomeExpensesNet": -41200000,
    "incomeBeforeTax": 277500000,
    "incomeBeforeTaxRatio": 0.1135247914,
    "incomeTaxExpense": 38300000,
    "netIncome": 277500000,
    "netIncomeRatio": 0.1135247914,
    "eps": 0.83,
    "epsdiluted": 0.82,
    "weightedAverageShsOut": 336363636,
    "weightedAverageShsOutDil": 340490798,
    "link": "",
    "finalLink": ""
  },
  {
    "date": "2004-03-31",
    "symbol": "TT",
    "reportedCurrency": "USD",
    "cik": "0001466258",
    "fillingDate": "2004-03-31",
    "acceptedDate": "2004-03-30 19:00:00",
    "calendarYear": "2004",
    "period": "Q1",
    "revenue": 2122200000,
    "costOfRevenue": 1554500000,
    "grossProfit": 567700000,
    "grossProfitRatio": 0.2675054189,
    "researchAndDevelopmentExpenses": 0,
    "generalAndAdministrativeExpenses": 0,
    "sellingAndMarketingExpenses": 0,
    "sellingGeneralAndAdministrativeExpenses": 373100000,
    "otherExpenses": -30900000,
    "operatingExpenses": 342200000,
    "costAndExpenses": 1896700000,
    "interestIncome": 0,
    "interestExpense": 0,
    "depreciationAndAmortization": 41900000,
    "ebitda": 267400000,
    "ebitdaratio": 0.1260013194,
    "operatingIncome": 225500000,
    "operatingIncomeRatio": 0.1062576571,
    "totalOtherIncomeExpensesNet": -28100000,
    "incomeBeforeTax": 197400000,
    "incomeBeforeTaxRatio": 0.0930166808,
    "incomeTaxExpense": 18700000,
    "netIncome": 179500000,
    "netIncomeRatio": 0.0845820375,
    "eps": 0.52,
    "epsdiluted": 0.51,
    "weightedAverageShsOut": 348543689,
    "weightedAverageShsOutDil": 351960784,
    "link": "",
    "finalLink": ""
  },
  {
    "date": "2003-12-31",
    "symbol": "TT",
    "reportedCurrency": "USD",
    "cik": "0001466258",
    "fillingDate": "2003-12-31",
    "acceptedDate": "2003-12-30 19:00:00",
    "calendarYear": "2003",
    "period": "Q4",
    "revenue": 2665900000,
    "costOfRevenue": 1973300000,
    "grossProfit": 692600000,
    "grossProfitRatio": 0.2597996924,
    "researchAndDevelopmentExpenses": 0,
    "generalAndAdministrativeExpenses": 0,
    "sellingAndMarketingExpenses": 0,
    "sellingGeneralAndAdministrativeExpenses": 428700000,
    "otherExpenses": 0,
    "operatingExpenses": 428700000,
    "costAndExpenses": 2402000000,
    "interestIncome": 0,
    "interestExpense": 0,
    "depreciationAndAmortization": 50300000,
    "ebitda": 314200000,
    "ebitdaratio": 0.1178588844,
    "operatingIncome": 265200000,
    "operatingIncomeRatio": 0.0994786001,
    "totalOtherIncomeExpensesNet": -38100000,
    "incomeBeforeTax": 227100000,
    "incomeBeforeTaxRatio": 0.0851869913,
    "incomeTaxExpense": 31100000,
    "netIncome": 197400000,
    "netIncomeRatio": 0.0740462883,
    "eps": 0.57,
    "epsdiluted": 0.56,
    "weightedAverageShsOut": 348543689,
    "weightedAverageShsOutDil": 351960784,
    "link": "",
    "finalLink": ""
  },
  {
    "date": "2003-09-30",
    "symbol": "TT",
    "reportedCurrency": "USD",
    "cik": "0001466258",
    "fillingDate": "2003-09-30",
    "acceptedDate": "2003-09-29 20:00:00",
    "calendarYear": "2003",
    "period": "Q3",
    "revenue": 2064000000,
    "costOfRevenue": 1523700000,
    "grossProfit": 540300000,
    "grossProfitRatio": 0.2617732558,
    "researchAndDevelopmentExpenses": 0,
    "generalAndAdministrativeExpenses": 0,
    "sellingAndMarketingExpenses": 0,
    "sellingGeneralAndAdministrativeExpenses": 376000000,
    "otherExpenses": -53900000,
    "operatingExpenses": 322100000,
    "costAndExpenses": 1845800000,
    "interestIncome": 0,
    "interestExpense": 0,
    "depreciationAndAmortization": 28000000,
    "ebitda": 244300000,
    "ebitdaratio": 0.1183624031,
    "operatingIncome": 210200000,
    "operatingIncomeRatio": 0.1018410853,
    "totalOtherIncomeExpensesNet": -46200000,
    "incomeBeforeTax": 164000000,
    "incomeBeforeTaxRatio": 0.0794573643,
    "incomeTaxExpense": 28600000,
    "netIncome": 154600000,
    "netIncomeRatio": 0.0749031008,
    "eps": 0.45,
    "epsdiluted": 0.44,
    "weightedAverageShsOut": 343555556,
    "weightedAverageShsOutDil": 351363636,
    "link": "",
    "finalLink": ""
  },
  {
    "date": "2003-06-30",
    "symbol": "TT",
    "reportedCurrency": "USD",
    "cik": "0001466258",
    "fillingDate": "2003-06-30",
    "acceptedDate": "2003-06-29 20:00:00",
    "calendarYear": "2003",
    "period": "Q2",
    "revenue": 2433900000,
    "costOfRevenue": 1842800000,
    "grossProfit": 591100000,
    "grossProfitRatio": 0.2428612515,
    "researchAndDevelopmentExpenses": 0,
    "generalAndAdministrativeExpenses": 0,
    "sellingAndMarketingExpenses": 0,
    "sellingGeneralAndAdministrativeExpenses": 398000000,
    "otherExpenses": -15400000,
    "operatingExpenses": 382600000,
    "costAndExpenses": 2225400000,
    "interestIncome": 0,
    "interestExpense": 0,
    "depreciationAndAmortization": 49600000,
    "ebitda": 257600000,
    "ebitdaratio": 0.1058383664,
    "operatingIncome": 205400000,
    "operatingIncomeRatio": 0.0843913061,
    "totalOtherIncomeExpensesNet": -41500000,
    "incomeBeforeTax": 163900000,
    "incomeBeforeTaxRatio": 0.0673404824,
    "incomeTaxExpense": 21200000,
    "netIncome": 139300000,
    "netIncomeRatio": 0.0572332471,
    "eps": 0.41,
    "epsdiluted": 0.41,
    "weightedAverageShsOut": 339756098,
    "weightedAverageShsOutDil": 343950617,
    "link": "",
    "finalLink": ""
  },
  {
    "date": "2003-03-31",
    "symbol": "TT",
    "reportedCurrency": "USD",
    "cik": "0001466258",
    "fillingDate": "2003-03-31",
    "acceptedDate": "2003-03-30 19:00:00",
    "calendarYear": "2003",
    "period": "Q1",
    "revenue": 2119600000,
    "costOfRevenue": 1630600000,
    "grossProfit": 489000000,
    "grossProfitRatio": 0.2307039064,
    "researchAndDevelopmentExpenses": 0,
    "generalAndAdministrativeExpenses": 0,
    "sellingAndMarketingExpenses": 0,
    "sellingGeneralAndAdministrativeExpenses": 343800000,
    "otherExpenses": -14700000,
    "operatingExpenses": 329100000,
    "costAndExpenses": 1959700000,
    "interestIncome": 0,
    "interestExpense": 0,
    "depreciationAndAmortization": 51600000,
    "ebitda": 211100000,
    "ebitdaratio": 0.0995942631,
    "operatingIncome": 150100000,
    "operatingIncomeRatio": 0.0708152482,
    "totalOtherIncomeExpensesNet": -56600000,
    "incomeBeforeTax": 93500000,
    "incomeBeforeTaxRatio": 0.0441120966,
    "incomeTaxExpense": 13300000,
    "netIncome": 153200000,
    "netIncomeRatio": 0.0722777883,
    "eps": 0.45,
    "epsdiluted": 0.45,
    "weightedAverageShsOut": 336703297,
    "weightedAverageShsOutDil": 340444444,
    "link": "",
    "finalLink": ""
  },
  {
    "date": "2002-12-31",
    "symbol": "TT",
    "reportedCurrency": "USD",
    "cik": "0001466258",
    "fillingDate": "2002-12-31",
    "acceptedDate": "2002-12-30 19:00:00",
    "calendarYear": "2002",
    "period": "Q4",
    "revenue": 1539900000,
    "costOfRevenue": 1105900000,
    "grossProfit": 434000000,
    "grossProfitRatio": 0.2818364829,
    "researchAndDevelopmentExpenses": 0,
    "generalAndAdministrativeExpenses": 0,
    "sellingAndMarketingExpenses": 0,
    "sellingGeneralAndAdministrativeExpenses": 325200000,
    "otherExpenses": 12100000,
    "operatingExpenses": 337300000,
    "costAndExpenses": 1443200000,
    "interestIncome": 0,
    "interestExpense": 0,
    "depreciationAndAmortization": 16900000,
    "ebitda": 125700000,
    "ebitdaratio": 0.0816286772,
    "operatingIncome": 136500000,
    "operatingIncomeRatio": 0.0886421196,
    "totalOtherIncomeExpensesNet": -53000000,
    "incomeBeforeTax": 83500000,
    "incomeBeforeTaxRatio": 0.0542243003,
    "incomeTaxExpense": -27200000,
    "netIncome": 183400000,
    "netIncomeRatio": 0.1190986428,
    "eps": 0.54,
    "epsdiluted": 0.54,
    "weightedAverageShsOut": 336703297,
    "weightedAverageShsOutDil": 340444444,
    "link": "",
    "finalLink": ""
  },
  {
    "date": "2002-09-30",
    "symbol": "TT",
    "reportedCurrency": "USD",
    "cik": "0001466258",
    "fillingDate": "2002-09-30",
    "acceptedDate": "2002-09-30 00:00:00",
    "calendarYear": "2002",
    "period": "Q3",
    "revenue": 2208200000,
    "costOfRevenue": 1691500000,
    "grossProfit": 516700000,
    "grossProfitRatio": 0.2339914863,
    "researchAndDevelopmentExpenses": 0,
    "generalAndAdministrativeExpenses": 0,
    "sellingAndMarketingExpenses": 0,
    "sellingGeneralAndAdministrativeExpenses": 387500000,
    "otherExpenses": -20100000,
    "operatingExpenses": 367400000,
    "costAndExpenses": 2058900000,
    "interestIncome": 0,
    "interestExpense": 0,
    "depreciationAndAmortization": 59600000,
    "ebitda": 261000000,
    "ebitdaratio": 0.1181958156,
    "operatingIncome": 149300000,
    "operatingIncomeRatio": 0.0676116294,
    "totalOtherIncomeExpensesNet": -58700000,
    "incomeBeforeTax": 90600000,
    "incomeBeforeTaxRatio": 0.0410288923,
    "incomeTaxExpense": 11800000,
    "netIncome": 89300000,
    "netIncomeRatio": 0.0404401775,
    "eps": 0.27,
    "epsdiluted": 0.27,
    "weightedAverageShsOut": 338400000,
    "weightedAverageShsOutDil": 339800000,
    "link": null,
    "finalLink": null
  },
  {
    "date": "2002-06-30",
    "symbol": "TT",
    "reportedCurrency": "USD",
    "cik": "0001466258",
    "fillingDate": "2002-06-30",
    "acceptedDate": "2002-06-30 00:00:00",
    "calendarYear": "2002",
    "period": "Q2",
    "revenue": 2587400000,
    "costOfRevenue": 1994900000,
    "grossProfit": 592500000,
    "grossProfitRatio": 0.2289943573,
    "researchAndDevelopmentExpenses": 0,
    "generalAndAdministrativeExpenses": 0,
    "sellingAndMarketingExpenses": 0,
    "sellingGeneralAndAdministrativeExpenses": 378800000,
    "otherExpenses": 7300000,
    "operatingExpenses": 386100000,
    "costAndExpenses": 2373700000,
    "interestIncome": 0,
    "interestExpense": 0,
    "depreciationAndAmortization": 80400000,
    "ebitda": 294100000,
    "ebitdaratio": 0.1136662286,
    "operatingIncome": 206400000,
    "operatingIncomeRatio": 0.0797711989,
    "totalOtherIncomeExpensesNet": -74600000,
    "incomeBeforeTax": 131800000,
    "incomeBeforeTaxRatio": 0.0509391667,
    "incomeTaxExpense": 24400000,
    "netIncome": 107400000,
    "netIncomeRatio": 0.0415088506,
    "eps": 0.32,
    "epsdiluted": 0.32,
    "weightedAverageShsOut": 335625000,
    "weightedAverageShsOutDil": 340952381,
    "link": null,
    "finalLink": null
  },
  {
    "date": "2002-03-31",
    "symbol": "TT",
    "reportedCurrency": "USD",
    "cik": "0001466258",
    "fillingDate": "2002-03-31",
    "acceptedDate": "2002-03-31 00:00:00",
    "calendarYear": "2002",
    "period": "Q1",
    "revenue": 2017000000,
    "costOfRevenue": 1530000000,
    "grossProfit": 487000000,
    "grossProfitRatio": 0.2414476946,
    "researchAndDevelopmentExpenses": 0,
    "generalAndAdministrativeExpenses": 0,
    "sellingAndMarketingExpenses": 0,
    "sellingGeneralAndAdministrativeExpenses": 348200000,
    "otherExpenses": -12100000,
    "operatingExpenses": 336100000,
    "costAndExpenses": 1866100000,
    "interestIncome": 0,
    "interestExpense": 0,
    "depreciationAndAmortization": 49000000,
    "ebitda": 210100000,
    "ebitdaratio": 0.1041646009,
    "operatingIncome": 150900000,
    "operatingIncomeRatio": 0.0748140803,
    "totalOtherIncomeExpensesNet": -69100000,
    "incomeBeforeTax": 81800000,
    "incomeBeforeTaxRatio": 0.0405552801,
    "incomeTaxExpense": 11300000,
    "netIncome": 80900000,
    "netIncomeRatio": 0.0401090729,
    "eps": 0.24,
    "epsdiluted": 0.24,
    "weightedAverageShsOut": 336600000,
    "weightedAverageShsOutDil": 339200000,
    "link": null,
    "finalLink": null
  },
  {
    "date": "2001-12-31",
    "symbol": "TT",
    "reportedCurrency": "USD",
    "cik": "0001466258",
    "fillingDate": "2001-12-31",
    "acceptedDate": "2001-12-31 00:00:00",
    "calendarYear": "2001",
    "period": "Q4",
    "revenue": 2535600000,
    "costOfRevenue": 2016200000,
    "grossProfit": 519400000,
    "grossProfitRatio": 0.2048430352,
    "researchAndDevelopmentExpenses": 0,
    "generalAndAdministrativeExpenses": 0,
    "sellingAndMarketingExpenses": 0,
    "sellingGeneralAndAdministrativeExpenses": 401100000,
    "otherExpenses": 35900000,
    "operatingExpenses": 437000000,
    "costAndExpenses": 2453200000,
    "interestIncome": 0,
    "interestExpense": 0,
    "depreciationAndAmortization": 85000000,
    "ebitda": 203300000,
    "ebitdaratio": 0.0801782616,
    "operatingIncome": 82400000,
    "operatingIncomeRatio": 0.0324972393,
    "totalOtherIncomeExpensesNet": -37000000,
    "incomeBeforeTax": 45400000,
    "incomeBeforeTaxRatio": 0.0179050323,
    "incomeTaxExpense": -54700000,
    "netIncome": 100100000,
    "netIncomeRatio": 0.0394778356,
    "eps": 0.3,
    "epsdiluted": 0.3,
    "weightedAverageShsOut": 327266667,
    "weightedAverageShsOutDil": 337083333,
    "link": null,
    "finalLink": null
  },
  {
    "date": "2001-09-30",
    "symbol": "TT",
    "reportedCurrency": "USD",
    "cik": "0001466258",
    "fillingDate": "2001-09-30",
    "acceptedDate": "2001-09-30 00:00:00",
    "calendarYear": "2001",
    "period": "Q3",
    "revenue": 2383100000,
    "costOfRevenue": 1868200000,
    "grossProfit": 509900000,
    "grossProfitRatio": 0.2139650036,
    "researchAndDevelopmentExpenses": 0,
    "generalAndAdministrativeExpenses": 0,
    "sellingAndMarketingExpenses": 0,
    "sellingGeneralAndAdministrativeExpenses": 364700000,
    "otherExpenses": 29700000,
    "operatingExpenses": 394400000,
    "costAndExpenses": 2259400000,
    "interestIncome": 0,
    "interestExpense": 0,
    "depreciationAndAmortization": 90400000,
    "ebitda": 231500000,
    "ebitdaratio": 0.0971423776,
    "operatingIncome": 115500000,
    "operatingIncomeRatio": 0.0484662834,
    "totalOtherIncomeExpensesNet": 0,
    "incomeBeforeTax": -85900000,
    "incomeBeforeTaxRatio": -0.036045487,
    "incomeTaxExpense": -55700000,
    "netIncome": 33900000,
    "netIncomeRatio": 0.0142251689,
    "eps": 0.1,
    "epsdiluted": 0.1,
    "weightedAverageShsOut": 336600000,
    "weightedAverageShsOutDil": 338400000,
    "link": null,
    "finalLink": null
  },
  {
    "date": "2001-06-30",
    "symbol": "TT",
    "reportedCurrency": "USD",
    "cik": "0001466258",
    "fillingDate": "2001-06-30",
    "acceptedDate": "2001-06-30 00:00:00",
    "calendarYear": "2001",
    "period": "Q2",
    "revenue": 2285600000,
    "costOfRevenue": 1697500000,
    "grossProfit": 588100000,
    "grossProfitRatio": 0.2573066153,
    "researchAndDevelopmentExpenses": 0,
    "generalAndAdministrativeExpenses": 0,
    "sellingAndMarketingExpenses": 0,
    "sellingGeneralAndAdministrativeExpenses": 319100000,
    "otherExpenses": 93600000,
    "operatingExpenses": 412700000,
    "costAndExpenses": 2101900000,
    "interestIncome": 0,
    "interestExpense": 0,
    "depreciationAndAmortization": 102200000,
    "ebitda": 285900000,
    "ebitdaratio": 0.1250875044,
    "operatingIncome": 175400000,
    "operatingIncomeRatio": 0.0767413371,
    "totalOtherIncomeExpensesNet": -78400000,
    "incomeBeforeTax": 97000000,
    "incomeBeforeTaxRatio": 0.042439622,
    "incomeTaxExpense": 34100000,
    "netIncome": 62900000,
    "netIncomeRatio": 0.027520126,
    "eps": 0.19,
    "epsdiluted": 0.19,
    "weightedAverageShsOut": 336770000,
    "weightedAverageShsOutDil": 336770000,
    "link": null,
    "finalLink": null
  },
  {
    "date": "2001-03-31",
    "symbol": "TT",
    "reportedCurrency": "USD",
    "cik": "0001466258",
    "fillingDate": "2001-03-31",
    "acceptedDate": "2001-03-31 00:00:00",
    "calendarYear": "2001",
    "period": "Q1",
    "revenue": 2119600000,
    "costOfRevenue": 1552800000,
    "grossProfit": 566800000,
    "grossProfitRatio": 0.2674089451,
    "researchAndDevelopmentExpenses": 0,
    "generalAndAdministrativeExpenses": 0,
    "sellingAndMarketingExpenses": 0,
    "sellingGeneralAndAdministrativeExpenses": 306400000,
    "otherExpenses": 191500000,
    "operatingExpenses": 497900000,
    "costAndExpenses": 2050700000,
    "interestIncome": 0,
    "interestExpense": 0,
    "depreciationAndAmortization": 84900000,
    "ebitda": 260400000,
    "ebitdaratio": 0.1228533686,
    "operatingIncome": 68900000,
    "operatingIncomeRatio": 0.0325061332,
    "totalOtherIncomeExpensesNet": 8600000,
    "incomeBeforeTax": 77500000,
    "incomeBeforeTaxRatio": 0.0365635025,
    "incomeTaxExpense": 28200000,
    "netIncome": 49300000,
    "netIncomeRatio": 0.0232591055,
    "eps": 0.16,
    "epsdiluted": 0.15,
    "weightedAverageShsOut": 319796000,
    "weightedAverageShsOutDil": 319796000,
    "link": null,
    "finalLink": null
  },
  {
    "date": "2000-12-31",
    "symbol": "TT",
    "reportedCurrency": "USD",
    "cik": "0001466258",
    "fillingDate": "2000-12-31",
    "acceptedDate": "2000-12-31 00:00:00",
    "calendarYear": "2000",
    "period": "Q4",
    "revenue": 2379800000,
    "costOfRevenue": 1708400000,
    "grossProfit": 671400000,
    "grossProfitRatio": 0.2821245483,
    "researchAndDevelopmentExpenses": 0,
    "generalAndAdministrativeExpenses": 0,
    "sellingAndMarketingExpenses": 0,
    "sellingGeneralAndAdministrativeExpenses": 296800000,
    "otherExpenses": 78100000,
    "operatingExpenses": 374900000,
    "costAndExpenses": 2083300000,
    "interestIncome": 0,
    "interestExpense": 0,
    "depreciationAndAmortization": 78100000,
    "ebitda": 374600000,
    "ebitdaratio": 0.1574081856,
    "operatingIncome": 296500000,
    "operatingIncomeRatio": 0.1245903017,
    "totalOtherIncomeExpensesNet": -133900000,
    "incomeBeforeTax": 162600000,
    "incomeBeforeTaxRatio": 0.0683250693,
    "incomeTaxExpense": 56500000,
    "netIncome": 106100000,
    "netIncomeRatio": 0.0445835785,
    "eps": 0.33,
    "epsdiluted": 0.33,
    "weightedAverageShsOut": 319796000,
    "weightedAverageShsOutDil": 319796000,
    "link": null,
    "finalLink": null
  },
  {
    "date": "2000-09-30",
    "symbol": "TT",
    "reportedCurrency": "USD",
    "cik": "0001466258",
    "fillingDate": "2000-09-30",
    "acceptedDate": "2000-09-30 00:00:00",
    "calendarYear": "2000",
    "period": "Q3",
    "revenue": 2255900000,
    "costOfRevenue": 1585300000,
    "grossProfit": 670600000,
    "grossProfitRatio": 0.2972649497,
    "researchAndDevelopmentExpenses": 0,
    "generalAndAdministrativeExpenses": 0,
    "sellingAndMarketingExpenses": 0,
    "sellingGeneralAndAdministrativeExpenses": 310800000,
    "otherExpenses": 83600000,
    "operatingExpenses": 394400000,
    "costAndExpenses": 1979700000,
    "interestIncome": 0,
    "interestExpense": 0,
    "depreciationAndAmortization": 83600000,
    "ebitda": 363900000,
    "ebitdaratio": 0.1613103418,
    "operatingIncome": 276200000,
    "operatingIncomeRatio": 0.1224345051,
    "totalOtherIncomeExpensesNet": -88900000,
    "incomeBeforeTax": 187300000,
    "incomeBeforeTaxRatio": 0.0830267299,
    "incomeTaxExpense": 56600000,
    "netIncome": 251900000,
    "netIncomeRatio": 0.111662751,
    "eps": 0.78,
    "epsdiluted": 0.78,
    "weightedAverageShsOut": 321800000,
    "weightedAverageShsOutDil": 324200000,
    "link": null,
    "finalLink": null
  },
  {
    "date": "2000-06-30",
    "symbol": "TT",
    "reportedCurrency": "USD",
    "cik": "0001466258",
    "fillingDate": "2000-06-30",
    "acceptedDate": "2000-06-30 00:00:00",
    "calendarYear": "2000",
    "period": "Q2",
    "revenue": 2185800000,
    "costOfRevenue": 1501400000,
    "grossProfit": 684400000,
    "grossProfitRatio": 0.3131119041,
    "researchAndDevelopmentExpenses": 0,
    "generalAndAdministrativeExpenses": 0,
    "sellingAndMarketingExpenses": 0,
    "sellingGeneralAndAdministrativeExpenses": 269600000,
    "otherExpenses": 66300000,
    "operatingExpenses": 335900000,
    "costAndExpenses": 1837300000,
    "interestIncome": 0,
    "interestExpense": 0,
    "depreciationAndAmortization": 66300000,
    "ebitda": 414800000,
    "ebitdaratio": 0.1897703358,
    "operatingIncome": 348500000,
    "operatingIncomeRatio": 0.159438192,
    "totalOtherIncomeExpensesNet": -77700000,
    "incomeBeforeTax": 270800000,
    "incomeBeforeTaxRatio": 0.1238905664,
    "incomeTaxExpense": 93100000,
    "netIncome": 175400000,
    "netIncomeRatio": 0.0802452191,
    "eps": 0.55,
    "epsdiluted": 0.54,
    "weightedAverageShsOut": 323000000,
    "weightedAverageShsOutDil": 325600000,
    "link": null,
    "finalLink": null
  },
  {
    "date": "2000-03-31",
    "symbol": "TT",
    "reportedCurrency": "USD",
    "cik": "0001466258",
    "fillingDate": "2000-03-31",
    "acceptedDate": "2000-03-31 00:00:00",
    "calendarYear": "2000",
    "period": "Q1",
    "revenue": 1590700000,
    "costOfRevenue": 1434500000,
    "grossProfit": 156200000,
    "grossProfitRatio": 0.0981957629,
    "researchAndDevelopmentExpenses": 0,
    "generalAndAdministrativeExpenses": 0,
    "sellingAndMarketingExpenses": 0,
    "sellingGeneralAndAdministrativeExpenses": 269500000,
    "otherExpenses": 69000000,
    "operatingExpenses": 338500000,
    "costAndExpenses": 1594200000,
    "interestIncome": 0,
    "interestExpense": 0,
    "depreciationAndAmortization": 69000000,
    "ebitda": 338300000,
    "ebitdaratio": 0.2126736657,
    "operatingIncome": -3500000,
    "operatingIncomeRatio": -0.0022002892,
    "totalOtherIncomeExpensesNet": 46600000,
    "incomeBeforeTax": 43100000,
    "incomeBeforeTaxRatio": 0.0270949896,
    "incomeTaxExpense": 20300000,
    "netIncome": 136000000,
    "netIncomeRatio": 0.085496951,
    "eps": 0.42,
    "epsdiluted": 0.41,
    "weightedAverageShsOut": 324000000,
    "weightedAverageShsOutDil": 324000000,
    "link": null,
    "finalLink": null
  },
  {
    "date": "1999-12-31",
    "symbol": "TT",
    "reportedCurrency": "USD",
    "cik": "0001466258",
    "fillingDate": "1999-12-31",
    "acceptedDate": "1999-12-31 00:00:00",
    "calendarYear": "1999",
    "period": "Q4",
    "revenue": 1887500000,
    "costOfRevenue": 1263800000,
    "grossProfit": 623700000,
    "grossProfitRatio": 0.3304370861,
    "researchAndDevelopmentExpenses": 0,
    "generalAndAdministrativeExpenses": 0,
    "sellingAndMarketingExpenses": 0,
    "sellingGeneralAndAdministrativeExpenses": 272800000,
    "otherExpenses": 67900000,
    "operatingExpenses": 340700000,
    "costAndExpenses": 1604500000,
    "interestIncome": 0,
    "interestExpense": 0,
    "depreciationAndAmortization": 67900000,
    "ebitda": 350900000,
    "ebitdaratio": 0.1859072848,
    "operatingIncome": 283000000,
    "operatingIncomeRatio": 0.1499337748,
    "totalOtherIncomeExpensesNet": -64100000,
    "incomeBeforeTax": 218900000,
    "incomeBeforeTaxRatio": 0.1159735099,
    "incomeTaxExpense": 77700000,
    "netIncome": 165900000,
    "netIncomeRatio": 0.0878940397,
    "eps": 0.51,
    "epsdiluted": 0.51,
    "weightedAverageShsOut": 324000000,
    "weightedAverageShsOutDil": 324000000,
    "link": null,
    "finalLink": null
  },
  {
    "date": "1999-09-30",
    "symbol": "TT",
    "reportedCurrency": "USD",
    "cik": "0001466258",
    "fillingDate": "1999-09-30",
    "acceptedDate": "1999-09-30 00:00:00",
    "calendarYear": "1999",
    "period": "Q3",
    "revenue": 1846100000,
    "costOfRevenue": 1268000000,
    "grossProfit": 578100000,
    "grossProfitRatio": 0.3131466334,
    "researchAndDevelopmentExpenses": 0,
    "generalAndAdministrativeExpenses": 0,
    "sellingAndMarketingExpenses": 0,
    "sellingGeneralAndAdministrativeExpenses": 248500000,
    "otherExpenses": 56700000,
    "operatingExpenses": 305200000,
    "costAndExpenses": 1573200000,
    "interestIncome": 0,
    "interestExpense": 0,
    "depreciationAndAmortization": 66700000,
    "ebitda": 339600000,
    "ebitdaratio": 0.1839553654,
    "operatingIncome": 272900000,
    "operatingIncomeRatio": 0.1478251449,
    "totalOtherIncomeExpensesNet": -65900000,
    "incomeBeforeTax": 207000000,
    "incomeBeforeTaxRatio": 0.1121282704,
    "incomeTaxExpense": 73500000,
    "netIncome": 137500000,
    "netIncomeRatio": 0.074481339,
    "eps": 0.42,
    "epsdiluted": 0.42,
    "weightedAverageShsOut": 327380952,
    "weightedAverageShsOutDil": 331325301,
    "link": null,
    "finalLink": null
  },
  {
    "date": "1999-06-30",
    "symbol": "TT",
    "reportedCurrency": "USD",
    "cik": "0001466258",
    "fillingDate": "1999-06-30",
    "acceptedDate": "1999-06-30 00:00:00",
    "calendarYear": "1999",
    "period": "Q2",
    "revenue": 2042000000,
    "costOfRevenue": 1398800000,
    "grossProfit": 643200000,
    "grossProfitRatio": 0.3149853085,
    "researchAndDevelopmentExpenses": 0,
    "generalAndAdministrativeExpenses": 0,
    "sellingAndMarketingExpenses": 0,
    "sellingGeneralAndAdministrativeExpenses": 312300000,
    "otherExpenses": 26100000,
    "operatingExpenses": 338400000,
    "costAndExpenses": 1737200000,
    "interestIncome": 0,
    "interestExpense": 0,
    "depreciationAndAmortization": 69600000,
    "ebitda": 374400000,
    "ebitdaratio": 0.1833496572,
    "operatingIncome": 304800000,
    "operatingIncomeRatio": 0.1492654261,
    "totalOtherIncomeExpensesNet": -62600000,
    "incomeBeforeTax": 242200000,
    "incomeBeforeTaxRatio": 0.1186092067,
    "incomeTaxExpense": 86000000,
    "netIncome": 166500000,
    "netIncomeRatio": 0.0815377081,
    "eps": 0.51,
    "epsdiluted": 0.5,
    "weightedAverageShsOut": 329702970,
    "weightedAverageShsOutDil": 336363636,
    "link": null,
    "finalLink": null
  },
  {
    "date": "1999-03-31",
    "symbol": "TT",
    "reportedCurrency": "USD",
    "cik": "0001466258",
    "fillingDate": "1999-03-31",
    "acceptedDate": "1999-03-31 00:00:00",
    "calendarYear": "1999",
    "period": "Q1",
    "revenue": 1891100000,
    "costOfRevenue": 1317100000,
    "grossProfit": 574000000,
    "grossProfitRatio": 0.3035270477,
    "researchAndDevelopmentExpenses": 0,
    "generalAndAdministrativeExpenses": 0,
    "sellingAndMarketingExpenses": 0,
    "sellingGeneralAndAdministrativeExpenses": 300200000,
    "otherExpenses": 35200000,
    "operatingExpenses": 335400000,
    "costAndExpenses": 1652500000,
    "interestIncome": 0,
    "interestExpense": 0,
    "depreciationAndAmortization": 73100000,
    "ebitda": 311700000,
    "ebitdaratio": 0.1648247052,
    "operatingIncome": 238600000,
    "operatingIncomeRatio": 0.126169954,
    "totalOtherIncomeExpensesNet": -61900000,
    "incomeBeforeTax": 176700000,
    "incomeBeforeTaxRatio": 0.0934376818,
    "incomeTaxExpense": 62700000,
    "netIncome": 121100000,
    "netIncomeRatio": 0.064036804,
    "eps": 0.37,
    "epsdiluted": 0.37,
    "weightedAverageShsOut": 327200000,
    "weightedAverageShsOutDil": 327200000,
    "link": null,
    "finalLink": null
  },
  {
    "date": "1998-12-31",
    "symbol": "TT",
    "reportedCurrency": "USD",
    "cik": "0001466258",
    "fillingDate": "1998-12-31",
    "acceptedDate": "1998-12-31 00:00:00",
    "calendarYear": "1998",
    "period": "Q4",
    "revenue": 2082400000,
    "costOfRevenue": 1413000000,
    "grossProfit": 669400000,
    "grossProfitRatio": 0.3214560123,
    "researchAndDevelopmentExpenses": 0,
    "generalAndAdministrativeExpenses": 0,
    "sellingAndMarketingExpenses": 0,
    "sellingGeneralAndAdministrativeExpenses": 306400000,
    "otherExpenses": 68700000,
    "operatingExpenses": 375100000,
    "costAndExpenses": 1788100000,
    "interestIncome": 0,
    "interestExpense": 0,
    "depreciationAndAmortization": 68700000,
    "ebitda": 363000000,
    "ebitdaratio": 0.1743180945,
    "operatingIncome": 294300000,
    "operatingIncomeRatio": 0.1413273146,
    "totalOtherIncomeExpensesNet": -62300000,
    "incomeBeforeTax": 232000000,
    "incomeBeforeTaxRatio": 0.1114099116,
    "incomeTaxExpense": 82300000,
    "netIncome": 149700000,
    "netIncomeRatio": 0.0718882059,
    "eps": 0.46,
    "epsdiluted": 0.45,
    "weightedAverageShsOut": 327297297,
    "weightedAverageShsOutDil": 331780822,
    "link": null,
    "finalLink": null
  },
  {
    "date": "1998-09-30",
    "symbol": "TT",
    "reportedCurrency": "USD",
    "cik": "0001466258",
    "fillingDate": "1998-09-30",
    "acceptedDate": "1998-09-30 00:00:00",
    "calendarYear": "1998",
    "period": "Q3",
    "revenue": 1802300000,
    "costOfRevenue": 1249700000,
    "grossProfit": 552600000,
    "grossProfitRatio": 0.3066082228,
    "researchAndDevelopmentExpenses": 0,
    "generalAndAdministrativeExpenses": 0,
    "sellingAndMarketingExpenses": 0,
    "sellingGeneralAndAdministrativeExpenses": 285700000,
    "otherExpenses": 29900000,
    "operatingExpenses": 315600000,
    "costAndExpenses": 1565300000,
    "interestIncome": 0,
    "interestExpense": 0,
    "depreciationAndAmortization": 70400000,
    "ebitda": 307400000,
    "ebitdaratio": 0.1705598402,
    "operatingIncome": 237000000,
    "operatingIncomeRatio": 0.1314986406,
    "totalOtherIncomeExpensesNet": -70600000,
    "incomeBeforeTax": 166400000,
    "incomeBeforeTaxRatio": 0.0923264717,
    "incomeTaxExpense": 59100000,
    "netIncome": 119400000,
    "netIncomeRatio": 0.0662486822,
    "eps": 0.37,
    "epsdiluted": 0.36,
    "weightedAverageShsOut": 327123288,
    "weightedAverageShsOutDil": 331666667,
    "link": null,
    "finalLink": null
  },
  {
    "date": "1998-06-30",
    "symbol": "TT",
    "reportedCurrency": "USD",
    "cik": "0001466258",
    "fillingDate": "1998-06-30",
    "acceptedDate": "1998-06-30 00:00:00",
    "calendarYear": "1998",
    "period": "Q2",
    "revenue": 2186200000,
    "costOfRevenue": 1522600000,
    "grossProfit": 663600000,
    "grossProfitRatio": 0.3035403897,
    "researchAndDevelopmentExpenses": 0,
    "generalAndAdministrativeExpenses": 0,
    "sellingAndMarketingExpenses": 0,
    "sellingGeneralAndAdministrativeExpenses": 303200000,
    "otherExpenses": 74100000,
    "operatingExpenses": 377300000,
    "costAndExpenses": 1899900000,
    "interestIncome": 0,
    "interestExpense": 0,
    "depreciationAndAmortization": 74100000,
    "ebitda": 360400000,
    "ebitdaratio": 0.1648522551,
    "operatingIncome": 286300000,
    "operatingIncomeRatio": 0.1309578264,
    "totalOtherIncomeExpensesNet": -67900000,
    "incomeBeforeTax": 218400000,
    "incomeBeforeTaxRatio": 0.0998993688,
    "incomeTaxExpense": 77500000,
    "netIncome": 140900000,
    "netIncomeRatio": 0.0644497301,
    "eps": 0.43,
    "epsdiluted": 0.43,
    "weightedAverageShsOut": 327674419,
    "weightedAverageShsOutDil": 331529412,
    "link": null,
    "finalLink": null
  },
  {
    "date": "1998-03-31",
    "symbol": "TT",
    "reportedCurrency": "USD",
    "cik": "0001466258",
    "fillingDate": "1998-03-31",
    "acceptedDate": "1998-03-31 00:00:00",
    "calendarYear": "1998",
    "period": "Q1",
    "revenue": 2002900000,
    "costOfRevenue": 1414700000,
    "grossProfit": 588200000,
    "grossProfitRatio": 0.2936741724,
    "researchAndDevelopmentExpenses": 0,
    "generalAndAdministrativeExpenses": 0,
    "sellingAndMarketingExpenses": 0,
    "sellingGeneralAndAdministrativeExpenses": 305200000,
    "otherExpenses": 69400000,
    "operatingExpenses": 374600000,
    "costAndExpenses": 1789300000,
    "interestIncome": 0,
    "interestExpense": 0,
    "depreciationAndAmortization": 69400000,
    "ebitda": 283000000,
    "ebitdaratio": 0.1412951221,
    "operatingIncome": 213600000,
    "operatingIncomeRatio": 0.1066453642,
    "totalOtherIncomeExpensesNet": -60000000,
    "incomeBeforeTax": 153600000,
    "incomeBeforeTaxRatio": 0.0766888012,
    "incomeTaxExpense": 54500000,
    "netIncome": 99100000,
    "netIncomeRatio": 0.0494782565,
    "eps": 0.3,
    "epsdiluted": 0.3,
    "weightedAverageShsOut": 330333333,
    "weightedAverageShsOutDil": 330333333,
    "link": null,
    "finalLink": null
  },
  {
    "date": "1997-12-31",
    "symbol": "TT",
    "reportedCurrency": "USD",
    "cik": "0001466258",
    "fillingDate": "1997-12-31",
    "acceptedDate": "1997-12-31 00:00:00",
    "calendarYear": "1997",
    "period": "Q4",
    "revenue": 1932500000,
    "costOfRevenue": 1366500000,
    "grossProfit": 566000000,
    "grossProfitRatio": 0.2928848642,
    "researchAndDevelopmentExpenses": 0,
    "generalAndAdministrativeExpenses": 0,
    "sellingAndMarketingExpenses": 0,
    "sellingGeneralAndAdministrativeExpenses": 299100000,
    "otherExpenses": 62500000,
    "operatingExpenses": 361600000,
    "costAndExpenses": 1728100000,
    "interestIncome": 0,
    "interestExpense": 0,
    "depreciationAndAmortization": 62500000,
    "ebitda": 266900000,
    "ebitdaratio": 0.1381112549,
    "operatingIncome": 204400000,
    "operatingIncomeRatio": 0.1057697283,
    "totalOtherIncomeExpensesNet": -58800000,
    "incomeBeforeTax": 145600000,
    "incomeBeforeTaxRatio": 0.0753428202,
    "incomeTaxExpense": 51600000,
    "netIncome": 94000000,
    "netIncomeRatio": 0.0486416559,
    "eps": 0.29,
    "epsdiluted": 0.28,
    "weightedAverageShsOut": 329733223,
    "weightedAverageShsOutDil": 330333333,
    "link": null,
    "finalLink": null
  },
  {
    "date": "1997-09-30",
    "symbol": "TT",
    "reportedCurrency": "USD",
    "cik": "0001466258",
    "fillingDate": "1997-09-30",
    "acceptedDate": "1997-09-30 00:00:00",
    "calendarYear": "1997",
    "period": "Q3",
    "revenue": 1694000000,
    "costOfRevenue": 1201200000,
    "grossProfit": 492800000,
    "grossProfitRatio": 0.2909090909,
    "researchAndDevelopmentExpenses": 0,
    "generalAndAdministrativeExpenses": 0,
    "sellingAndMarketingExpenses": 0,
    "sellingGeneralAndAdministrativeExpenses": 263500000,
    "otherExpenses": 49600000,
    "operatingExpenses": 313100000,
    "costAndExpenses": 1514300000,
    "interestIncome": 0,
    "interestExpense": 0,
    "depreciationAndAmortization": 49600000,
    "ebitda": 229300000,
    "ebitdaratio": 0.1353600945,
    "operatingIncome": 179700000,
    "operatingIncomeRatio": 0.1060802834,
    "totalOtherIncomeExpensesNet": -23100000,
    "incomeBeforeTax": 156600000,
    "incomeBeforeTaxRatio": 0.0924439197,
    "incomeTaxExpense": 59500000,
    "netIncome": 97100000,
    "netIncomeRatio": 0.0573199528,
    "eps": 0.3,
    "epsdiluted": 0.29,
    "weightedAverageShsOut": 323666667,
    "weightedAverageShsOutDil": 334827586,
    "link": null,
    "finalLink": null
  },
  {
    "date": "1997-06-30",
    "symbol": "TT",
    "reportedCurrency": "USD",
    "cik": "0001466258",
    "fillingDate": "1997-06-30",
    "acceptedDate": "1997-06-30 00:00:00",
    "calendarYear": "1997",
    "period": "Q2",
    "revenue": 1837400000,
    "costOfRevenue": 1311400000,
    "grossProfit": 526000000,
    "grossProfitRatio": 0.2862740829,
    "researchAndDevelopmentExpenses": 0,
    "generalAndAdministrativeExpenses": 0,
    "sellingAndMarketingExpenses": 0,
    "sellingGeneralAndAdministrativeExpenses": 272300000,
    "otherExpenses": 44100000,
    "operatingExpenses": 316400000,
    "costAndExpenses": 1627800000,
    "interestIncome": 0,
    "interestExpense": 0,
    "depreciationAndAmortization": 44100000,
    "ebitda": 253700000,
    "ebitdaratio": 0.1380755415,
    "operatingIncome": 209600000,
    "operatingIncomeRatio": 0.1140742353,
    "totalOtherIncomeExpensesNet": -29700000,
    "incomeBeforeTax": 179900000,
    "incomeBeforeTaxRatio": 0.0979100903,
    "incomeTaxExpense": 68300000,
    "netIncome": 111600000,
    "netIncomeRatio": 0.0607379993,
    "eps": 0.34,
    "epsdiluted": 0.34,
    "weightedAverageShsOut": 328235294,
    "weightedAverageShsOutDil": 328235294,
    "link": null,
    "finalLink": null
  },
  {
    "date": "1997-03-31",
    "symbol": "TT",
    "reportedCurrency": "USD",
    "cik": "0001466258",
    "fillingDate": "1997-03-31",
    "acceptedDate": "1997-03-31 00:00:00",
    "calendarYear": "1997",
    "period": "Q1",
    "revenue": 1639400000,
    "costOfRevenue": 1172300000,
    "grossProfit": 467100000,
    "grossProfitRatio": 0.2849213127,
    "researchAndDevelopmentExpenses": 0,
    "generalAndAdministrativeExpenses": 0,
    "sellingAndMarketingExpenses": 0,
    "sellingGeneralAndAdministrativeExpenses": 244400000,
    "otherExpenses": 56100000,
    "operatingExpenses": 300500000,
    "costAndExpenses": 1472800000,
    "interestIncome": 0,
    "interestExpense": 0,
    "depreciationAndAmortization": 56100000,
    "ebitda": 222700000,
    "ebitdaratio": 0.1358423814,
    "operatingIncome": 166600000,
    "operatingIncomeRatio": 0.1016225448,
    "totalOtherIncomeExpensesNet": -35000000,
    "incomeBeforeTax": 131600000,
    "incomeBeforeTaxRatio": 0.0802732707,
    "incomeTaxExpense": 53800000,
    "netIncome": 77800000,
    "netIncomeRatio": 0.0474563865,
    "eps": 0.24,
    "epsdiluted": 0.24,
    "weightedAverageShsOut": 324166667,
    "weightedAverageShsOutDil": 324166667,
    "link": null,
    "finalLink": null
  },
  {
    "date": "1996-12-31",
    "symbol": "TT",
    "reportedCurrency": "USD",
    "cik": "0001466258",
    "fillingDate": "1996-12-31",
    "acceptedDate": "1996-12-31 00:00:00",
    "calendarYear": "1996",
    "period": "Q4",
    "revenue": 1740400000,
    "costOfRevenue": 1228400000,
    "grossProfit": 512000000,
    "grossProfitRatio": 0.2941852448,
    "researchAndDevelopmentExpenses": 0,
    "generalAndAdministrativeExpenses": 0,
    "sellingAndMarketingExpenses": 0,
    "sellingGeneralAndAdministrativeExpenses": 256000000,
    "otherExpenses": 48100000,
    "operatingExpenses": 304100000,
    "costAndExpenses": 1532500000,
    "interestIncome": 0,
    "interestExpense": 0,
    "depreciationAndAmortization": 48100000,
    "ebitda": 256000000,
    "ebitdaratio": 0.1470926224,
    "operatingIncome": 207900000,
    "operatingIncomeRatio": 0.1194552976,
    "totalOtherIncomeExpensesNet": -34400000,
    "incomeBeforeTax": 173500000,
    "incomeBeforeTaxRatio": 0.0996897265,
    "incomeTaxExpense": 64200000,
    "netIncome": 109300000,
    "netIncomeRatio": 0.0628016548,
    "eps": 0.34,
    "epsdiluted": 0.34,
    "weightedAverageShsOut": 321129051,
    "weightedAverageShsOutDil": 324166667,
    "link": null,
    "finalLink": null
  },
  {
    "date": "1996-09-30",
    "symbol": "TT",
    "reportedCurrency": "USD",
    "cik": "0001466258",
    "fillingDate": "1996-09-30",
    "acceptedDate": "1996-09-30 00:00:00",
    "calendarYear": "1996",
    "period": "Q3",
    "revenue": 1595800000,
    "costOfRevenue": 1153900000,
    "grossProfit": 441900000,
    "grossProfitRatio": 0.2769144003,
    "researchAndDevelopmentExpenses": 0,
    "generalAndAdministrativeExpenses": 0,
    "sellingAndMarketingExpenses": 0,
    "sellingGeneralAndAdministrativeExpenses": 240400000,
    "otherExpenses": 52800000,
    "operatingExpenses": 293200000,
    "costAndExpenses": 1447100000,
    "interestIncome": 0,
    "interestExpense": 0,
    "depreciationAndAmortization": 52800000,
    "ebitda": 201500000,
    "ebitdaratio": 0.126268956,
    "operatingIncome": 148700000,
    "operatingIncomeRatio": 0.093182103,
    "totalOtherIncomeExpensesNet": -18700000,
    "incomeBeforeTax": 130000000,
    "incomeBeforeTaxRatio": 0.0814638426,
    "incomeTaxExpense": 48100000,
    "netIncome": 81900000,
    "netIncomeRatio": 0.0513222208,
    "eps": 0.25,
    "epsdiluted": 0.25,
    "weightedAverageShsOut": 327600000,
    "weightedAverageShsOutDil": 327600000,
    "link": null,
    "finalLink": null
  },
  {
    "date": "1996-06-30",
    "symbol": "TT",
    "reportedCurrency": "USD",
    "cik": "0001466258",
    "fillingDate": "1996-06-30",
    "acceptedDate": "1996-06-30 00:00:00",
    "calendarYear": "1996",
    "period": "Q2",
    "revenue": 1761900000,
    "costOfRevenue": 1288300000,
    "grossProfit": 473600000,
    "grossProfitRatio": 0.2688007265,
    "researchAndDevelopmentExpenses": 0,
    "generalAndAdministrativeExpenses": 0,
    "sellingAndMarketingExpenses": 0,
    "sellingGeneralAndAdministrativeExpenses": 247600000,
    "otherExpenses": 49700000,
    "operatingExpenses": 297300000,
    "costAndExpenses": 1585600000,
    "interestIncome": 0,
    "interestExpense": 0,
    "depreciationAndAmortization": 49700000,
    "ebitda": 226000000,
    "ebitdaratio": 0.1282706169,
    "operatingIncome": 176300000,
    "operatingIncomeRatio": 0.1000624326,
    "totalOtherIncomeExpensesNet": -29800000,
    "incomeBeforeTax": 146500000,
    "incomeBeforeTaxRatio": 0.0831488734,
    "incomeTaxExpense": 54200000,
    "netIncome": 92300000,
    "netIncomeRatio": 0.0523866281,
    "eps": 0.29,
    "epsdiluted": 0.29,
    "weightedAverageShsOut": 318275862,
    "weightedAverageShsOutDil": 323859649,
    "link": null,
    "finalLink": null
  },
  {
    "date": "1996-03-31",
    "symbol": "TT",
    "reportedCurrency": "USD",
    "cik": "0001466258",
    "fillingDate": "1996-03-31",
    "acceptedDate": "1996-03-31 00:00:00",
    "calendarYear": "1996",
    "period": "Q1",
    "revenue": 1604900000,
    "costOfRevenue": 1156800000,
    "grossProfit": 448100000,
    "grossProfitRatio": 0.2792074273,
    "researchAndDevelopmentExpenses": 0,
    "generalAndAdministrativeExpenses": 0,
    "sellingAndMarketingExpenses": 0,
    "sellingGeneralAndAdministrativeExpenses": 245500000,
    "otherExpenses": 52000000,
    "operatingExpenses": 297500000,
    "costAndExpenses": 1454300000,
    "interestIncome": 0,
    "interestExpense": 0,
    "depreciationAndAmortization": 52000000,
    "ebitda": 202600000,
    "ebitdaratio": 0.1262383949,
    "operatingIncome": 150600000,
    "operatingIncomeRatio": 0.0938376223,
    "totalOtherIncomeExpensesNet": -32300000,
    "incomeBeforeTax": 118300000,
    "incomeBeforeTaxRatio": 0.0737117577,
    "incomeTaxExpense": 43800000,
    "netIncome": 74500000,
    "netIncomeRatio": 0.0464203377,
    "eps": 0.23,
    "epsdiluted": 0.23,
    "weightedAverageShsOut": 323913043,
    "weightedAverageShsOutDil": 323913043,
    "link": null,
    "finalLink": null
  },
  {
    "date": "1995-12-31",
    "symbol": "TT",
    "reportedCurrency": "USD",
    "cik": "0001466258",
    "fillingDate": "1995-12-31",
    "acceptedDate": "1995-12-31 00:00:00",
    "calendarYear": "1995",
    "period": "Q4",
    "revenue": 1630000000,
    "costOfRevenue": 1155500000,
    "grossProfit": 474500000,
    "grossProfitRatio": 0.2911042945,
    "researchAndDevelopmentExpenses": 0,
    "generalAndAdministrativeExpenses": 0,
    "sellingAndMarketingExpenses": 0,
    "sellingGeneralAndAdministrativeExpenses": 257000000,
    "otherExpenses": 47500000,
    "operatingExpenses": 304500000,
    "costAndExpenses": 1460000000,
    "interestIncome": 0,
    "interestExpense": 0,
    "depreciationAndAmortization": 47500000,
    "ebitda": 217500000,
    "ebitdaratio": 0.1334355828,
    "operatingIncome": 170000000,
    "operatingIncomeRatio": 0.1042944785,
    "totalOtherIncomeExpensesNet": -18200000,
    "incomeBeforeTax": 151800000,
    "incomeBeforeTaxRatio": 0.0931288344,
    "incomeTaxExpense": 56200000,
    "netIncome": 95600000,
    "netIncomeRatio": 0.0586503067,
    "eps": 0.3,
    "epsdiluted": 0.3,
    "weightedAverageShsOut": 319090909,
    "weightedAverageShsOutDil": 323913043,
    "link": null,
    "finalLink": null
  },
  {
    "date": "1995-09-30",
    "symbol": "TT",
    "reportedCurrency": "USD",
    "cik": "0001466258",
    "fillingDate": "1995-09-30",
    "acceptedDate": "1995-09-30 00:00:00",
    "calendarYear": "1995",
    "period": "Q3",
    "revenue": 1521300000,
    "costOfRevenue": 1109900000,
    "grossProfit": 411400000,
    "grossProfitRatio": 0.2704266088,
    "researchAndDevelopmentExpenses": 0,
    "generalAndAdministrativeExpenses": 0,
    "sellingAndMarketingExpenses": 0,
    "sellingGeneralAndAdministrativeExpenses": 239100000,
    "otherExpenses": 53200000,
    "operatingExpenses": 292300000,
    "costAndExpenses": 1402200000,
    "interestIncome": 0,
    "interestExpense": 0,
    "depreciationAndAmortization": 53200000,
    "ebitda": 172300000,
    "ebitdaratio": 0.1132583974,
    "operatingIncome": 119100000,
    "operatingIncomeRatio": 0.0782883061,
    "totalOtherIncomeExpensesNet": -21000000,
    "incomeBeforeTax": 98100000,
    "incomeBeforeTaxRatio": 0.0644843226,
    "incomeTaxExpense": 36300000,
    "netIncome": 61800000,
    "netIncomeRatio": 0.0406231513,
    "eps": 0.2,
    "epsdiluted": 0.2,
    "weightedAverageShsOut": 316923077,
    "weightedAverageShsOutDil": 316923077,
    "link": null,
    "finalLink": null
  }
]