[
  {
    "date": "2024-12-31",
    "symbol": "TT",
    "reportedCurrency": "USD",
    "cik": "0001466258",
    "fillingDate": "2025-02-06",
    "acceptedDate": "2025-02-06 16:13:59",
    "calendarYear": "2024",
    "period": "FY",
    "revenue": 19838200000,
    "costOfRevenue": 12757700000,
    "grossProfit": 7080500000,
    "grossProfitRatio": 0.3569124215,
    "researchAndDevelopmentExpenses": 0,
    "generalAndAdministrativeExpenses": 0,
    "sellingAndMarketingExpenses": 0,
    "sellingGeneralAndAdministrativeExpenses": 3580400000,
    "otherExpenses": 0,
    "operatingExpenses": 3580400000,
    "costAndExpenses": 16338100000,
    "interestIncome": 35900000,
    "interestExpense": 238400000,
    "depreciationAndAmortization": 379400000,
    "ebitda": 3859600000,
    "ebitdaratio": 0.1945539414,
    "operatingIncome": 3500100000,
    "operatingIncomeRatio": 0.1764323376,
    "totalOtherIncomeExpensesNet": -258300000,
    "incomeBeforeTax": 3241800000,
    "incomeBeforeTaxRatio": 0.1634120031,
    "incomeTaxExpense": 627600000,
    "netIncome": 2567900000,
    "netIncomeRatio": 0.1294421873,
    "eps": 11.35,
    "epsdiluted": 11.24,
    "weightedAverageShsOut": 224473947,
    "weightedAverageShsOutDil": 228400000,
    "link": "https://www.sec.gov/Archives/edgar/data/1466258/000146625825000039/0001466258-25-000039-index.htm",
    "finalLink": "https://www.sec.gov/Archives/edgar/data/1466258/000146625825000039/tt-20241231.htm"
  },
  {
    "date": "2023-12-31",
    "symbol": "TT",
    "reportedCurrency": "USD",
    "cik": "0001466258",
    "fillingDate": "2024-02-08",
    "acceptedDate": "2024-02-08 10:59:17",
    "calendarYear": "2023",
    "period": "FY",
    "revenue": 17677600000,
    "costOfRevenue": 11820400000,
    "grossProfit": 5857200000,
    "grossProfitRatio": 0.3313345703,
    "researchAndDevelopmentExpenses": 252300000,
    "generalAndAdministrativeExpenses": 0,
    "sellingAndMarketingExpenses": 0,
    "sellingGeneralAndAdministrativeExpenses": 2963200000,
    "otherExpenses": -252300000,
    "operatingExpenses": 2963200000,
    "costAndExpenses": 14783600000,
    "interestIncome": 15400000,
    "interestExpense": 234500000,
    "depreciationAndAmortization": 343500000,
    "ebitda": 3149900000,
    "ebitdaratio": 0.1781859528,
    "operatingIncome": 2894000000,
    "operatingIncomeRatio": 0.1637100059,
    "totalOtherIncomeExpensesNet": -326700000,
    "incomeBeforeTax": 2567300000,
    "incomeBeforeTaxRatio": 0.1452289904,
    "incomeTaxExpense": 498400000,
    "netIncome": 2023900000,
    "netIncomeRatio": 0.1144895235,
    "eps": 8.85,
    "epsdiluted": 8.77,
    "weightedAverageShsOut": 227173161,
    "weightedAverageShsOutDil": 230700000,
    "link": "https://www.sec.gov/Archives/edgar/data/1466258/000146625824000047/0001466258-24-000047-index.htm",
    "finalLink": "https://www.sec.gov/Archives/edgar/data/1466258/000146625824000047/tt-20231231.htm"
  },
  {
    "date": "2022-12-31",
    "symbol": "TT",
    "reportedCurrency": "USD",
    "cik": "0001466258",
    "fillingDate": "2023-02-10",
    "acceptedDate": "2023-02-10 11:30:03",
    "calendarYear": "2022",
    "period": "FY",
    "revenue": 15991700000,
    "costOfRevenue": 11026900000,
    "grossProfit": 4964800000,
    "grossProfitRatio": 0.3104610517,
    "researchAndDevelopmentExpenses": 211200000,
    "generalAndAdministrativeExpenses": 0,
    "sellingAndMarketingExpenses": 0,
    "sellingGeneralAndAdministrativeExpenses": 2314000000,
    "otherExpenses": 20700000,
    "operatingExpenses": 2545900000,
    "costAndExpenses": 13572800000,
    "interestIncome": 9200000,
    "interestExpense": 223500000,
    "depreciationAndAmortization": 319200000,
    "ebitda": 2715500000,
    "ebitdaratio": 0.1698068373,
    "operatingIncome": 2418900000,
    "operatingIncomeRatio": 0.151259716,
    "totalOtherIncomeExpensesNet": -246800000,
    "incomeBeforeTax": 2172100000,
    "incomeBeforeTaxRatio": 0.1358267101,
    "incomeTaxExpense": 375900000,
    "netIncome": 1756500000,
    "netIncomeRatio": 0.1098382286,
    "eps": 7.55,
    "epsdiluted": 7.48,
    "weightedAverageShsOut": 232600000,
    "weightedAverageShsOutDil": 234900000,
    "link": "https://www.sec.gov/Archives/edgar/data/1466258/000146625823000058/0001466258-23-000058-index.htm",
    "finalLink": "https://www.sec.gov/Archives/edgar/data/1466258/000146625823000058/tt-20221231.htm"
  },
  {
    "date": "2021-12-31",
    "symbol": "TT",
    "reportedCurrency": "USD",
    "cik": "0001466258",
    "fillingDate": "2022-02-07",
    "acceptedDate": "2022-02-07 16:00:00",
    "calendarYear": "2021",
    "period": "FY",
    "revenue": 14136400000,
    "costOfRevenue": 9666800000,
    "grossProfit": 4469600000,
    "grossProfitRatio": 0.3161766786,
    "researchAndDevelopmentExpenses": 193500000,
    "generalAndAdministrativeExpenses": 0,
    "sellingAndMarketingExpenses": 0,
    "sellingGeneralAndAdministrativeExpenses": 2446300000,
    "otherExpenses": -193500000,
    "operatingExpenses": 2446300000,
    "costAndExpenses": 12113100000,
    "interestIncome": 4000000,
    "interestExpense": 233700000,
    "depreciationAndAmortization": 294100000,
    "ebitda": 2319200000,
    "ebitdaratio": 0.164058742,
    "operatingIncome": 2023300000,
    "operatingIncomeRatio": 0.143126963,
    "totalOtherIncomeExpensesNet": -232600000,
    "incomeBeforeTax": 1790700000,
    "incomeBeforeTaxRatio": 0.1266729861,
    "incomeTaxExpense": 333500000,
    "netIncome": 1423400000,
    "netIncomeRatio": 0.1006904162,
    "eps": 5.96,
    "epsdiluted": 5.87,
    "weightedAverageShsOut": 238700000,
    "weightedAverageShsOutDil": 242300000,
    "link": "https://www.sec.gov/Archives/edgar/data/1466258/000146625822000031/0001466258-22-000031-index.htm",
    "finalLink": "https://www.sec.gov/Archives/edgar/data/1466258/000146625822000031/tt-20211231.htm"
  },
  {
    "date": "2020-12-31",
    "symbol": "TT",
    "reportedCurrency": "USD",
    "cik": "0001466258",
    "fillingDate": "2021-02-09",
    "acceptedDate": "2021-02-09 12:04:57",
    "calendarYear": "2020",
    "period": "FY",
    "revenue": 12454700000,
    "costOfRevenue": 8651300000,
    "grossProfit": 3803400000,
    "grossProfitRatio": 0.3053786924,
    "researchAndDevelopmentExpenses": 165000000,
    "generalAndAdministrativeExpenses": 0,
    "sellingAndMarketingExpenses": 0,
    "sellingGeneralAndAdministrativeExpenses": 2054000000,
    "otherExpenses": 51600000,
    "operatingExpenses": 2270600000,
    "costAndExpenses": 10921900000,
    "interestIncome": 4500000,
    "interestExpense": 248700000,
    "depreciationAndAmortization": 294300000,
    "ebitda": 1831900000,
    "ebitdaratio": 0.1470850362,
    "operatingIncome": 1532800000,
    "operatingIncomeRatio": 0.1230700057,
    "totalOtherIncomeExpensesNet": -244600000,
    "incomeBeforeTax": 1288200000,
    "incomeBeforeTaxRatio": 0.1034308333,
    "incomeTaxExpense": 296800000,
    "netIncome": 854900000,
    "netIncomeRatio": 0.0686407541,
    "eps": 3.56,
    "epsdiluted": 3.52,
    "weightedAverageShsOut": 240100000,
    "weightedAverageShsOutDil": 243100000,
    "link": "https://www.sec.gov/Archives/edgar/data/1466258/000146625821000027/0001466258-21-000027-index.htm",
    "finalLink": "https://www.sec.gov/Archives/edgar/data/1466258/000146625821000027/tt-20201231.htm"
  },
  {
    "date": "2019-12-31",
    "symbol": "TT",
    "reportedCurrency": "USD",
    "cik": "0001466258",
    "fillingDate": "2020-02-18",
    "acceptedDate": "2020-02-18 08:20:49",
    "calendarYear": "2019",
    "period": "FY",
    "revenue": 13075900000,
    "costOfRevenue": 9085500000,
    "grossProfit": 4027700000,
    "grossProfitRatio": 0.3080246866,
    "researchAndDevelopmentExpenses": 174200000,
    "generalAndAdministrativeExpenses": 0,
    "sellingAndMarketingExpenses": 0,
    "sellingGeneralAndAdministrativeExpenses": 2130800000,
    "otherExpenses": 52600000,
    "operatingExpenses": 2357600000,
    "costAndExpenses": 11405800000,
    "interestIncome": 600000,
    "interestExpense": 243000000,
    "depreciationAndAmortization": 288800000,
    "ebitda": 1931200000,
    "ebitdaratio": 0.1476915547,
    "operatingIncome": 1670100000,
    "operatingIncomeRatio": 0.1277235219,
    "totalOtherIncomeExpensesNet": -271200000,
    "incomeBeforeTax": 1398900000,
    "incomeBeforeTaxRatio": 0.1069830757,
    "incomeTaxExpense": 238600000,
    "netIncome": 1410900000,
    "netIncomeRatio": 0.1079007946,
    "eps": 5.84,
    "epsdiluted": 5.77,
    "weightedAverageShsOut": 241600000,
    "weightedAverageShsOutDil": 244400000,
    "link": "https://www.sec.gov/Archives/edgar/data/1466258/000146625820000064/0001466258-20-000064-index.htm",
    "finalLink": "https://www.sec.gov/Archives/edgar/data/1466258/000146625820000064/ir-10kx12312019.htm"
  },
  {
    "date": "2018-12-31",
    "symbol": "TT",
    "reportedCurrency": "USD",
    "cik": "0001466258",
    "fillingDate": "2019-02-12",
    "acceptedDate": "2019-02-12 14:34:27",
    "calendarYear": "2018",
    "period": "FY",
    "revenue": 12343800000,
    "costOfRevenue": 8582500000,
    "grossProfit": 3761300000,
    "grossProfitRatio": 0.3047116771,
    "researchAndDevelopmentExpenses": 166700000,
    "generalAndAdministrativeExpenses": 0,
    "sellingAndMarketingExpenses": 0,
    "sellingGeneralAndAdministrativeExpenses": 2249200000,
    "otherExpenses": -166700000,
    "operatingExpenses": 2249200000,
    "costAndExpenses": 10831700000,
    "interestIncome": 2400000,
    "interestExpense": 221000000,
    "depreciationAndAmortization": 361500000,
    "ebitda": 2242400000,
    "ebitdaratio": 0.181662049,
    "operatingIncome": 1512100000,
    "operatingIncomeRatio": 0.1224987443,
    "totalOtherIncomeExpensesNet": -254300000,
    "incomeBeforeTax": 1257800000,
    "incomeBeforeTaxRatio": 0.1018973088,
    "incomeTaxExpense": 234900000,
    "netIncome": 1337600000,
    "netIncomeRatio": 0.1083620927,
    "eps": 5.53,
    "epsdiluted": 5.35,
    "weightedAverageShsOut": 241905293,
    "weightedAverageShsOutDil": 250100000,
    "link": "https://www.sec.gov/Archives/edgar/data/1466258/000146625819000073/0001466258-19-000073-index.htm",
    "finalLink": "https://www.sec.gov/Archives/edgar/data/1466258/000146625819000073/ir-10kx12312018.htm"
  },
  {
    "date": "2017-12-31",
    "symbol": "TT",
    "reportedCurrency": "USD",
    "cik": "0001466258",
    "fillingDate": "2018-02-12",
    "acceptedDate": "2018-02-12 15:18:35",
    "calendarYear": "2017",
    "period": "FY",
    "revenue": 14197600000,
    "costOfRevenue": 9811600000,
    "grossProfit": 4386000000,
    "grossProfitRatio": 0.3089254522,
    "researchAndDevelopmentExpenses": 210800000,
    "generalAndAdministrativeExpenses": 0,
    "sellingAndMarketingExpenses": 0,
    "sellingGeneralAndAdministrativeExpenses": 2495000000,
    "otherExpenses": 0,
    "operatingExpenses": 2705800000,
    "costAndExpenses": 12532300000,
    "interestIncome": 9400000,
    "interestExpense": 215800000,
    "depreciationAndAmortization": 349300000,
    "ebitda": 1982500000,
    "ebitdaratio": 0.1396362766,
    "operatingIncome": 1665300000,
    "operatingIncomeRatio": 0.1172944723,
    "totalOtherIncomeExpensesNet": -247400000,
    "incomeBeforeTax": 1417900000,
    "incomeBeforeTaxRatio": 0.0998689919,
    "incomeTaxExpense": 80200000,
    "netIncome": 1302600000,
    "netIncomeRatio": 0.0917479011,
    "eps": 5.22,
    "epsdiluted": 5.05,
    "weightedAverageShsOut": 249479157,
    "weightedAverageShsOutDil": 258100000,
    "link": "https://www.sec.gov/Archives/edgar/data/1466258/000146625818000063/0001466258-18-000063-index.htm",
    "finalLink": "https://www.sec.gov/Archives/edgar/data/1466258/000146625818000063/ir-10kx12312017.htm"
  },
  {
    "date": "2016-12-31",
    "symbol": "TT",
    "reportedCurrency": "USD",
    "cik": "0001466258",
    "fillingDate": "2017-02-13",
    "acceptedDate": "2017-02-13 16:21:25",
    "calendarYear": "2016",
    "period": "FY",
    "revenue": 13508900000,
    "costOfRevenue": 9329300000,
    "grossProfit": 4201000000,
    "grossProfitRatio": 0.3109801686,
    "researchAndDevelopmentExpenses": 207900000,
    "generalAndAdministrativeExpenses": 0,
    "sellingAndMarketingExpenses": 0,
    "sellingGeneralAndAdministrativeExpenses": 2606500000,
    "otherExpenses": -207900000,
    "operatingExpenses": 2606500000,
    "costAndExpenses": 11935800000,
    "interestIncome": 8000000,
    "interestExpense": 221500000,
    "depreciationAndAmortization": 348700000,
    "ebitda": 2311000000,
    "ebitdaratio": 0.1710724041,
    "operatingIncome": 1603200000,
    "operatingIncomeRatio": 0.1186773164,
    "totalOtherIncomeExpensesNet": 138100000,
    "incomeBeforeTax": 1741300000,
    "incomeBeforeTaxRatio": 0.1289002065,
    "incomeTaxExpense": 281500000,
    "netIncome": 1476200000,
    "netIncomeRatio": 0.1092761069,
    "eps": 5.7,
    "epsdiluted": 5.65,
    "weightedAverageShsOut": 259006320,
    "weightedAverageShsOutDil": 261700000,
    "link": "https://www.sec.gov/Archives/edgar/data/1466258/000146625817000053/0001466258-17-000053-index.htm",
    "finalLink": "https://www.sec.gov/Archives/edgar/data/1466258/000146625817000053/ir-10kx12312016.htm"
  },
  {
    "date": "2015-12-31",
    "symbol": "TT",
    "reportedCurrency": "USD",
    "cik": "0001466258",
    "fillingDate": "2016-02-12",
    "acceptedDate": "2016-02-12 14:13:34",
    "calendarYear": "2015",
    "period": "FY",
    "revenue": 13300700000,
    "costOfRevenue": 9301600000,
    "grossProfit": 3999100000,
    "grossProfitRatio": 0.3006683859,
    "researchAndDevelopmentExpenses": 205900000,
    "generalAndAdministrativeExpenses": 0,
    "sellingAndMarketingExpenses": 0,
    "sellingGeneralAndAdministrativeExpenses": 2313600000,
    "otherExpenses": 21600000,
    "operatingExpenses": 2541100000,
    "costAndExpenses": 11842700000,
    "interestIncome": 10600000,
    "interestExpense": 223000000,
    "depreciationAndAmortization": 364100000,
    "ebitda": 1835000000,
    "ebitdaratio": 0.1379626636,
    "operatingIncome": 1458000000,
    "operatingIncomeRatio": 0.1096182908,
    "totalOtherIncomeExpensesNet": -210100000,
    "incomeBeforeTax": 1247900000,
    "incomeBeforeTaxRatio": 0.0938221297,
    "incomeTaxExpense": 540800000,
    "netIncome": 664600000,
    "netIncomeRatio": 0.049967295,
    "eps": 2.54,
    "epsdiluted": 2.48,
    "weightedAverageShsOut": 261251517,
    "weightedAverageShsOutDil": 267800000,
    "link": "https://www.sec.gov/Archives/edgar/data/1466258/000146625816000319/0001466258-16-000319-index.htm",
    "finalLink": "https://www.sec.gov/Archives/edgar/data/1466258/000146625816000319/ir-10kx12312015.htm"
  },
  {
    "date": "2014-12-31",
    "symbol": "TT",
    "reportedCurrency": "USD",
    "cik": "0001466258",
    "fillingDate": "2015-02-13",
    "acceptedDate": "2015-02-13 11:27:34",
    "calendarYear": "2014",
    "period": "FY",
    "revenue": 12891400000,
    "costOfRevenue": 8982800000,
    "grossProfit": 3908600000,
    "grossProfitRatio": 0.3031943776,
    "researchAndDevelopmentExpenses": 212300000,
    "generalAndAdministrativeExpenses": 0,
    "sellingAndMarketingExpenses": 0,
    "sellingGeneralAndAdministrativeExpenses": 2503900000,
    "otherExpenses": -212300000,
    "operatingExpenses": 2503900000,
    "costAndExpenses": 11486700000,
    "interestIncome": 13200000,
    "interestExpense": 225300000,
    "depreciationAndAmortization": 332400000,
    "ebitda": 1757000000,
    "ebitdaratio": 0.136292412,
    "operatingIncome": 1404700000,
    "operatingIncomeRatio": 0.1089641156,
    "totalOtherIncomeExpensesNet": -195300000,
    "incomeBeforeTax": 1209400000,
    "incomeBeforeTaxRatio": 0.093814481,
    "incomeTaxExpense": 293700000,
    "netIncome": 931700000,
    "netIncomeRatio": 0.0722729882,
    "eps": 3.54,
    "epsdiluted": 3.4,
    "weightedAverageShsOut": 262899321,
    "weightedAverageShsOutDil": 274300000,
    "link": "https://www.sec.gov/Archives/edgar/data/1466258/000146625815000045/0001466258-15-000045-index.htm",
    "finalLink": "https://www.sec.gov/Archives/edgar/data/1466258/000146625815000045/ir-10kx12312014.htm"
  },
  {
    "date": "2013-12-31",
    "symbol": "TT",
    "reportedCurrency": "USD",
    "cik": "0001466258",
    "fillingDate": "2014-02-14",
    "acceptedDate": "2014-02-14 16:25:10",
    "calendarYear": "2013",
    "period": "FY",
    "revenue": 12350500000,
    "costOfRevenue": 8675500000,
    "grossProfit": 3628200000,
    "grossProfitRatio": 0.293769483,
    "researchAndDevelopmentExpenses": 218200000,
    "generalAndAdministrativeExpenses": 0,
    "sellingAndMarketingExpenses": 0,
    "sellingGeneralAndAdministrativeExpenses": 2156700000,
    "otherExpenses": 148300000,
    "operatingExpenses": 2523200000,
    "costAndExpenses": 11245500000,
    "interestIncome": 12800000,
    "interestExpense": 278800000,
    "depreciationAndAmortization": 333700000,
    "ebitda": 1442300000,
    "ebitdaratio": 0.1167806971,
    "operatingIncome": 1105000000,
    "operatingIncomeRatio": 0.0894700619,
    "totalOtherIncomeExpensesNet": -275400000,
    "incomeBeforeTax": 829600000,
    "incomeBeforeTaxRatio": 0.0671713696,
    "incomeTaxExpense": 189000000,
    "netIncome": 618800000,
    "netIncomeRatio": 0.0501032347,
    "eps": 2.19,
    "epsdiluted": 2.07,
    "weightedAverageShsOut": 282700041,
    "weightedAverageShsOutDil": 298300000,
    "link": "https://www.sec.gov/Archives/edgar/data/1466258/000146625814000009/0001466258-14-000009-index.htm",
    "finalLink": "https://www.sec.gov/Archives/edgar/data/1466258/000146625814000009/ir-10kx12312013.htm"
  },
  {
    "date": "2012-12-31",
    "symbol": "TT",
    "reportedCurrency": "USD",
    "cik": "0001466258",
    "fillingDate": "2013-02-14",
    "acceptedDate": "2013-02-14 14:35:19",
    "calendarYear": "2012",
    "period": "FY",
    "revenue": 11988300000,
    "costOfRevenue": 8533500000,
    "grossProfit": 3454800000,
    "grossProfitRatio": 0.2881809765,
    "researchAndDevelopmentExpenses": 235400000,
    "generalAndAdministrativeExpenses": 0,
    "sellingAndMarketingExpenses": 0,
    "sellingGeneralAndAdministrativeExpenses": 2369900000,
    "otherExpenses": -222400000,
    "operatingExpenses": 2382900000,
    "costAndExpenses": 10916400000,
    "interestIncome": 16300000,
    "interestExpense": 250500000,
    "depreciationAndAmortization": 333800000,
    "ebitda": 1433800000,
    "ebitdaratio": 0.1195999433,
    "operatingIncome": 1095200000,
    "operatingIncomeRatio": 0.0913557385,
    "totalOtherIncomeExpensesNet": -247200000,
    "incomeBeforeTax": 848000000,
    "incomeBeforeTaxRatio": 0.0707356339,
    "incomeTaxExpense": 56000000,
    "netIncome": 1006200000,
    "netIncomeRatio": 0.0839318335,
    "eps": 3.45,
    "epsdiluted": 3.28,
    "weightedAverageShsOut": 295583174,
    "weightedAverageShsOutDil": 310600000,
    "link": "https://www.sec.gov/Archives/edgar/data/1466258/000146625813000006/0001466258-13-000006-index.htm",
    "finalLink": "https://www.sec.gov/Archives/edgar/data/1466258/000146625813000006/ir-12312012x10k.htm"
  },
  {
    "date": "2011-12-31",
    "symbol": "TT",
    "reportedCurrency": "USD",
    "cik": "0001466258",
    "fillingDate": "2012-02-21",
    "acceptedDate": "2012-02-21 09:32:50",
    "calendarYear": "2011",
    "period": "FY",
    "revenue": 14782000000,
    "costOfRevenue": 10493600000,
    "grossProfit": 4288400000,
    "grossProfitRatio": 0.2901095927,
    "researchAndDevelopmentExpenses": 0,
    "generalAndAdministrativeExpenses": 0,
    "sellingAndMarketingExpenses": 0,
    "sellingGeneralAndAdministrativeExpenses": 2781200000,
    "otherExpenses": 0,
    "operatingExpenses": 2781200000,
    "costAndExpenses": 13274800000,
    "interestIncome": 25900000,
    "interestExpense": 277100000,
    "depreciationAndAmortization": 402700000,
    "ebitda": 1296600000,
    "ebitdaratio": 0.0877147883,
    "operatingIncome": 1519200000,
    "operatingIncomeRatio": 0.1027736436,
    "totalOtherIncomeExpensesNet": -905900000,
    "incomeBeforeTax": 613300000,
    "incomeBeforeTaxRatio": 0.0414896496,
    "incomeTaxExpense": 187200000,
    "netIncome": 426100000,
    "netIncomeRatio": 0.0288255987,
    "eps": 1.16,
    "epsdiluted": 1.01,
    "weightedAverageShsOut": 297140982,
    "weightedAverageShsOutDil": 339300000,
    "link": "https://www.sec.gov/Archives/edgar/data/1466258/000144530512000370/0001445305-12-000370-index.htm",
    "finalLink": "https://www.sec.gov/Archives/edgar/data/1466258/000144530512000370/ir-12312011x10k.htm"
  },
  {
    "date": "2010-12-31",
    "symbol": "TT",
    "reportedCurrency": "USD",
    "cik": "0001466258",
    "fillingDate": "2011-02-22",
    "acceptedDate": "2011-02-22 15:19:10",
    "calendarYear": "2010",
    "period": "FY",
    "revenue": 14079100000,
    "costOfRevenue": 10158500000,
    "grossProfit": 3941200000,
    "grossProfitRatio": 0.2799326662,
    "researchAndDevelopmentExpenses": 0,
    "generalAndAdministrativeExpenses": 0,
    "sellingAndMarketingExpenses": 0,
    "sellingGeneralAndAdministrativeExpenses": 2673100000,
    "otherExpenses": 0,
    "operatingExpenses": 2673100000,
    "costAndExpenses": 12831600000,
    "interestIncome": 15200000,
    "interestExpense": 283200000,
    "depreciationAndAmortization": 437100000,
    "ebitda": 1715400000,
    "ebitdaratio": 0.1218401744,
    "operatingIncome": 1292800000,
    "operatingIncomeRatio": 0.0918240513,
    "totalOtherIncomeExpensesNet": -286200000,
    "incomeBeforeTax": 1006600000,
    "incomeBeforeTaxRatio": 0.0714960473,
    "incomeTaxExpense": 228100000,
    "netIncome": 642200000,
    "netIncomeRatio": 0.0456137111,
    "eps": 1.98,
    "epsdiluted": 1.89,
    "weightedAverageShsOut": 324700000,
    "weightedAverageShsOutDil": 339800000,
    "link": "https://www.sec.gov/Archives/edgar/data/1466258/000119312511042044/0001193125-11-042044-index.htm",
    "finalLink": "https://www.sec.gov/Archives/edgar/data/1466258/000119312511042044/d10k.htm"
  },
  {
    "date": "2009-12-31",
    "symbol": "TT",
    "reportedCurrency": "USD",
    "cik": "0001466258",
    "fillingDate": "2010-02-26",
    "acceptedDate": "2010-02-26 16:43:53",
    "calendarYear": "2009",
    "period": "FY",
    "revenue": 13195300000,
    "costOfRevenue": 9645100000,
    "grossProfit": 3550200000,
    "grossProfitRatio": 0.2690503437,
    "researchAndDevelopmentExpenses": 0,
    "generalAndAdministrativeExpenses": 0,
    "sellingAndMarketingExpenses": 0,
    "sellingGeneralAndAdministrativeExpenses": 2708600000,
    "otherExpenses": 0,
    "operatingExpenses": 2708600000,
    "costAndExpenses": 12353700000,
    "interestIncome": 13300000,
    "interestExpense": 302200000,
    "depreciationAndAmortization": 424900000,
    "ebitda": 1278100000,
    "ebitdaratio": 0.0968602457,
    "operatingIncome": 841600000,
    "operatingIncomeRatio": 0.0637802854,
    "totalOtherIncomeExpensesNet": -282500000,
    "incomeBeforeTax": 559100000,
    "incomeBeforeTaxRatio": 0.0423711473,
    "incomeTaxExpense": 71300000,
    "netIncome": 451300000,
    "netIncomeRatio": 0.0342015718,
    "eps": 1.41,
    "epsdiluted": 1.37,
    "weightedAverageShsOut": 321100000,
    "weightedAverageShsOutDil": 329100000,
    "link": "https://www.sec.gov/Archives/edgar/data/1466258/000119312510043035/0001193125-10-043035-index.htm",
    "finalLink": "https://www.sec.gov/Archives/edgar/data/1466258/000119312510043035/d10k.htm"
  },
  {
    "date": "2008-12-31",
    "symbol": "TT",
    "reportedCurrency": "USD",
    "cik": "0001466258",
    "fillingDate": "2008-12-31",
    "acceptedDate": "2008-12-31 00:00:00",
    "calendarYear": "2008",
    "period": "FY",
    "revenue": 13227400000,
    "costOfRevenue": 9559800000,
    "grossProfit": 3667600000,
    "grossProfitRatio": 0.2772729335,
    "researchAndDevelopmentExpenses": 0,
    "generalAndAdministrativeExpenses": 0,
    "sellingAndMarketingExpenses": 0,
    "sellingGeneralAndAdministrativeExpenses": 2343100000,
    "otherExpenses": 97400000,
    "operatingExpenses": 2440500000,
    "costAndExpenses": 12000300000,
    "interestIncome": 95600000,
    "interestExpense": 245400000,
    "depreciationAndAmortization": 453100000,
    "ebitda": -2060900000,
    "ebitdaratio": -0.1558053737,
    "operatingIncome": 1227100000,
    "operatingIncomeRatio": 0.0927695541,
    "totalOtherIncomeExpensesNet": -3983100000,
    "incomeBeforeTax": -2756000000,
    "incomeBeforeTaxRatio": -0.2083553835,
    "incomeTaxExpense": -208600000,
    "netIncome": -2624800000,
    "netIncomeRatio": -0.1984365786,
    "eps": -8.73,
    "epsdiluted": -8.64,
    "weightedAverageShsOut": 300600000,
    "weightedAverageShsOutDil": 303700000,
    "link": "",
    "finalLink": ""
  },
  {
    "date": "2007-12-31",
    "symbol": "TT",
    "reportedCurrency": "USD",
    "cik": "0001466258",
    "fillingDate": "2007-12-31",
    "acceptedDate": "2007-12-31 00:00:00",
    "calendarYear": "2007",
    "period": "FY",
    "revenue": 8763100000,
    "costOfRevenue": 6272000000,
    "grossProfit": 2491100000,
    "grossProfitRatio": 0.2842715477,
    "researchAndDevelopmentExpenses": 0,
    "generalAndAdministrativeExpenses": 0,
    "sellingAndMarketingExpenses": 0,
    "sellingGeneralAndAdministrativeExpenses": 1433300000,
    "otherExpenses": 0,
    "operatingExpenses": 1433300000,
    "costAndExpenses": 7705300000,
    "interestIncome": 0,
    "interestExpense": 0,
    "depreciationAndAmortization": 138800000,
    "ebitda": 1196600000,
    "ebitdaratio": 0.1365498511,
    "operatingIncome": 1057800000,
    "operatingIncomeRatio": 0.1207107074,
    "totalOtherIncomeExpensesNet": -120300000,
    "incomeBeforeTax": 937500000,
    "incomeBeforeTaxRatio": 0.1069826888,
    "incomeTaxExpense": 204400000,
    "netIncome": 3966700000,
    "netIncomeRatio": 0.452659447,
    "eps": 13.64,
    "epsdiluted": 13.43,
    "weightedAverageShsOut": 290700000,
    "weightedAverageShsOutDil": 295300000,
    "link": "",
    "finalLink": ""
  },
  {
    "date": "2006-12-31",
    "symbol": "TT",
    "reportedCurrency": "USD",
    "cik": "0001466258",
    "fillingDate": "2006-12-31",
    "acceptedDate": "2006-12-31 00:00:00",
    "calendarYear": "2006",
    "period": "FY",
    "revenue": 11409300000,
    "costOfRevenue": 8424200000,
    "grossProfit": 2985100000,
    "grossProfitRatio": 0.2616374361,
    "researchAndDevelopmentExpenses": 0,
    "generalAndAdministrativeExpenses": 0,
    "sellingAndMarketingExpenses": 0,
    "sellingGeneralAndAdministrativeExpenses": 1544300000,
    "otherExpenses": 0,
    "operatingExpenses": 1544300000,
    "costAndExpenses": 9968500000,
    "interestIncome": 0,
    "interestExpense": 0,
    "depreciationAndAmortization": 190700000,
    "ebitda": 1637400000,
    "ebitdaratio": 0.1435145013,
    "operatingIncome": 1440800000,
    "operatingIncomeRatio": 0.1262829446,
    "totalOtherIncomeExpensesNet": -125900000,
    "incomeBeforeTax": 1314900000,
    "incomeBeforeTaxRatio": 0.1152480871,
    "incomeTaxExpense": 231700000,
    "netIncome": 1032500000,
    "netIncomeRatio": 0.0904963495,
    "eps": 3.23,
    "epsdiluted": 3.2,
    "weightedAverageShsOut": 319659443,
    "weightedAverageShsOutDil": 322656250,
    "link": "",
    "finalLink": ""
  },
  {
    "date": "2005-12-31",
    "symbol": "TT",
    "reportedCurrency": "USD",
    "cik": "0001466258",
    "fillingDate": "2005-12-31",
    "acceptedDate": "2005-12-31 00:00:00",
    "calendarYear": "2005",
    "period": "FY",
    "revenue": 10546900000,
    "costOfRevenue": 7744100000,
    "grossProfit": 2802800000,
    "grossProfitRatio": 0.265746333,
    "researchAndDevelopmentExpenses": 0,
    "generalAndAdministrativeExpenses": 0,
    "sellingAndMarketingExpenses": 0,
    "sellingGeneralAndAdministrativeExpenses": 1441000000,
    "otherExpenses": 0,
    "operatingExpenses": 1441000000,
    "costAndExpenses": 9185100000,
    "interestIncome": 0,
    "interestExpense": 0,
    "depreciationAndAmortization": 195700000,
    "ebitda": 1610500000,
    "ebitdaratio": 0.1526988973,
    "operatingIncome": 1361800000,
    "operatingIncomeRatio": 0.1291185088,
    "totalOtherIncomeExpensesNet": -91300000,
    "incomeBeforeTax": 1270500000,
    "incomeBeforeTaxRatio": 0.1204619367,
    "incomeTaxExpense": 204700000,
    "netIncome": 1054200000,
    "netIncomeRatio": 0.0999535409,
    "eps": 3.12,
    "epsdiluted": 3.09,
    "weightedAverageShsOut": 337884615,
    "weightedAverageShsOutDil": 341165049,
    "link": "",
    "finalLink": ""
  },
  {
    "date": "2004-12-31",
    "symbol": "TT",
    "reportedCurrency": "USD",
    "cik": "0001466258",
    "fillingDate": "2004-12-31",
    "acceptedDate": "2004-12-31 00:00:00",
    "calendarYear": "2004",
    "period": "FY",
    "revenue": 9393600000,
    "costOfRevenue": 6854000000,
    "grossProfit": 2539600000,
    "grossProfitRatio": 0.2703542838,
    "researchAndDevelopmentExpenses": 0,
    "generalAndAdministrativeExpenses": 0,
    "sellingAndMarketingExpenses": 0,
    "sellingGeneralAndAdministrativeExpenses": 1419300000,
    "otherExpenses": 0,
    "operatingExpenses": 1419300000,
    "costAndExpenses": 8273300000,
    "interestIncome": 0,
    "interestExpense": 0,
    "depreciationAndAmortization": 174400000,
    "ebitda": 1311700000,
    "ebitdaratio": 0.1396376256,
    "operatingIncome": 1120300000,
    "operatingIncomeRatio": 0.1192620508,
    "totalOtherIncomeExpensesNet": -136100000,
    "incomeBeforeTax": 984200000,
    "incomeBeforeTaxRatio": 0.1047734628,
    "incomeTaxExpense": 138400000,
    "netIncome": 829800000,
    "netIncomeRatio": 0.0883367399,
    "eps": 3.52,
    "epsdiluted": 3.47,
    "weightedAverageShsOut": 346221591,
    "weightedAverageShsOutDil": 351210375,
    "link": "",
    "finalLink": ""
  },
  {
    "date": "2003-12-31",
    "symbol": "TT",
    "reportedCurrency": "USD",
    "cik": "0001466258",
    "fillingDate": "2003-12-31",
    "acceptedDate": "2003-12-31 00:00:00",
    "calendarYear": "2003",
    "period": "FY",
    "revenue": 9876200000,
    "costOfRevenue": 7471000000,
    "grossProfit": 2405200000,
    "grossProfitRatio": 0.2435349628,
    "researchAndDevelopmentExpenses": 0,
    "generalAndAdministrativeExpenses": 0,
    "sellingAndMarketingExpenses": 0,
    "sellingGeneralAndAdministrativeExpenses": 1538300000,
    "otherExpenses": 0,
    "operatingExpenses": 1538300000,
    "costAndExpenses": 9009300000,
    "interestIncome": 0,
    "interestExpense": 0,
    "depreciationAndAmortization": 194000000,
    "ebitda": 1060900000,
    "ebitdaratio": 0.1074198578,
    "operatingIncome": 870100000,
    "operatingIncomeRatio": 0.0881006865,
    "totalOtherIncomeExpensesNet": -182400000,
    "incomeBeforeTax": 687700000,
    "incomeBeforeTaxRatio": 0.0696320447,
    "incomeTaxExpense": 94200000,
    "netIncome": 644500000,
    "netIncomeRatio": 0.0652578927,
    "eps": 1.88,
    "epsdiluted": 1.87,
    "weightedAverageShsOut": 342819149,
    "weightedAverageShsOutDil": 344652406,
    "link": "",
    "finalLink": ""
  },
  {
    "date": "2002-12-31",
    "symbol": "TT",
    "reportedCurrency": "USD",
    "cik": "0001466258",
    "fillingDate": "2002-12-31",
    "acceptedDate": "2002-12-31 00:00:00",
    "calendarYear": "2002",
    "period": "FY",
    "revenue": 8951300000,
    "costOfRevenue": 6826500000,
    "grossProfit": 2124800000,
    "grossProfitRatio": 0.2373733424,
    "researchAndDevelopmentExpenses": 0,
    "generalAndAdministrativeExpenses": 0,
    "sellingAndMarketingExpenses": 0,
    "sellingGeneralAndAdministrativeExpenses": 1439800000,
    "otherExpenses": 41900000,
    "operatingExpenses": 1481700000,
    "costAndExpenses": 8308200000,
    "interestIncome": 0,
    "interestExpense": 0,
    "depreciationAndAmortization": 205900000,
    "ebitda": 890900000,
    "ebitdaratio": 0.0995274429,
    "operatingIncome": 643100000,
    "operatingIncomeRatio": 0.0718443131,
    "totalOtherIncomeExpensesNet": -255400000,
    "incomeBeforeTax": 387700000,
    "incomeBeforeTaxRatio": 0.0433121446,
    "incomeTaxExpense": 20300000,
    "netIncome": -173500000,
    "netIncomeRatio": -0.0193826595,
    "eps": -0.51,
    "epsdiluted": -0.51,
    "weightedAverageShsOut": 336893204,
    "weightedAverageShsOutDil": 340196078,
    "link": "",
    "finalLink": ""
  },
  {
    "date": "2001-12-31",
    "symbol": "TT",
    "reportedCurrency": "USD",
    "cik": "0001466258",
    "fillingDate": "2001-12-31",
    "acceptedDate": "2001-12-31 00:00:00",
    "calendarYear": "2001",
    "period": "FY",
    "revenue": 8604200000,
    "costOfRevenue": 6736500000,
    "grossProfit": 1867700000,
    "grossProfitRatio": 0.2170684085,
    "researchAndDevelopmentExpenses": 0,
    "generalAndAdministrativeExpenses": 0,
    "sellingAndMarketingExpenses": 0,
    "sellingGeneralAndAdministrativeExpenses": 1454200000,
    "otherExpenses": -10000000,
    "operatingExpenses": 1444200000,
    "costAndExpenses": 8180700000,
    "interestIncome": 0,
    "interestExpense": 0,
    "depreciationAndAmortization": 318200000,
    "ebitda": 815400000,
    "ebitdaratio": 0.0947676716,
    "operatingIncome": 423500000,
    "operatingIncomeRatio": 0.0492201483,
    "totalOtherIncomeExpensesNet": -289500000,
    "incomeBeforeTax": 134000000,
    "incomeBeforeTaxRatio": 0.0155737895,
    "incomeTaxExpense": -48100000,
    "netIncome": 246200000,
    "netIncomeRatio": 0.0286139327,
    "eps": 0.75,
    "epsdiluted": 0.74,
    "weightedAverageShsOut": 328266667,
    "weightedAverageShsOutDil": 332702703,
    "link": "",
    "finalLink": ""
  },
  {
    "date": "2000-12-31",
    "symbol": "TT",
    "reportedCurrency": "USD",
    "cik": "0001466258",
    "fillingDate": "2000-12-31",
    "acceptedDate": "2000-12-31 00:00:00",
    "calendarYear": "2000",
    "period": "FY",
    "revenue": 8412200000,
    "costOfRevenue": 6229600000,
    "grossProfit": 2182600000,
    "grossProfitRatio": 0.2594565036,
    "researchAndDevelopmentExpenses": 0,
    "generalAndAdministrativeExpenses": 0,
    "sellingAndMarketingExpenses": 0,
    "sellingGeneralAndAdministrativeExpenses": 1146700000,
    "otherExpenses": 118200000,
    "operatingExpenses": 1264900000,
    "costAndExpenses": 7494500000,
    "interestIncome": 0,
    "interestExpense": 0,
    "depreciationAndAmortization": 283400000,
    "ebitda": 1277300000,
    "ebitdaratio": 0.1518389957,
    "operatingIncome": 917700000,
    "operatingIncomeRatio": 0.1090915575,
    "totalOtherIncomeExpensesNet": -253900000,
    "incomeBeforeTax": 663800000,
    "incomeBeforeTaxRatio": 0.0789092033,
    "incomeTaxExpense": 226500000,
    "netIncome": 669400000,
    "netIncomeRatio": 0.0795749031,
    "eps": 2.08,
    "epsdiluted": 2.06,
    "weightedAverageShsOut": 322602410,
    "weightedAverageShsOutDil": 324951456,
    "link": "",
    "finalLink": ""
  },
  {
    "date": "1999-12-31",
    "symbol": "TT",
    "reportedCurrency": "USD",
    "cik": "0001466258",
    "fillingDate": "1999-12-31",
    "acceptedDate": "1999-12-31 00:00:00",
    "calendarYear": "1999",
    "period": "FY",
    "revenue": 7819000000,
    "costOfRevenue": 5673200000,
    "grossProfit": 2145800000,
    "grossProfitRatio": 0.2744340709,
    "researchAndDevelopmentExpenses": 0,
    "generalAndAdministrativeExpenses": 0,
    "sellingAndMarketingExpenses": 0,
    "sellingGeneralAndAdministrativeExpenses": 1052400000,
    "otherExpenses": 13700000,
    "operatingExpenses": 1066100000,
    "costAndExpenses": 6739300000,
    "interestIncome": 0,
    "interestExpense": 0,
    "depreciationAndAmortization": 272400000,
    "ebitda": 1352100000,
    "ebitdaratio": 0.1729249265,
    "operatingIncome": 1079700000,
    "operatingIncomeRatio": 0.1380867119,
    "totalOtherIncomeExpensesNet": -209500000,
    "incomeBeforeTax": 870200000,
    "incomeBeforeTaxRatio": 0.1112930042,
    "incomeTaxExpense": 307100000,
    "netIncome": 591100000,
    "netIncomeRatio": 0.0755979025,
    "eps": 1.81,
    "epsdiluted": 1.38,
    "weightedAverageShsOut": 327479224,
    "weightedAverageShsOutDil": 428333333,
    "link": "",
    "finalLink": ""
  },
  {
    "date": "1998-12-31",
    "symbol": "TT",
    "reportedCurrency": "USD",
    "cik": "0001466258",
    "fillingDate": "1998-12-31",
    "acceptedDate": "1998-12-31 00:00:00",
    "calendarYear": "1998",
    "period": "FY",
    "revenue": 7540200000,
    "costOfRevenue": 5279700000,
    "grossProfit": 2260500000,
    "grossProfitRatio": 0.2997931089,
    "researchAndDevelopmentExpenses": 0,
    "generalAndAdministrativeExpenses": 0,
    "sellingAndMarketingExpenses": 0,
    "sellingGeneralAndAdministrativeExpenses": 1200500000,
    "otherExpenses": 90900000,
    "operatingExpenses": 1291400000,
    "costAndExpenses": 6571100000,
    "interestIncome": 0,
    "interestExpense": 0,
    "depreciationAndAmortization": 263600000,
    "ebitda": 1232700000,
    "ebitdaratio": 0.1634837272,
    "operatingIncome": 969100000,
    "operatingIncomeRatio": 0.1285244423,
    "totalOtherIncomeExpensesNet": -236800000,
    "incomeBeforeTax": 732300000,
    "incomeBeforeTaxRatio": 0.0971194398,
    "incomeTaxExpense": 250700000,
    "netIncome": 509100000,
    "netIncomeRatio": 0.067518103,
    "eps": 1.56,
    "epsdiluted": 1.54,
    "weightedAverageShsOut": 327395498,
    "weightedAverageShsOutDil": 330584416,
    "link": "",
    "finalLink": ""
  },
  {
    "date": "1997-12-31",
    "symbol": "TT",
    "reportedCurrency": "USD",
    "cik": "0001466258",
    "fillingDate": "1997-12-31",
    "acceptedDate": "1997-12-31 00:00:00",
    "calendarYear": "1997",
    "period": "FY",
    "revenue": 6239100000,
    "costOfRevenue": 4420800000,
    "grossProfit": 1818300000,
    "grossProfitRatio": 0.2914362648,
    "researchAndDevelopmentExpenses": 0,
    "generalAndAdministrativeExpenses": 0,
    "sellingAndMarketingExpenses": 0,
    "sellingGeneralAndAdministrativeExpenses": 1079300000,
    "otherExpenses": 15500000,
    "operatingExpenses": 1094800000,
    "costAndExpenses": 5515600000,
    "interestIncome": 0,
    "interestExpense": 0,
    "depreciationAndAmortization": 192200000,
    "ebitda": 915700000,
    "ebitdaratio": 0.1467679633,
    "operatingIncome": 723500000,
    "operatingIncomeRatio": 0.1159622381,
    "totalOtherIncomeExpensesNet": -145100000,
    "incomeBeforeTax": 578400000,
    "incomeBeforeTaxRatio": 0.0927056787,
    "incomeTaxExpense": 219800000,
    "netIncome": 380500000,
    "netIncomeRatio": 0.0609863602,
    "eps": 1.17,
    "epsdiluted": 1.16,
    "weightedAverageShsOut": 326609442,
    "weightedAverageShsOutDil": 329437229,
    "link": "",
    "finalLink": ""
  },
  {
    "date": "1996-12-31",
    "symbol": "TT",
    "reportedCurrency": "USD",
    "cik": "0001466258",
    "fillingDate": "1996-12-31",
    "acceptedDate": "1996-12-31 00:00:00",
    "calendarYear": "1996",
    "period": "FY",
    "revenue": 6702900000,
    "costOfRevenue": 4827300000,
    "grossProfit": 1875600000,
    "grossProfitRatio": 0.2798191827,
    "researchAndDevelopmentExpenses": 0,
    "generalAndAdministrativeExpenses": 0,
    "sellingAndMarketingExpenses": 0,
    "sellingGeneralAndAdministrativeExpenses": 989500000,
    "otherExpenses": 202600000,
    "operatingExpenses": 1192100000,
    "costAndExpenses": 6019400000,
    "interestIncome": 0,
    "interestExpense": 0,
    "depreciationAndAmortization": 202600000,
    "ebitda": 886100000,
    "ebitdaratio": 0.132196512,
    "operatingIncome": 683500000,
    "operatingIncomeRatio": 0.1019707888,
    "totalOtherIncomeExpensesNet": -115200000,
    "incomeBeforeTax": 568300000,
    "incomeBeforeTaxRatio": 0.0847841979,
    "incomeTaxExpense": 210300000,
    "netIncome": 358000000,
    "netIncomeRatio": 0.0534097182,
    "eps": 1.11,
    "epsdiluted": 1.11,
    "weightedAverageShsOut": 322522523,
    "weightedAverageShsOutDil": 323981900,
    "link": "",
    "finalLink": ""
  },
  {
    "date": "1995-12-31",
    "symbol": "TT",
    "reportedCurrency": "USD",
    "cik": "0001466258",
    "fillingDate": "1995-12-31",
    "acceptedDate": "1995-12-31 00:00:00",
    "calendarYear": "1995",
    "period": "FY",
    "revenue": 5729000000,
    "costOfRevenue": 4130800000,
    "grossProfit": 1598200000,
    "grossProfitRatio": 0.2789666608,
    "researchAndDevelopmentExpenses": 0,
    "generalAndAdministrativeExpenses": 0,
    "sellingAndMarketingExpenses": 0,
    "sellingGeneralAndAdministrativeExpenses": 921800000,
    "otherExpenses": 179400000,
    "operatingExpenses": 1101200000,
    "costAndExpenses": 5232000000,
    "interestIncome": 0,
    "interestExpense": 0,
    "depreciationAndAmortization": 179400000,
    "ebitda": 676400000,
    "ebitdaratio": 0.1180659801,
    "operatingIncome": 497000000,
    "operatingIncomeRatio": 0.0867516146,
    "totalOtherIncomeExpensesNet": -67900000,
    "incomeBeforeTax": 429100000,
    "incomeBeforeTaxRatio": 0.0748996334,
    "incomeTaxExpense": 158800000,
    "netIncome": 270300000,
    "netIncomeRatio": 0.0471810089,
    "eps": 0.85,
    "epsdiluted": 0.85,
    "weightedAverageShsOut": 318000000,
    "weightedAverageShsOutDil": 319881657,
    "link": "",
    "finalLink": ""
  },
  {
    "date": "1994-12-31",
    "symbol": "TT",
    "reportedCurrency": "USD",
    "cik": "0001466258",
    "fillingDate": "1994-12-31",
    "acceptedDate": "1994-12-31 00:00:00",
    "calendarYear": "1994",
    "period": "FY",
    "revenue": 4507500000,
    "costOfRevenue": 3244500000,
    "grossProfit": 1263000000,
    "grossProfitRatio": 0.2801996672,
    "researchAndDevelopmentExpenses": 0,
    "generalAndAdministrativeExpenses": 0,
    "sellingAndMarketingExpenses": 0,
    "sellingGeneralAndAdministrativeExpenses": 753400000,
    "otherExpenses": 132500000,
    "operatingExpenses": 885900000,
    "costAndExpenses": 4130400000,
    "interestIncome": 0,
    "interestExpense": 0,
    "depreciationAndAmortization": 132500000,
    "ebitda": 509600000,
    "ebitdaratio": 0.1130560177,
    "operatingIncome": 377100000,
    "operatingIncomeRatio": 0.0836605657,
    "totalOtherIncomeExpensesNet": -47200000,
    "incomeBeforeTax": 329900000,
    "incomeBeforeTaxRatio": 0.0731891292,
    "incomeTaxExpense": 118800000,
    "netIncome": 211100000,
    "netIncomeRatio": 0.046833056,
    "eps": 0.67,
    "epsdiluted": 0.67,
    "weightedAverageShsOut": 317443609,
    "weightedAverageShsOutDil": 317443609,
    "link": "",
    "finalLink": ""
  },
  {
    "date": "1993-12-31",
    "symbol": "TT",
    "reportedCurrency": "USD",
    "cik": "0001466258",
    "fillingDate": "1993-12-31",
    "acceptedDate": "1993-12-31 00:00:00",
    "calendarYear": "1993",
    "period": "FY",
    "revenue": 4021100000,
    "costOfRevenue": 2893200000,
    "grossProfit": 1127900000,
    "grossProfitRatio": 0.2804953868,
    "researchAndDevelopmentExpenses": 0,
    "generalAndAdministrativeExpenses": 0,
    "sellingAndMarketingExpenses": 0,
    "sellingGeneralAndAdministrativeExpenses": 712900000,
    "otherExpenses": 123500000,
    "operatingExpenses": 836400000,
    "costAndExpenses": 3729600000,
    "interestIncome": 0,
    "interestExpense": 0,
    "depreciationAndAmortization": 123500000,
    "ebitda": 415000000,
    "ebitdaratio": 0.1032055905,
    "operatingIncome": 291500000,
    "operatingIncomeRatio": 0.0724926015,
    "totalOtherIncomeExpensesNet": -38000000,
    "incomeBeforeTax": 253500000,
    "incomeBeforeTaxRatio": 0.0630424511,
    "incomeTaxExpense": 90000000,
    "netIncome": 142500000,
    "netIncomeRatio": 0.0354380642,
    "eps": 0.46,
    "epsdiluted": 0.45,
    "weightedAverageShsOut": 313186813,
    "weightedAverageShsOutDil": 316666667,
    "link": "",
    "finalLink": ""
  },
  {
    "date": "1992-12-31",
    "symbol": "TT",
    "reportedCurrency": "USD",
    "cik": "0001466258",
    "fillingDate": "1992-12-31",
    "acceptedDate": "1992-12-31 00:00:00",
    "calendarYear": "1992",
    "period": "FY",
    "revenue": 3783800000,
    "costOfRevenue": 2765300000,
    "grossProfit": 1018500000,
    "grossProfitRatio": 0.2691738464,
    "researchAndDevelopmentExpenses": 0,
    "generalAndAdministrativeExpenses": 0,
    "sellingAndMarketingExpenses": 0,
    "sellingGeneralAndAdministrativeExpenses": 726700000,
    "otherExpenses": 116600000,
    "operatingExpenses": 843300000,
    "costAndExpenses": 3608600000,
    "interestIncome": 0,
    "interestExpense": 0,
    "depreciationAndAmortization": 116600000,
    "ebitda": 291800000,
    "ebitdaratio": 0.0771182409,
    "operatingIncome": 175200000,
    "operatingIncomeRatio": 0.0463026587,
    "totalOtherIncomeExpensesNet": 7800000,
    "incomeBeforeTax": 183000000,
    "incomeBeforeTaxRatio": 0.0483640784,
    "incomeTaxExpense": 67400000,
    "netIncome": -234400000,
    "netIncomeRatio": -0.0619483059,
    "eps": -0.75,
    "epsdiluted": -0.75,
    "weightedAverageShsOut": 312533333,
    "weightedAverageShsOutDil": 312533333,
    "link": "",
    "finalLink": ""
  },
  {
    "date": "1991-12-31",
    "symbol": "TT",
    "reportedCurrency": "USD",
    "cik": "0001466258",
    "fillingDate": "1991-12-31",
    "acceptedDate": "1991-12-31 00:00:00",
    "calendarYear": "1991",
    "period": "FY",
    "revenue": 3586200000,
    "costOfRevenue": 2616400000,
    "grossProfit": 969800000,
    "grossProfitRatio": 0.27042552,
    "researchAndDevelopmentExpenses": 0,
    "generalAndAdministrativeExpenses": 0,
    "sellingAndMarketingExpenses": 0,
    "sellingGeneralAndAdministrativeExpenses": 587700000,
    "otherExpenses": 108700000,
    "operatingExpenses": 696400000,
    "costAndExpenses": 3312800000,
    "interestIncome": 0,
    "interestExpense": 0,
    "depreciationAndAmortization": 108700000,
    "ebitda": 382100000,
    "ebitdaratio": 0.1065473203,
    "operatingIncome": 273400000,
    "operatingIncomeRatio": 0.0762366851,
    "totalOtherIncomeExpensesNet": -38200000,
    "incomeBeforeTax": 235200000,
    "incomeBeforeTaxRatio": 0.0655847415,
    "incomeTaxExpense": 84600000,
    "netIncome": 150600000,
    "netIncomeRatio": 0.0419943115,
    "eps": 0.49,
    "epsdiluted": 0.49,
    "weightedAverageShsOut": 310515464,
    "weightedAverageShsOutDil": 310515464,
    "link": "",
    "finalLink": ""
  },
  {
    "date": "1990-12-31",
    "symbol": "TT",
    "reportedCurrency": "USD",
    "cik": "0001466258",
    "fillingDate": "1990-12-31",
    "acceptedDate": "1990-12-31 00:00:00",
    "calendarYear": "1990",
    "period": "FY",
    "revenue": 3737800000,
    "costOfRevenue": 2697000000,
    "grossProfit": 1040800000,
    "grossProfitRatio": 0.2784525657,
    "researchAndDevelopmentExpenses": 0,
    "generalAndAdministrativeExpenses": 0,
    "sellingAndMarketingExpenses": 0,
    "sellingGeneralAndAdministrativeExpenses": 586200000,
    "otherExpenses": 97300000,
    "operatingExpenses": 683500000,
    "costAndExpenses": 3380500000,
    "interestIncome": 0,
    "interestExpense": 0,
    "depreciationAndAmortization": 97300000,
    "ebitda": 454600000,
    "ebitdaratio": 0.1216223447,
    "operatingIncome": 357300000,
    "operatingIncomeRatio": 0.0955909894,
    "totalOtherIncomeExpensesNet": -72200000,
    "incomeBeforeTax": 285100000,
    "incomeBeforeTaxRatio": 0.0762748141,
    "incomeTaxExpense": 99800000,
    "netIncome": 185300000,
    "netIncomeRatio": 0.0495746161,
    "eps": 0.6,
    "epsdiluted": 0.6,
    "weightedAverageShsOut": 311428571,
    "weightedAverageShsOutDil": 311428571,
    "link": "",
    "finalLink": ""
  },
  {
    "date": "1989-12-31",
    "symbol": "TT",
    "reportedCurrency": "USD",
    "cik": "0001466258",
    "fillingDate": "1989-12-31",
    "acceptedDate": "1989-12-31 00:00:00",
    "calendarYear": "1989",
    "period": "FY",
    "revenue": 3447400000,
    "costOfRevenue": 2494700000,
    "grossProfit": 952700000,
    "grossProfitRatio": 0.2763531937,
    "researchAndDevelopmentExpenses": 0,
    "generalAndAdministrativeExpenses": 0,
    "sellingAndMarketingExpenses": 0,
    "sellingGeneralAndAdministrativeExpenses": 510900000,
    "otherExpenses": 80600000,
    "operatingExpenses": 591500000,
    "costAndExpenses": 3086200000,
    "interestIncome": 0,
    "interestExpense": 0,
    "depreciationAndAmortization": 80600000,
    "ebitda": 441800000,
    "ebitdaratio": 0.1281545513,
    "operatingIncome": 361200000,
    "operatingIncomeRatio": 0.1047746128,
    "totalOtherIncomeExpensesNet": -50100000,
    "incomeBeforeTax": 311100000,
    "incomeBeforeTaxRatio": 0.0902419214,
    "incomeTaxExpense": 108900000,
    "netIncome": 202200000,
    "netIncomeRatio": 0.0586528978,
    "eps": 0.63,
    "epsdiluted": 0.63,
    "weightedAverageShsOut": 320952381,
    "weightedAverageShsOutDil": 320952381,
    "link": "",
    "finalLink": ""
  },
  {
    "date": "1988-12-31",
    "symbol": "TT",
    "reportedCurrency": "USD",
    "cik": "0001466258",
    "fillingDate": "1988-12-31",
    "acceptedDate": "1988-12-30 19:00:00",
    "calendarYear": "1988",
    "period": "FY",
    "revenue": 3021400000,
    "costOfRevenue": 2188000000,
    "grossProfit": 833400000,
    "grossProfitRatio": 0.2758323956,
    "researchAndDevelopmentExpenses": 0,
    "generalAndAdministrativeExpenses": 0,
    "sellingAndMarketingExpenses": 0,
    "sellingGeneralAndAdministrativeExpenses": 471100000,
    "otherExpenses": 76800000,
    "operatingExpenses": 547900000,
    "costAndExpenses": 2735900000,
    "interestIncome": 0,
    "interestExpense": 0,
    "depreciationAndAmortization": 76800000,
    "ebitda": 362300000,
    "ebitdaratio": 0.1199112994,
    "operatingIncome": 285500000,
    "operatingIncomeRatio": 0.0944926193,
    "totalOtherIncomeExpensesNet": -54700000,
    "incomeBeforeTax": 230800000,
    "incomeBeforeTaxRatio": 0.0763884292,
    "incomeTaxExpense": 69200000,
    "netIncome": 161600000,
    "netIncomeRatio": 0.0534851393,
    "eps": 0.5,
    "epsdiluted": 0.5,
    "weightedAverageShsOut": 310800000,
    "weightedAverageShsOutDil": 310800000,
    "link": "",
    "finalLink": ""
  },
  {
    "date": "1987-12-31",
    "symbol": "TT",
    "reportedCurrency": "USD",
    "cik": "0001466258",
    "fillingDate": "1987-12-31",
    "acceptedDate": "1987-12-30 19:00:00",
    "calendarYear": "1987",
    "period": "FY",
    "revenue": 2647900000,
    "costOfRevenue": 1874700000,
    "grossProfit": 773200000,
    "grossProfitRatio": 0.2920049851,
    "researchAndDevelopmentExpenses": 0,
    "generalAndAdministrativeExpenses": 0,
    "sellingAndMarketingExpenses": 0,
    "sellingGeneralAndAdministrativeExpenses": 432000000,
    "otherExpenses": 72600000,
    "operatingExpenses": 504600000,
    "costAndExpenses": 2379300000,
    "interestIncome": 0,
    "interestExpense": 0,
    "depreciationAndAmortization": 72600000,
    "ebitda": 341200000,
    "ebitdaratio": 0.1288568299,
    "operatingIncome": 268600000,
    "operatingIncomeRatio": 0.1014388761,
    "totalOtherIncomeExpensesNet": -107500000,
    "incomeBeforeTax": 161100000,
    "incomeBeforeTaxRatio": 0.0608406662,
    "incomeTaxExpense": 53200000,
    "netIncome": 107900000,
    "netIncomeRatio": 0.040749273,
    "eps": 0.33,
    "epsdiluted": 0.33,
    "weightedAverageShsOut": 306060606,
    "weightedAverageShsOutDil": 306060606,
    "link": "",
    "finalLink": ""
  },
  {
    "date": "1986-12-31",
    "symbol": "TT",
    "reportedCurrency": "USD",
    "cik": "0001466258",
    "fillingDate": "1986-12-31",
    "acceptedDate": "1986-12-30 19:00:00",
    "calendarYear": "1986",
    "period": "FY",
    "revenue": 2799500000,
    "costOfRevenue": 2031400000,
    "grossProfit": 768100000,
    "grossProfitRatio": 0.2743704233,
    "researchAndDevelopmentExpenses": 0,
    "generalAndAdministrativeExpenses": 0,
    "sellingAndMarketingExpenses": 0,
    "sellingGeneralAndAdministrativeExpenses": 478500000,
    "otherExpenses": 74200000,
    "operatingExpenses": 552700000,
    "costAndExpenses": 2584100000,
    "interestIncome": 0,
    "interestExpense": 0,
    "depreciationAndAmortization": 74200000,
    "ebitda": 289600000,
    "ebitdaratio": 0.1034470441,
    "operatingIncome": 215400000,
    "operatingIncomeRatio": 0.0769423111,
    "totalOtherIncomeExpensesNet": -61100000,
    "incomeBeforeTax": 154300000,
    "incomeBeforeTaxRatio": 0.0551169852,
    "incomeTaxExpense": 53700000,
    "netIncome": 100600000,
    "netIncomeRatio": 0.0359349884,
    "eps": 0.32,
    "epsdiluted": 0.32,
    "weightedAverageShsOut": 300937500,
    "weightedAverageShsOutDil": 305714286,
    "link": "",
    "finalLink": ""
  },
  {
    "date": "1985-12-31",
    "symbol": "TT",
    "reportedCurrency": "USD",
    "cik": "0001466258",
    "fillingDate": "1985-12-31",
    "acceptedDate": "1985-12-30 19:00:00",
    "calendarYear": "1985",
    "period": "FY",
    "revenue": 2637400000,
    "costOfRevenue": 1940300000,
    "grossProfit": 697100000,
    "grossProfitRatio": 0.2643133389,
    "researchAndDevelopmentExpenses": 0,
    "generalAndAdministrativeExpenses": 0,
    "sellingAndMarketingExpenses": 0,
    "sellingGeneralAndAdministrativeExpenses": 422100000,
    "otherExpenses": 71900000,
    "operatingExpenses": 494000000,
    "costAndExpenses": 2434300000,
    "interestIncome": 0,
    "interestExpense": 0,
    "depreciationAndAmortization": 71900000,
    "ebitda": 275000000,
    "ebitdaratio": 0.1042693562,
    "operatingIncome": 203100000,
    "operatingIncomeRatio": 0.0770076591,
    "totalOtherIncomeExpensesNet": -70400000,
    "incomeBeforeTax": 132700000,
    "incomeBeforeTaxRatio": 0.0503147039,
    "incomeTaxExpense": 53100000,
    "netIncome": 79600000,
    "netIncomeRatio": 0.0301812391,
    "eps": 0.26,
    "epsdiluted": 0.26,
    "weightedAverageShsOut": 312156863,
    "weightedAverageShsOutDil": 312156863,
    "link": "",
    "finalLink": ""
  }
]