[
  {
    "date": "2025-06-30",
    "symbol": "TTD",
    "reportedCurrency": "USD",
    "cik": "0001671933",
    "fillingDate": "2025-08-07",
    "acceptedDate": "2025-08-07 17:03:33",
    "calendarYear": "2025",
    "period": "Q2",
    "revenue": 694039000,
    "costOfRevenue": 150980000,
    "grossProfit": 543059000,
    "grossProfitRatio": 0.7824617925,
    "researchAndDevelopmentExpenses": 134251000,
    "generalAndAdministrativeExpenses": 130900000,
    "sellingAndMarketingExpenses": 161131000,
    "sellingGeneralAndAdministrativeExpenses": 292031000,
    "otherExpenses": 0,
    "operatingExpenses": 426282000,
    "costAndExpenses": 577262000,
    "interestIncome": 18035000,
    "interestExpense": 0,
    "depreciationAndAmortization": 26704000,
    "ebitda": 143481000,
    "ebitdaratio": 0.2067333392,
    "operatingIncome": 116777000,
    "operatingIncomeRatio": 0.1682571152,
    "totalOtherIncomeExpensesNet": 16424000,
    "incomeBeforeTax": 133201000,
    "incomeBeforeTaxRatio": 0.1919214914,
    "incomeTaxExpense": 43072000,
    "netIncome": 90129000,
    "netIncomeRatio": 0.1298615784,
    "eps": 0.18,
    "epsdiluted": 0.18,
    "weightedAverageShsOut": 490631000,
    "weightedAverageShsOutDil": 495776000,
    "link": "https://www.sec.gov/Archives/edgar/data/1671933/000167193325000125/0001671933-25-000125-index.htm",
    "finalLink": "https://www.sec.gov/Archives/edgar/data/1671933/000167193325000125/ttd-20250630.htm"
  },
  {
    "date": "2025-03-31",
    "symbol": "TTD",
    "reportedCurrency": "USD",
    "cik": "0001671933",
    "fillingDate": "2025-05-08",
    "acceptedDate": "2025-05-08 17:05:08",
    "calendarYear": "2025",
    "period": "Q1",
    "revenue": 616021000,
    "costOfRevenue": 142839000,
    "grossProfit": 473182000,
    "grossProfitRatio": 0.7681264113,
    "researchAndDevelopmentExpenses": 132402000,
    "generalAndAdministrativeExpenses": 133585000,
    "sellingAndMarketingExpenses": 152743000,
    "sellingGeneralAndAdministrativeExpenses": 286328000,
    "otherExpenses": 0,
    "operatingExpenses": 418730000,
    "costAndExpenses": 561569000,
    "interestIncome": 20132000,
    "interestExpense": 0,
    "depreciationAndAmortization": 23985000,
    "ebitda": 78437000,
    "ebitdaratio": 0.1273284515,
    "operatingIncome": 54452000,
    "operatingIncomeRatio": 0.0883930905,
    "totalOtherIncomeExpensesNet": 21317000,
    "incomeBeforeTax": 75769000,
    "incomeBeforeTaxRatio": 0.1229974303,
    "incomeTaxExpense": 25091000,
    "netIncome": 50678000,
    "netIncomeRatio": 0.082266676,
    "eps": 0.1,
    "epsdiluted": 0.1,
    "weightedAverageShsOut": 494927000,
    "weightedAverageShsOutDil": 502944000,
    "link": "https://www.sec.gov/Archives/edgar/data/1671933/000167193325000062/0001671933-25-000062-index.htm",
    "finalLink": "https://www.sec.gov/Archives/edgar/data/1671933/000167193325000062/ttd-20250331.htm"
  },
  {
    "date": "2024-12-31",
    "symbol": "TTD",
    "reportedCurrency": "USD",
    "cik": "0001671933",
    "fillingDate": "2025-02-21",
    "acceptedDate": "2025-02-21 16:04:47",
    "calendarYear": "2024",
    "period": "Q4",
    "revenue": 741012000,
    "costOfRevenue": 135267000,
    "grossProfit": 605745000,
    "grossProfitRatio": 0.8174563975,
    "researchAndDevelopmentExpenses": 127893000,
    "generalAndAdministrativeExpenses": 131914000,
    "sellingAndMarketingExpenses": 150629000,
    "sellingGeneralAndAdministrativeExpenses": 282543000,
    "otherExpenses": 0,
    "operatingExpenses": 410436000,
    "costAndExpenses": 545703000,
    "interestIncome": 24956000,
    "interestExpense": 0,
    "depreciationAndAmortization": 24112000,
    "ebitda": 219421000,
    "ebitdaratio": 0.2961099145,
    "operatingIncome": 195309000,
    "operatingIncomeRatio": 0.2635706304,
    "totalOtherIncomeExpensesNet": 26290000,
    "incomeBeforeTax": 221599000,
    "incomeBeforeTaxRatio": 0.2990491382,
    "incomeTaxExpense": 39370000,
    "netIncome": 182229000,
    "netIncomeRatio": 0.2459190944,
    "eps": 0.37,
    "epsdiluted": 0.36,
    "weightedAverageShsOut": 493958000,
    "weightedAverageShsOutDil": 506843000,
    "link": "https://www.sec.gov/Archives/edgar/data/1671933/000167193325000029/0001671933-25-000029-index.htm",
    "finalLink": "https://www.sec.gov/Archives/edgar/data/1671933/000167193325000029/ttd-20241231.htm"
  },
  {
    "date": "2024-09-30",
    "symbol": "TTD",
    "reportedCurrency": "USD",
    "cik": "0001671933",
    "fillingDate": "2024-11-07",
    "acceptedDate": "2024-11-07 17:07:24",
    "calendarYear": "2024",
    "period": "Q3",
    "revenue": 628016000,
    "costOfRevenue": 122656000,
    "grossProfit": 505360000,
    "grossProfitRatio": 0.8046928741,
    "researchAndDevelopmentExpenses": 117705000,
    "generalAndAdministrativeExpenses": 138878000,
    "sellingAndMarketingExpenses": 140296000,
    "sellingGeneralAndAdministrativeExpenses": 279174000,
    "otherExpenses": 0,
    "operatingExpenses": 396879000,
    "costAndExpenses": 519535000,
    "interestIncome": 19408000,
    "interestExpense": 0,
    "depreciationAndAmortization": 20754000,
    "ebitda": 129235000,
    "ebitdaratio": 0.2057829737,
    "operatingIncome": 108481000,
    "operatingIncomeRatio": 0.1727360449,
    "totalOtherIncomeExpensesNet": 18697000,
    "incomeBeforeTax": 127178000,
    "incomeBeforeTaxRatio": 0.2025075794,
    "incomeTaxExpense": 33020000,
    "netIncome": 94158000,
    "netIncomeRatio": 0.1499293012,
    "eps": 0.19,
    "epsdiluted": 0.19,
    "weightedAverageShsOut": 491614000,
    "weightedAverageShsOutDil": 502563000,
    "link": "https://www.sec.gov/Archives/edgar/data/1671933/000167193324000122/0001671933-24-000122-index.htm",
    "finalLink": "https://www.sec.gov/Archives/edgar/data/1671933/000167193324000122/ttd-20240930.htm"
  },
  {
    "date": "2024-06-30",
    "symbol": "TTD",
    "reportedCurrency": "USD",
    "cik": "0001671933",
    "fillingDate": "2024-08-08",
    "acceptedDate": "2024-08-08 17:02:58",
    "calendarYear": "2024",
    "period": "Q2",
    "revenue": 584550000,
    "costOfRevenue": 110459000,
    "grossProfit": 474091000,
    "grossProfitRatio": 0.8110358395,
    "researchAndDevelopmentExpenses": 110035000,
    "generalAndAdministrativeExpenses": 135469000,
    "sellingAndMarketingExpenses": 133867000,
    "sellingGeneralAndAdministrativeExpenses": 269336000,
    "otherExpenses": 0,
    "operatingExpenses": 379371000,
    "costAndExpenses": 489830000,
    "interestIncome": 17817000,
    "interestExpense": 0,
    "depreciationAndAmortization": 20882000,
    "ebitda": 115602000,
    "ebitdaratio": 0.1977623813,
    "operatingIncome": 94720000,
    "operatingIncomeRatio": 0.1620391754,
    "totalOtherIncomeExpensesNet": 17772000,
    "incomeBeforeTax": 112492000,
    "incomeBeforeTaxRatio": 0.1924420494,
    "incomeTaxExpense": 27463000,
    "netIncome": 85029000,
    "netIncomeRatio": 0.1454606107,
    "eps": 0.17,
    "epsdiluted": 0.17,
    "weightedAverageShsOut": 489353000,
    "weightedAverageShsOutDil": 500040000,
    "link": "https://www.sec.gov/Archives/edgar/data/1671933/000167193324000090/0001671933-24-000090-index.htm",
    "finalLink": "https://www.sec.gov/Archives/edgar/data/1671933/000167193324000090/ttd-20240630.htm"
  },
  {
    "date": "2024-03-31",
    "symbol": "TTD",
    "reportedCurrency": "USD",
    "cik": "0001671933",
    "fillingDate": "2024-05-10",
    "acceptedDate": "2024-05-10 16:02:13",
    "calendarYear": "2024",
    "period": "Q1",
    "revenue": 491253000,
    "costOfRevenue": 103630000,
    "grossProfit": 387623000,
    "grossProfitRatio": 0.7890496343,
    "researchAndDevelopmentExpenses": 107686000,
    "generalAndAdministrativeExpenses": 129555000,
    "sellingAndMarketingExpenses": 121725000,
    "sellingGeneralAndAdministrativeExpenses": 251280000,
    "otherExpenses": 0,
    "operatingExpenses": 358966000,
    "costAndExpenses": 462596000,
    "interestIncome": 16661000,
    "interestExpense": 0,
    "depreciationAndAmortization": 21742000,
    "ebitda": 50399000,
    "ebitdaratio": 0.1025927577,
    "operatingIncome": 28657000,
    "operatingIncomeRatio": 0.0583345038,
    "totalOtherIncomeExpensesNet": 17376000,
    "incomeBeforeTax": 46033000,
    "incomeBeforeTaxRatio": 0.0937052802,
    "incomeTaxExpense": 14373000,
    "netIncome": 31660000,
    "netIncomeRatio": 0.0644474436,
    "eps": 0.0648,
    "epsdiluted": 0.0635,
    "weightedAverageShsOut": 488551000,
    "weightedAverageShsOutDil": 498192000,
    "link": "https://www.sec.gov/Archives/edgar/data/1671933/000167193324000059/0001671933-24-000059-index.htm",
    "finalLink": "https://www.sec.gov/Archives/edgar/data/1671933/000167193324000059/ttd-20240331.htm"
  },
  {
    "date": "2023-12-31",
    "symbol": "TTD",
    "reportedCurrency": "USD",
    "cik": "0001671933",
    "fillingDate": "2024-02-15",
    "acceptedDate": "2024-02-15 17:04:49",
    "calendarYear": "2023",
    "period": "Q4",
    "revenue": 605797000,
    "costOfRevenue": 100695000,
    "grossProfit": 505102000,
    "grossProfitRatio": 0.833780953,
    "researchAndDevelopmentExpenses": 102004000,
    "generalAndAdministrativeExpenses": 131867000,
    "sellingAndMarketingExpenses": 126793000,
    "sellingGeneralAndAdministrativeExpenses": 258660000,
    "otherExpenses": 0,
    "operatingExpenses": 360664000,
    "costAndExpenses": 461359000,
    "interestIncome": 18952000,
    "interestExpense": 0,
    "depreciationAndAmortization": 20529000,
    "ebitda": 164967000,
    "ebitdaratio": 0.272313993,
    "operatingIncome": 144438000,
    "operatingIncomeRatio": 0.2384264036,
    "totalOtherIncomeExpensesNet": 16238000,
    "incomeBeforeTax": 160676000,
    "incomeBeforeTaxRatio": 0.2652307621,
    "incomeTaxExpense": 63353000,
    "netIncome": 97323000,
    "netIncomeRatio": 0.1606528259,
    "eps": 0.2,
    "epsdiluted": 0.19,
    "weightedAverageShsOut": 489454000,
    "weightedAverageShsOutDil": 499682000,
    "link": "https://www.sec.gov/Archives/edgar/data/1671933/000167193324000014/0001671933-24-000014-index.htm",
    "finalLink": "https://www.sec.gov/Archives/edgar/data/1671933/000167193324000014/ttd-20231231.htm"
  },
  {
    "date": "2023-09-30",
    "symbol": "TTD",
    "reportedCurrency": "USD",
    "cik": "0001671933",
    "fillingDate": "2023-11-09",
    "acceptedDate": "2023-11-09 17:00:55",
    "calendarYear": "2023",
    "period": "Q3",
    "revenue": 493266000,
    "costOfRevenue": 93382000,
    "grossProfit": 399884000,
    "grossProfitRatio": 0.8106863234,
    "researchAndDevelopmentExpenses": 117772000,
    "generalAndAdministrativeExpenses": 131969000,
    "sellingAndMarketingExpenses": 112466000,
    "sellingGeneralAndAdministrativeExpenses": 244435000,
    "otherExpenses": 0,
    "operatingExpenses": 362207000,
    "costAndExpenses": 455589000,
    "interestIncome": 17626000,
    "interestExpense": 0,
    "depreciationAndAmortization": 20530000,
    "ebitda": 58207000,
    "ebitdaratio": 0.118003268,
    "operatingIncome": 37677000,
    "operatingIncomeRatio": 0.0763827225,
    "totalOtherIncomeExpensesNet": 19323000,
    "incomeBeforeTax": 57000000,
    "incomeBeforeTaxRatio": 0.1155563124,
    "incomeTaxExpense": 17648000,
    "netIncome": 39352000,
    "netIncomeRatio": 0.0797784562,
    "eps": 0.0804,
    "epsdiluted": 0.0784,
    "weightedAverageShsOut": 489447000,
    "weightedAverageShsOutDil": 501880000,
    "link": "https://www.sec.gov/Archives/edgar/data/1671933/000167193323000050/0001671933-23-000050-index.htm",
    "finalLink": "https://www.sec.gov/Archives/edgar/data/1671933/000167193323000050/ttd-20230930.htm"
  },
  {
    "date": "2023-06-30",
    "symbol": "TTD",
    "reportedCurrency": "USD",
    "cik": "0001671933",
    "fillingDate": "2023-08-09",
    "acceptedDate": "2023-08-09 17:00:59",
    "calendarYear": "2023",
    "period": "Q2",
    "revenue": 464254000,
    "costOfRevenue": 81687000,
    "grossProfit": 382567000,
    "grossProfitRatio": 0.8240467503,
    "researchAndDevelopmentExpenses": 98308000,
    "generalAndAdministrativeExpenses": 149897000,
    "sellingAndMarketingExpenses": 92689000,
    "sellingGeneralAndAdministrativeExpenses": 242586000,
    "otherExpenses": 0,
    "operatingExpenses": 340894000,
    "costAndExpenses": 422581000,
    "interestIncome": 17507000,
    "interestExpense": 0,
    "depreciationAndAmortization": 20066000,
    "ebitda": 61739000,
    "ebitdaratio": 0.1329853916,
    "operatingIncome": 41673000,
    "operatingIncomeRatio": 0.0897633623,
    "totalOtherIncomeExpensesNet": 18254000,
    "incomeBeforeTax": 59927000,
    "incomeBeforeTaxRatio": 0.1290823558,
    "incomeTaxExpense": 26988000,
    "netIncome": 32939000,
    "netIncomeRatio": 0.0709503849,
    "eps": 0.0674,
    "epsdiluted": 0.066,
    "weightedAverageShsOut": 488431000,
    "weightedAverageShsOutDil": 499349000,
    "link": "https://www.sec.gov/Archives/edgar/data/1671933/000167193323000042/0001671933-23-000042-index.htm",
    "finalLink": "https://www.sec.gov/Archives/edgar/data/1671933/000167193323000042/ttd-20230630.htm"
  },
  {
    "date": "2023-03-31",
    "symbol": "TTD",
    "reportedCurrency": "USD",
    "cik": "0001671933",
    "fillingDate": "2023-05-10",
    "acceptedDate": "2023-05-10 17:01:42",
    "calendarYear": "2023",
    "period": "Q1",
    "revenue": 382803000,
    "costOfRevenue": 84867000,
    "grossProfit": 297936000,
    "grossProfitRatio": 0.7783011105,
    "researchAndDevelopmentExpenses": 93710000,
    "generalAndAdministrativeExpenses": 130312000,
    "sellingAndMarketingExpenses": 97222000,
    "sellingGeneralAndAdministrativeExpenses": 227534000,
    "otherExpenses": 0,
    "operatingExpenses": 321244000,
    "costAndExpenses": 406111000,
    "interestIncome": 14423000,
    "interestExpense": 0,
    "depreciationAndAmortization": 19293000,
    "ebitda": -4015000,
    "ebitdaratio": -0.0104884235,
    "operatingIncome": -23308000,
    "operatingIncomeRatio": -0.0608877151,
    "totalOtherIncomeExpensesNet": 13700000,
    "incomeBeforeTax": -9608000,
    "incomeBeforeTaxRatio": -0.0250990718,
    "incomeTaxExpense": -18934000,
    "netIncome": 9326000,
    "netIncomeRatio": 0.0243624005,
    "eps": 0.019,
    "epsdiluted": 0.0187,
    "weightedAverageShsOut": 489712000,
    "weightedAverageShsOutDil": 499795000,
    "link": "https://www.sec.gov/Archives/edgar/data/1671933/000167193323000032/0001671933-23-000032-index.htm",
    "finalLink": "https://www.sec.gov/Archives/edgar/data/1671933/000167193323000032/ttd-20230331.htm"
  },
  {
    "date": "2022-12-31",
    "symbol": "TTD",
    "reportedCurrency": "USD",
    "cik": "0001671933",
    "fillingDate": "2023-02-15",
    "acceptedDate": "2023-02-15 16:04:34",
    "calendarYear": "2022",
    "period": "Q4",
    "revenue": 490737000,
    "costOfRevenue": 79619000,
    "grossProfit": 411118000,
    "grossProfitRatio": 0.8377562727,
    "researchAndDevelopmentExpenses": 84479000,
    "generalAndAdministrativeExpenses": 133650000,
    "sellingAndMarketingExpenses": 92829000,
    "sellingGeneralAndAdministrativeExpenses": 226479000,
    "otherExpenses": 0,
    "operatingExpenses": 310958000,
    "costAndExpenses": 390577000,
    "interestIncome": 11434000,
    "interestExpense": 0,
    "depreciationAndAmortization": 16844000,
    "ebitda": 117004000,
    "ebitdaratio": 0.2384250627,
    "operatingIncome": 100160000,
    "operatingIncomeRatio": 0.2041011784,
    "totalOtherIncomeExpensesNet": 11960000,
    "incomeBeforeTax": 112120000,
    "incomeBeforeTaxRatio": 0.228472685,
    "incomeTaxExpense": 40933000,
    "netIncome": 71187000,
    "netIncomeRatio": 0.1450614076,
    "eps": 0.15,
    "epsdiluted": 0.14,
    "weightedAverageShsOut": 489217000,
    "weightedAverageShsOutDil": 500432000,
    "link": "https://www.sec.gov/Archives/edgar/data/1671933/000167193323000007/0001671933-23-000007-index.htm",
    "finalLink": "https://www.sec.gov/Archives/edgar/data/1671933/000167193323000007/ttd-20221231.htm"
  },
  {
    "date": "2022-09-30",
    "symbol": "TTD",
    "reportedCurrency": "USD",
    "cik": "0001671933",
    "fillingDate": "2022-11-09",
    "acceptedDate": "2022-11-09 16:05:58",
    "calendarYear": "2022",
    "period": "Q3",
    "revenue": 394773000,
    "costOfRevenue": 70124000,
    "grossProfit": 324649000,
    "grossProfitRatio": 0.8223688044,
    "researchAndDevelopmentExpenses": 79915000,
    "generalAndAdministrativeExpenses": 130892000,
    "sellingAndMarketingExpenses": 85038000,
    "sellingGeneralAndAdministrativeExpenses": 215930000,
    "otherExpenses": 0,
    "operatingExpenses": 295845000,
    "costAndExpenses": 365969000,
    "interestIncome": 1741000,
    "interestExpense": 0,
    "depreciationAndAmortization": 12957000,
    "ebitda": 41761000,
    "ebitdaratio": 0.1057848434,
    "operatingIncome": 28804000,
    "operatingIncomeRatio": 0.0729634499,
    "totalOtherIncomeExpensesNet": 1698000,
    "incomeBeforeTax": 30502000,
    "incomeBeforeTaxRatio": 0.0772646559,
    "incomeTaxExpense": 14633000,
    "netIncome": 15869000,
    "netIncomeRatio": 0.0401977845,
    "eps": 0.0325,
    "epsdiluted": 0.0317,
    "weightedAverageShsOut": 487963000,
    "weightedAverageShsOutDil": 500300000,
    "link": "https://www.sec.gov/Archives/edgar/data/1671933/000167193322000016/0001671933-22-000016-index.htm",
    "finalLink": "https://www.sec.gov/Archives/edgar/data/1671933/000167193322000016/ttd-20220930.htm"
  },
  {
    "date": "2022-06-30",
    "symbol": "TTD",
    "reportedCurrency": "USD",
    "cik": "0001671933",
    "fillingDate": "2022-08-09",
    "acceptedDate": "2022-08-09 17:03:13",
    "calendarYear": "2022",
    "period": "Q2",
    "revenue": 376962000,
    "costOfRevenue": 67490000,
    "grossProfit": 309472000,
    "grossProfitRatio": 0.8209633862,
    "researchAndDevelopmentExpenses": 83483000,
    "generalAndAdministrativeExpenses": 134826000,
    "sellingAndMarketingExpenses": 89420000,
    "sellingGeneralAndAdministrativeExpenses": 224246000,
    "otherExpenses": 0,
    "operatingExpenses": 307729000,
    "costAndExpenses": 375219000,
    "interestIncome": 656000,
    "interestExpense": 0,
    "depreciationAndAmortization": 12274000,
    "ebitda": 14017000,
    "ebitdaratio": 0.0371841194,
    "operatingIncome": 1743000,
    "operatingIncomeRatio": 0.0046238082,
    "totalOtherIncomeExpensesNet": 339000,
    "incomeBeforeTax": 2082000,
    "incomeBeforeTaxRatio": 0.0055231031,
    "incomeTaxExpense": 21155000,
    "netIncome": -19073000,
    "netIncomeRatio": -0.0505966119,
    "eps": -0.04,
    "epsdiluted": -0.0392,
    "weightedAverageShsOut": 476825000,
    "weightedAverageShsOutDil": 486310000,
    "link": "https://www.sec.gov/Archives/edgar/data/1671933/000162828022021984/0001628280-22-021984-index.htm",
    "finalLink": "https://www.sec.gov/Archives/edgar/data/1671933/000162828022021984/ttd-20220630.htm"
  },
  {
    "date": "2022-03-31",
    "symbol": "TTD",
    "reportedCurrency": "USD",
    "cik": "0001671933",
    "fillingDate": "2022-05-10",
    "acceptedDate": "2022-05-10 17:07:16",
    "calendarYear": "2022",
    "period": "Q1",
    "revenue": 315323000,
    "costOfRevenue": 63890000,
    "grossProfit": 251433000,
    "grossProfitRatio": 0.7973823667,
    "researchAndDevelopmentExpenses": 71999000,
    "generalAndAdministrativeExpenses": 125799000,
    "sellingAndMarketingExpenses": 70688000,
    "sellingGeneralAndAdministrativeExpenses": 196487000,
    "otherExpenses": -281000,
    "operatingExpenses": 268486000,
    "costAndExpenses": 332376000,
    "interestIncome": 0,
    "interestExpense": 1076000,
    "depreciationAndAmortization": 12350000,
    "ebitda": -4703000,
    "ebitdaratio": -0.0149148651,
    "operatingIncome": -17053000,
    "operatingIncomeRatio": -0.0540810534,
    "totalOtherIncomeExpensesNet": -281000,
    "incomeBeforeTax": -17334000,
    "incomeBeforeTaxRatio": -0.0549722031,
    "incomeTaxExpense": -2736000,
    "netIncome": -14598000,
    "netIncomeRatio": -0.046295386,
    "eps": -0.0301,
    "epsdiluted": -0.0301,
    "weightedAverageShsOut": 484190000,
    "weightedAverageShsOutDil": 484190000,
    "link": "https://www.sec.gov/Archives/edgar/data/1671933/000156459022019334/0001564590-22-019334-index.htm",
    "finalLink": "https://www.sec.gov/Archives/edgar/data/1671933/000156459022019334/ttd-10q_20220331.htm"
  },
  {
    "date": "2021-12-31",
    "symbol": "TTD",
    "reportedCurrency": "USD",
    "cik": "0001671933",
    "fillingDate": "2022-02-16",
    "acceptedDate": "2022-02-16 16:15:23",
    "calendarYear": "2021",
    "period": "Q4",
    "revenue": 395598000,
    "costOfRevenue": 66845000,
    "grossProfit": 328753000,
    "grossProfitRatio": 0.8310279627,
    "researchAndDevelopmentExpenses": 62836000,
    "generalAndAdministrativeExpenses": 218777000,
    "sellingAndMarketingExpenses": 72501000,
    "sellingGeneralAndAdministrativeExpenses": 291278000,
    "otherExpenses": -1221000,
    "operatingExpenses": 354114000,
    "costAndExpenses": 420959000,
    "interestIncome": 0,
    "interestExpense": 474000,
    "depreciationAndAmortization": 12250000,
    "ebitda": -13111000,
    "ebitdaratio": -0.0331422302,
    "operatingIncome": -25361000,
    "operatingIncomeRatio": -0.0641080086,
    "totalOtherIncomeExpensesNet": -1221000,
    "incomeBeforeTax": -26582000,
    "incomeBeforeTaxRatio": -0.0671944752,
    "incomeTaxExpense": -34621000,
    "netIncome": 8039000,
    "netIncomeRatio": 0.0203211341,
    "eps": 0.02,
    "epsdiluted": 0.02,
    "weightedAverageShsOut": 480873000,
    "weightedAverageShsOutDil": 500314000,
    "link": "https://www.sec.gov/Archives/edgar/data/1671933/000156459022005385/0001564590-22-005385-index.htm",
    "finalLink": "https://www.sec.gov/Archives/edgar/data/1671933/000156459022005385/ttd-10k_20211231.htm"
  },
  {
    "date": "2021-09-30",
    "symbol": "TTD",
    "reportedCurrency": "USD",
    "cik": "0001671933",
    "fillingDate": "2021-11-08",
    "acceptedDate": "2021-11-08 16:08:03",
    "calendarYear": "2021",
    "period": "Q3",
    "revenue": 301091000,
    "costOfRevenue": 53400000,
    "grossProfit": 247691000,
    "grossProfitRatio": 0.8226449811,
    "researchAndDevelopmentExpenses": 55847000,
    "generalAndAdministrativeExpenses": 52120000,
    "sellingAndMarketingExpenses": 59278000,
    "sellingGeneralAndAdministrativeExpenses": 111398000,
    "otherExpenses": 0,
    "operatingExpenses": 167245000,
    "costAndExpenses": 220645000,
    "interestIncome": 0,
    "interestExpense": 317000,
    "depreciationAndAmortization": 8952000,
    "ebitda": 89398000,
    "ebitdaratio": 0.2969135577,
    "operatingIncome": 80446000,
    "operatingIncomeRatio": 0.2671816826,
    "totalOtherIncomeExpensesNet": -1470000,
    "incomeBeforeTax": 78976000,
    "incomeBeforeTaxRatio": 0.2622994377,
    "incomeTaxExpense": 19592000,
    "netIncome": 59384000,
    "netIncomeRatio": 0.197229409,
    "eps": 0.12,
    "epsdiluted": 0.12,
    "weightedAverageShsOut": 478101000,
    "weightedAverageShsOutDil": 498912000,
    "link": "https://www.sec.gov/Archives/edgar/data/1671933/000156459021055245/0001564590-21-055245-index.htm",
    "finalLink": "https://www.sec.gov/Archives/edgar/data/1671933/000156459021055245/ttd-10q_20210930.htm"
  },
  {
    "date": "2021-06-30",
    "symbol": "TTD",
    "reportedCurrency": "USD",
    "cik": "0001671933",
    "fillingDate": "2021-08-09",
    "acceptedDate": "2021-08-09 16:22:55",
    "calendarYear": "2021",
    "period": "Q2",
    "revenue": 279967000,
    "costOfRevenue": 50809000,
    "grossProfit": 229158000,
    "grossProfitRatio": 0.8185178968,
    "researchAndDevelopmentExpenses": 53536000,
    "generalAndAdministrativeExpenses": 51919000,
    "sellingAndMarketingExpenses": 61755000,
    "sellingGeneralAndAdministrativeExpenses": 113674000,
    "otherExpenses": 0,
    "operatingExpenses": 167210000,
    "costAndExpenses": 218019000,
    "interestIncome": 0,
    "interestExpense": 194000,
    "depreciationAndAmortization": 11006000,
    "ebitda": 72954000,
    "ebitdaratio": 0.2605807113,
    "operatingIncome": 61948000,
    "operatingIncomeRatio": 0.2212689353,
    "totalOtherIncomeExpensesNet": -398000,
    "incomeBeforeTax": 61550000,
    "incomeBeforeTaxRatio": 0.2198473392,
    "incomeTaxExpense": 13853000,
    "netIncome": 47697000,
    "netIncomeRatio": 0.1703665075,
    "eps": 0.1,
    "epsdiluted": 0.1,
    "weightedAverageShsOut": 475512000,
    "weightedAverageShsOutDil": 496987000,
    "link": "https://www.sec.gov/Archives/edgar/data/1671933/000156459021042669/0001564590-21-042669-index.htm",
    "finalLink": "https://www.sec.gov/Archives/edgar/data/1671933/000156459021042669/ttd-10q_20210630.htm"
  },
  {
    "date": "2021-03-31",
    "symbol": "TTD",
    "reportedCurrency": "USD",
    "cik": "0001671933",
    "fillingDate": "2021-05-10",
    "acceptedDate": "2021-05-10 16:17:34",
    "calendarYear": "2021",
    "period": "Q1",
    "revenue": 219811000,
    "costOfRevenue": 50500000,
    "grossProfit": 169311000,
    "grossProfitRatio": 0.7702571755,
    "researchAndDevelopmentExpenses": 53918000,
    "generalAndAdministrativeExpenses": 51845000,
    "sellingAndMarketingExpenses": 55764000,
    "sellingGeneralAndAdministrativeExpenses": 107609000,
    "otherExpenses": 0,
    "operatingExpenses": 161527000,
    "costAndExpenses": 212027000,
    "interestIncome": 0,
    "interestExpense": 45000,
    "depreciationAndAmortization": 10011000,
    "ebitda": 17795000,
    "ebitdaratio": 0.0809559121,
    "operatingIncome": 7784000,
    "operatingIncomeRatio": 0.0354122405,
    "totalOtherIncomeExpensesNet": 308000,
    "incomeBeforeTax": 8092000,
    "incomeBeforeTaxRatio": 0.0368134443,
    "incomeTaxExpense": -14550000,
    "netIncome": 22642000,
    "netIncomeRatio": 0.1030066739,
    "eps": 0.05,
    "epsdiluted": 0.05,
    "weightedAverageShsOut": 472816000,
    "weightedAverageShsOutDil": 497916000,
    "link": "https://www.sec.gov/Archives/edgar/data/1671933/000156459021026067/0001564590-21-026067-index.htm",
    "finalLink": "https://www.sec.gov/Archives/edgar/data/1671933/000156459021026067/ttd-10q_20210331.htm"
  },
  {
    "date": "2020-12-31",
    "symbol": "TTD",
    "reportedCurrency": "USD",
    "cik": "0001671933",
    "fillingDate": "2021-02-19",
    "acceptedDate": "2021-02-18 18:11:38",
    "calendarYear": "2020",
    "period": "Q4",
    "revenue": 319905000,
    "costOfRevenue": 51645000,
    "grossProfit": 268260000,
    "grossProfitRatio": 0.8385614479,
    "researchAndDevelopmentExpenses": 48723000,
    "generalAndAdministrativeExpenses": 54365000,
    "sellingAndMarketingExpenses": 58740000,
    "sellingGeneralAndAdministrativeExpenses": 113105000,
    "otherExpenses": 529000,
    "operatingExpenses": 161828000,
    "costAndExpenses": 213473000,
    "interestIncome": 0,
    "interestExpense": 84000,
    "depreciationAndAmortization": 7855000,
    "ebitda": 114287000,
    "ebitdaratio": 0.3572529345,
    "operatingIncome": 106432000,
    "operatingIncomeRatio": 0.3326987699,
    "totalOtherIncomeExpensesNet": 529000,
    "incomeBeforeTax": 106961000,
    "incomeBeforeTaxRatio": 0.3343523859,
    "incomeTaxExpense": -44941000,
    "netIncome": 151902000,
    "netIncomeRatio": 0.4748347166,
    "eps": 0.32,
    "epsdiluted": 0.31,
    "weightedAverageShsOut": 469170000,
    "weightedAverageShsOutDil": 497540000,
    "link": "https://www.sec.gov/Archives/edgar/data/1671933/000156459021006726/0001564590-21-006726-index.htm",
    "finalLink": "https://www.sec.gov/Archives/edgar/data/1671933/000156459021006726/ttd-10k_20201231.htm"
  },
  {
    "date": "2020-09-30",
    "symbol": "TTD",
    "reportedCurrency": "USD",
    "cik": "0001671933",
    "fillingDate": "2020-11-06",
    "acceptedDate": "2020-11-05 18:20:08",
    "calendarYear": "2020",
    "period": "Q3",
    "revenue": 216113000,
    "costOfRevenue": 44826000,
    "grossProfit": 171287000,
    "grossProfitRatio": 0.7925807332,
    "researchAndDevelopmentExpenses": 41079000,
    "generalAndAdministrativeExpenses": 42789000,
    "sellingAndMarketingExpenses": 44637000,
    "sellingGeneralAndAdministrativeExpenses": 87426000,
    "otherExpenses": -223000,
    "operatingExpenses": 128505000,
    "costAndExpenses": 173331000,
    "interestIncome": 0,
    "interestExpense": 235000,
    "depreciationAndAmortization": 7517000,
    "ebitda": 50299000,
    "ebitdaratio": 0.2327439812,
    "operatingIncome": 42782000,
    "operatingIncomeRatio": 0.1979612518,
    "totalOtherIncomeExpensesNet": -223000,
    "incomeBeforeTax": 42559000,
    "incomeBeforeTaxRatio": 0.1969293842,
    "incomeTaxExpense": 1312000,
    "netIncome": 41247000,
    "netIncomeRatio": 0.1908584861,
    "eps": 0.09,
    "epsdiluted": 0.08,
    "weightedAverageShsOut": 465819000,
    "weightedAverageShsOutDil": 492207000,
    "link": "https://www.sec.gov/Archives/edgar/data/1671933/000156459020051533/0001564590-20-051533-index.htm",
    "finalLink": "https://www.sec.gov/Archives/edgar/data/1671933/000156459020051533/ttd-10q_20200930.htm"
  },
  {
    "date": "2020-06-30",
    "symbol": "TTD",
    "reportedCurrency": "USD",
    "cik": "0001671933",
    "fillingDate": "2020-08-07",
    "acceptedDate": "2020-08-06 18:25:23",
    "calendarYear": "2020",
    "period": "Q2",
    "revenue": 139355000,
    "costOfRevenue": 42133000,
    "grossProfit": 97222000,
    "grossProfitRatio": 0.6976570629,
    "researchAndDevelopmentExpenses": 40058000,
    "generalAndAdministrativeExpenses": 35865000,
    "sellingAndMarketingExpenses": 37071000,
    "sellingGeneralAndAdministrativeExpenses": 72936000,
    "otherExpenses": -194000,
    "operatingExpenses": 112994000,
    "costAndExpenses": 155127000,
    "interestIncome": 158000,
    "interestExpense": 0,
    "depreciationAndAmortization": 6783000,
    "ebitda": -8989000,
    "ebitdaratio": -0.0645043235,
    "operatingIncome": -15772000,
    "operatingIncomeRatio": -0.1131785727,
    "totalOtherIncomeExpensesNet": -194000,
    "incomeBeforeTax": -15966000,
    "incomeBeforeTaxRatio": -0.1145707007,
    "incomeTaxExpense": -41077000,
    "netIncome": 25111000,
    "netIncomeRatio": 0.1801944674,
    "eps": 0.05,
    "epsdiluted": 0.05,
    "weightedAverageShsOut": 461356000,
    "weightedAverageShsOutDil": 486537000,
    "link": "https://www.sec.gov/Archives/edgar/data/1671933/000156459020037939/0001564590-20-037939-index.htm",
    "finalLink": "https://www.sec.gov/Archives/edgar/data/1671933/000156459020037939/ttd-10q_20200630.htm"
  },
  {
    "date": "2020-03-31",
    "symbol": "TTD",
    "reportedCurrency": "USD",
    "cik": "0001671933",
    "fillingDate": "2020-05-08",
    "acceptedDate": "2020-05-07 18:14:29",
    "calendarYear": "2020",
    "period": "Q1",
    "revenue": 160660000,
    "costOfRevenue": 40208000,
    "grossProfit": 120452000,
    "grossProfitRatio": 0.749732354,
    "researchAndDevelopmentExpenses": 36794000,
    "generalAndAdministrativeExpenses": 38598000,
    "sellingAndMarketingExpenses": 34294000,
    "sellingGeneralAndAdministrativeExpenses": 72892000,
    "otherExpenses": -417000,
    "operatingExpenses": 109686000,
    "costAndExpenses": 149894000,
    "interestIncome": 817000,
    "interestExpense": 0,
    "depreciationAndAmortization": 6477000,
    "ebitda": 17243000,
    "ebitdaratio": 0.1073260301,
    "operatingIncome": 10766000,
    "operatingIncomeRatio": 0.0670110793,
    "totalOtherIncomeExpensesNet": -417000,
    "incomeBeforeTax": 10349000,
    "incomeBeforeTaxRatio": 0.0644155359,
    "incomeTaxExpense": -13708000,
    "netIncome": 24057000,
    "netIncomeRatio": 0.1497385784,
    "eps": 0.053,
    "epsdiluted": 0.05,
    "weightedAverageShsOut": 455010000,
    "weightedAverageShsOutDil": 483130000,
    "link": "https://www.sec.gov/Archives/edgar/data/1671933/000156459020023075/0001564590-20-023075-index.htm",
    "finalLink": "https://www.sec.gov/Archives/edgar/data/1671933/000156459020023075/ttd-10q_20200331.htm"
  },
  {
    "date": "2019-12-31",
    "symbol": "TTD",
    "reportedCurrency": "USD",
    "cik": "0001671933",
    "fillingDate": "2020-02-28",
    "acceptedDate": "2020-02-27 18:20:59",
    "calendarYear": "2019",
    "period": "Q4",
    "revenue": 215944000,
    "costOfRevenue": 47267000,
    "grossProfit": 168677000,
    "grossProfitRatio": 0.7811145482,
    "researchAndDevelopmentExpenses": 32803000,
    "generalAndAdministrativeExpenses": 40293000,
    "sellingAndMarketingExpenses": 42931000,
    "sellingGeneralAndAdministrativeExpenses": 83224000,
    "otherExpenses": 0,
    "operatingExpenses": 116027000,
    "costAndExpenses": 163294000,
    "interestIncome": 956000,
    "interestExpense": 0,
    "depreciationAndAmortization": 6416000,
    "ebitda": 59066000,
    "ebitdaratio": 0.2735246175,
    "operatingIncome": 52650000,
    "operatingIncomeRatio": 0.2438132108,
    "totalOtherIncomeExpensesNet": 1045000,
    "incomeBeforeTax": 53695000,
    "incomeBeforeTaxRatio": 0.2486524284,
    "incomeTaxExpense": 2750000,
    "netIncome": 50945000,
    "netIncomeRatio": 0.2359176453,
    "eps": 0.11,
    "epsdiluted": 0.11,
    "weightedAverageShsOut": 450360000,
    "weightedAverageShsOutDil": 480340000,
    "link": "https://www.sec.gov/Archives/edgar/data/1671933/000156459020007498/0001564590-20-007498-index.htm",
    "finalLink": "https://www.sec.gov/Archives/edgar/data/1671933/000156459020007498/ttd-10k_20191231.htm"
  },
  {
    "date": "2019-09-30",
    "symbol": "TTD",
    "reportedCurrency": "USD",
    "cik": "0001671933",
    "fillingDate": "2019-11-08",
    "acceptedDate": "2019-11-07 17:49:30",
    "calendarYear": "2019",
    "period": "Q3",
    "revenue": 164203000,
    "costOfRevenue": 39932000,
    "grossProfit": 124271000,
    "grossProfitRatio": 0.7568132129,
    "researchAndDevelopmentExpenses": 29185000,
    "generalAndAdministrativeExpenses": 37017000,
    "sellingAndMarketingExpenses": 36142000,
    "sellingGeneralAndAdministrativeExpenses": 73159000,
    "otherExpenses": 0,
    "operatingExpenses": 102344000,
    "costAndExpenses": 142276000,
    "interestIncome": -1480000,
    "interestExpense": 0,
    "depreciationAndAmortization": 5969000,
    "ebitda": 27896000,
    "ebitdaratio": 0.1698872737,
    "operatingIncome": 21927000,
    "operatingIncomeRatio": 0.1335359281,
    "totalOtherIncomeExpensesNet": 1892000,
    "incomeBeforeTax": 23819000,
    "incomeBeforeTaxRatio": 0.1450582511,
    "incomeTaxExpense": 4397000,
    "netIncome": 19422000,
    "netIncomeRatio": 0.1182804212,
    "eps": 0.043,
    "epsdiluted": 0.04,
    "weightedAverageShsOut": 447710000,
    "weightedAverageShsOutDil": 480370000,
    "link": "https://www.sec.gov/Archives/edgar/data/1671933/000156459019041899/0001564590-19-041899-index.htm",
    "finalLink": "https://www.sec.gov/Archives/edgar/data/1671933/000156459019041899/ttd-10q_20190930.htm"
  },
  {
    "date": "2019-06-30",
    "symbol": "TTD",
    "reportedCurrency": "USD",
    "cik": "0001671933",
    "fillingDate": "2019-08-09",
    "acceptedDate": "2019-08-08 18:50:47",
    "calendarYear": "2019",
    "period": "Q2",
    "revenue": 159924000,
    "costOfRevenue": 35330000,
    "grossProfit": 124594000,
    "grossProfitRatio": 0.7790825642,
    "researchAndDevelopmentExpenses": 29452000,
    "generalAndAdministrativeExpenses": 32121000,
    "sellingAndMarketingExpenses": 31072000,
    "sellingGeneralAndAdministrativeExpenses": 63193000,
    "otherExpenses": 0,
    "operatingExpenses": 92645000,
    "costAndExpenses": 127975000,
    "interestIncome": 1286000,
    "interestExpense": 0,
    "depreciationAndAmortization": 4821000,
    "ebitda": 36770000,
    "ebitdaratio": 0.2299217128,
    "operatingIncome": 31949000,
    "operatingIncomeRatio": 0.1997761437,
    "totalOtherIncomeExpensesNet": 1420000,
    "incomeBeforeTax": 33369000,
    "incomeBeforeTaxRatio": 0.2086553613,
    "incomeTaxExpense": 5569000,
    "netIncome": 27800000,
    "netIncomeRatio": 0.1738325705,
    "eps": 0.063,
    "epsdiluted": 0.058,
    "weightedAverageShsOut": 444040000,
    "weightedAverageShsOutDil": 478280000,
    "link": "https://www.sec.gov/Archives/edgar/data/1671933/000156459019030952/0001564590-19-030952-index.htm",
    "finalLink": "https://www.sec.gov/Archives/edgar/data/1671933/000156459019030952/ttd-10q_20190630.htm"
  },
  {
    "date": "2019-03-31",
    "symbol": "TTD",
    "reportedCurrency": "USD",
    "cik": "0001671933",
    "fillingDate": "2019-05-09",
    "acceptedDate": "2019-05-09 16:06:23",
    "calendarYear": "2019",
    "period": "Q1",
    "revenue": 120987000,
    "costOfRevenue": 33651000,
    "grossProfit": 87336000,
    "grossProfitRatio": 0.7218626795,
    "researchAndDevelopmentExpenses": 25312000,
    "generalAndAdministrativeExpenses": 33617000,
    "sellingAndMarketingExpenses": 22737000,
    "sellingGeneralAndAdministrativeExpenses": 56354000,
    "otherExpenses": 0,
    "operatingExpenses": 81666000,
    "costAndExpenses": 115317000,
    "interestIncome": 0,
    "interestExpense": 0,
    "depreciationAndAmortization": 4456000,
    "ebitda": 8796000,
    "ebitdaratio": 0.0727020258,
    "operatingIncome": 5670000,
    "operatingIncomeRatio": 0.0468645392,
    "totalOtherIncomeExpensesNet": -333000,
    "incomeBeforeTax": 5337000,
    "incomeBeforeTaxRatio": 0.0441121773,
    "incomeTaxExpense": -4814000,
    "netIncome": 10151000,
    "netIncomeRatio": 0.0839015762,
    "eps": 0.023,
    "epsdiluted": 0.021,
    "weightedAverageShsOut": 439060000,
    "weightedAverageShsOutDil": 473140000,
    "link": "https://www.sec.gov/Archives/edgar/data/1671933/000156459019017961/0001564590-19-017961-index.htm",
    "finalLink": "https://www.sec.gov/Archives/edgar/data/1671933/000156459019017961/ttd-10q_20190331.htm"
  },
  {
    "date": "2018-12-31",
    "symbol": "TTD",
    "reportedCurrency": "USD",
    "cik": "0001671933",
    "fillingDate": "2019-02-22",
    "acceptedDate": "2019-02-22 16:48:05",
    "calendarYear": "2018",
    "period": "Q4",
    "revenue": 160468000,
    "costOfRevenue": 35256000,
    "grossProfit": 125212000,
    "grossProfitRatio": 0.780292644,
    "researchAndDevelopmentExpenses": 24086000,
    "generalAndAdministrativeExpenses": 25094000,
    "sellingAndMarketingExpenses": 27064000,
    "sellingGeneralAndAdministrativeExpenses": 52158000,
    "otherExpenses": 0,
    "operatingExpenses": 76244000,
    "costAndExpenses": 111500000,
    "interestIncome": 0,
    "interestExpense": 0,
    "depreciationAndAmortization": 3715000,
    "ebitda": 52647000,
    "ebitdaratio": 0.328084104,
    "operatingIncome": 48968000,
    "operatingIncomeRatio": 0.3051574146,
    "totalOtherIncomeExpensesNet": 336000,
    "incomeBeforeTax": 49304000,
    "incomeBeforeTaxRatio": 0.30725129,
    "incomeTaxExpense": 9869000,
    "netIncome": 39435000,
    "netIncomeRatio": 0.2457499315,
    "eps": 0.091,
    "epsdiluted": 0.084,
    "weightedAverageShsOut": 432230000,
    "weightedAverageShsOutDil": 467770000,
    "link": "https://www.sec.gov/Archives/edgar/data/1671933/000156459019003906/0001564590-19-003906-index.htm",
    "finalLink": "https://www.sec.gov/Archives/edgar/data/1671933/000156459019003906/ttd-10k_20181231.htm"
  },
  {
    "date": "2018-09-30",
    "symbol": "TTD",
    "reportedCurrency": "USD",
    "cik": "0001671933",
    "fillingDate": "2018-11-09",
    "acceptedDate": "2018-11-08 17:43:47",
    "calendarYear": "2018",
    "period": "Q3",
    "revenue": 118825000,
    "costOfRevenue": 29344000,
    "grossProfit": 89481000,
    "grossProfitRatio": 0.7530486009,
    "researchAndDevelopmentExpenses": 22621000,
    "generalAndAdministrativeExpenses": 21310000,
    "sellingAndMarketingExpenses": 23287000,
    "sellingGeneralAndAdministrativeExpenses": 44597000,
    "otherExpenses": 0,
    "operatingExpenses": 67218000,
    "costAndExpenses": 96562000,
    "interestIncome": 0,
    "interestExpense": 0,
    "depreciationAndAmortization": 3277000,
    "ebitda": 25540000,
    "ebitdaratio": 0.2149379339,
    "operatingIncome": 22263000,
    "operatingIncomeRatio": 0.1873595624,
    "totalOtherIncomeExpensesNet": -158000,
    "incomeBeforeTax": 22105000,
    "incomeBeforeTaxRatio": 0.1860298759,
    "incomeTaxExpense": 1813000,
    "netIncome": 20292000,
    "netIncomeRatio": 0.1707721439,
    "eps": 0.047,
    "epsdiluted": 0.044,
    "weightedAverageShsOut": 427210000,
    "weightedAverageShsOutDil": 465760000,
    "link": "https://www.sec.gov/Archives/edgar/data/1671933/000156459018028667/0001564590-18-028667-index.htm",
    "finalLink": "https://www.sec.gov/Archives/edgar/data/1671933/000156459018028667/ttd-10q_20180930.htm"
  },
  {
    "date": "2018-06-30",
    "symbol": "TTD",
    "reportedCurrency": "USD",
    "cik": "0001671933",
    "fillingDate": "2018-08-09",
    "acceptedDate": "2018-08-09 16:46:31",
    "calendarYear": "2018",
    "period": "Q2",
    "revenue": 112333000,
    "costOfRevenue": 26601000,
    "grossProfit": 85732000,
    "grossProfitRatio": 0.763195143,
    "researchAndDevelopmentExpenses": 19484000,
    "generalAndAdministrativeExpenses": 19396000,
    "sellingAndMarketingExpenses": 20690000,
    "sellingGeneralAndAdministrativeExpenses": 40086000,
    "otherExpenses": 0,
    "operatingExpenses": 59570000,
    "costAndExpenses": 86171000,
    "interestIncome": 0,
    "interestExpense": 0,
    "depreciationAndAmortization": 2579000,
    "ebitda": 28741000,
    "ebitdaratio": 0.2558553586,
    "operatingIncome": 26162000,
    "operatingIncomeRatio": 0.2328968335,
    "totalOtherIncomeExpensesNet": -1064000,
    "incomeBeforeTax": 25098000,
    "incomeBeforeTaxRatio": 0.2234249953,
    "incomeTaxExpense": 5755000,
    "netIncome": 19343000,
    "netIncomeRatio": 0.1721933893,
    "eps": 0.046,
    "epsdiluted": 0.043,
    "weightedAverageShsOut": 421740000,
    "weightedAverageShsOutDil": 452420000,
    "link": "https://www.sec.gov/Archives/edgar/data/1671933/000156459018021105/0001564590-18-021105-index.htm",
    "finalLink": "https://www.sec.gov/Archives/edgar/data/1671933/000156459018021105/ttd-10q_20180630.htm"
  },
  {
    "date": "2018-03-31",
    "symbol": "TTD",
    "reportedCurrency": "USD",
    "cik": "0001671933",
    "fillingDate": "2018-05-10",
    "acceptedDate": "2018-05-10 16:47:51",
    "calendarYear": "2018",
    "period": "Q1",
    "revenue": 85668000,
    "costOfRevenue": 22897000,
    "grossProfit": 62771000,
    "grossProfitRatio": 0.7327240043,
    "researchAndDevelopmentExpenses": 17701000,
    "generalAndAdministrativeExpenses": 19110000,
    "sellingAndMarketingExpenses": 16030000,
    "sellingGeneralAndAdministrativeExpenses": 35140000,
    "otherExpenses": 0,
    "operatingExpenses": 52841000,
    "costAndExpenses": 75738000,
    "interestIncome": 0,
    "interestExpense": 156000,
    "depreciationAndAmortization": 2251000,
    "ebitda": 12181000,
    "ebitdaratio": 0.1421884484,
    "operatingIncome": 9930000,
    "operatingIncomeRatio": 0.1159125928,
    "totalOtherIncomeExpensesNet": -700000,
    "incomeBeforeTax": 9230000,
    "incomeBeforeTaxRatio": 0.1077415138,
    "incomeTaxExpense": 160000,
    "netIncome": 9070000,
    "netIncomeRatio": 0.1058738385,
    "eps": 0.022,
    "epsdiluted": 0.02,
    "weightedAverageShsOut": 416290000,
    "weightedAverageShsOutDil": 445430000,
    "link": "https://www.sec.gov/Archives/edgar/data/1671933/000156459018013017/0001564590-18-013017-index.htm",
    "finalLink": "https://www.sec.gov/Archives/edgar/data/1671933/000156459018013017/ttd-10q_20180331.htm"
  },
  {
    "date": "2017-12-31",
    "symbol": "TTD",
    "reportedCurrency": "USD",
    "cik": "0001671933",
    "fillingDate": "2018-02-28",
    "acceptedDate": "2018-02-27 19:47:58",
    "calendarYear": "2017",
    "period": "Q4",
    "revenue": 102648000,
    "costOfRevenue": 21133000,
    "grossProfit": 81515000,
    "grossProfitRatio": 0.7941216585,
    "researchAndDevelopmentExpenses": 17029000,
    "generalAndAdministrativeExpenses": 16631000,
    "sellingAndMarketingExpenses": 18537000,
    "sellingGeneralAndAdministrativeExpenses": 35168000,
    "otherExpenses": 0,
    "operatingExpenses": 52197000,
    "costAndExpenses": 73330000,
    "interestIncome": 0,
    "interestExpense": 501000,
    "depreciationAndAmortization": 2052000,
    "ebitda": 30589000,
    "ebitdaratio": 0.2979989868,
    "operatingIncome": 29318000,
    "operatingIncomeRatio": 0.2856168654,
    "totalOtherIncomeExpensesNet": -1282000,
    "incomeBeforeTax": 28036000,
    "incomeBeforeTaxRatio": 0.2731275816,
    "incomeTaxExpense": 11225000,
    "netIncome": 16811000,
    "netIncomeRatio": 0.1637732835,
    "eps": 0.041,
    "epsdiluted": 0.038,
    "weightedAverageShsOut": 411080000,
    "weightedAverageShsOutDil": 444640000,
    "link": "https://www.sec.gov/Archives/edgar/data/1671933/000156459018003611/0001564590-18-003611-index.htm",
    "finalLink": "https://www.sec.gov/Archives/edgar/data/1671933/000156459018003611/ttd-10k_20171231.htm"
  },
  {
    "date": "2017-09-30",
    "symbol": "TTD",
    "reportedCurrency": "USD",
    "cik": "0001671933",
    "fillingDate": "2017-11-13",
    "acceptedDate": "2017-11-09 18:56:59",
    "calendarYear": "2017",
    "period": "Q3",
    "revenue": 79413000,
    "costOfRevenue": 17397000,
    "grossProfit": 62016000,
    "grossProfitRatio": 0.7809300744,
    "researchAndDevelopmentExpenses": 13181000,
    "generalAndAdministrativeExpenses": 14227000,
    "sellingAndMarketingExpenses": 16200000,
    "sellingGeneralAndAdministrativeExpenses": 30427000,
    "otherExpenses": 0,
    "operatingExpenses": 43608000,
    "costAndExpenses": 61005000,
    "interestIncome": 0,
    "interestExpense": 513000,
    "depreciationAndAmortization": 1968000,
    "ebitda": 20376000,
    "ebitdaratio": 0.2565826754,
    "operatingIncome": 18408000,
    "operatingIncomeRatio": 0.2318008387,
    "totalOtherIncomeExpensesNet": -2354000,
    "incomeBeforeTax": 16054000,
    "incomeBeforeTaxRatio": 0.2021583368,
    "incomeTaxExpense": 5825000,
    "netIncome": 10229000,
    "netIncomeRatio": 0.128807626,
    "eps": 0.025,
    "epsdiluted": 0.023,
    "weightedAverageShsOut": 407000000,
    "weightedAverageShsOutDil": 442450000,
    "link": "https://www.sec.gov/Archives/edgar/data/1671933/000156459017023372/0001564590-17-023372-index.htm",
    "finalLink": "https://www.sec.gov/Archives/edgar/data/1671933/000156459017023372/ttd-10q_20170930.htm"
  },
  {
    "date": "2017-06-30",
    "symbol": "TTD",
    "reportedCurrency": "USD",
    "cik": "0001671933",
    "fillingDate": "2017-08-11",
    "acceptedDate": "2017-08-10 18:21:57",
    "calendarYear": "2017",
    "period": "Q2",
    "revenue": 72804000,
    "costOfRevenue": 15151000,
    "grossProfit": 57653000,
    "grossProfitRatio": 0.7918933026,
    "researchAndDevelopmentExpenses": 12135000,
    "generalAndAdministrativeExpenses": 11658000,
    "sellingAndMarketingExpenses": 14166000,
    "sellingGeneralAndAdministrativeExpenses": 25824000,
    "otherExpenses": 0,
    "operatingExpenses": 37959000,
    "costAndExpenses": 53110000,
    "interestIncome": 0,
    "interestExpense": 413000,
    "depreciationAndAmortization": 1696000,
    "ebitda": 21390000,
    "ebitdaratio": 0.2938025383,
    "operatingIncome": 19694000,
    "operatingIncomeRatio": 0.270507115,
    "totalOtherIncomeExpensesNet": -1303000,
    "incomeBeforeTax": 18391000,
    "incomeBeforeTaxRatio": 0.2526097467,
    "incomeTaxExpense": -458000,
    "netIncome": 18849000,
    "netIncomeRatio": 0.2589006099,
    "eps": 0.047,
    "epsdiluted": 0.043,
    "weightedAverageShsOut": 400460000,
    "weightedAverageShsOutDil": 439440000,
    "link": "https://www.sec.gov/Archives/edgar/data/1671933/000119312517254735/0001193125-17-254735-index.htm",
    "finalLink": "https://www.sec.gov/Archives/edgar/data/1671933/000119312517254735/d419465d10q.htm"
  },
  {
    "date": "2017-03-31",
    "symbol": "TTD",
    "reportedCurrency": "USD",
    "cik": "0001671933",
    "fillingDate": "2017-05-11",
    "acceptedDate": "2017-05-11 17:11:56",
    "calendarYear": "2017",
    "period": "Q1",
    "revenue": 53352000,
    "costOfRevenue": 12549000,
    "grossProfit": 40803000,
    "grossProfitRatio": 0.764788574,
    "researchAndDevelopmentExpenses": 10461000,
    "generalAndAdministrativeExpenses": 15930000,
    "sellingAndMarketingExpenses": 12476000,
    "sellingGeneralAndAdministrativeExpenses": 28406000,
    "otherExpenses": 0,
    "operatingExpenses": 38867000,
    "costAndExpenses": 51416000,
    "interestIncome": 0,
    "interestExpense": 364000,
    "depreciationAndAmortization": 1493000,
    "ebitda": 3001000,
    "ebitdaratio": 0.0562490628,
    "operatingIncome": 1936000,
    "operatingIncomeRatio": 0.0362872994,
    "totalOtherIncomeExpensesNet": -792000,
    "incomeBeforeTax": 1144000,
    "incomeBeforeTaxRatio": 0.0214424951,
    "incomeTaxExpense": -3765000,
    "netIncome": 4909000,
    "netIncomeRatio": 0.092011546,
    "eps": 0.013,
    "epsdiluted": 0.011,
    "weightedAverageShsOut": 391670000,
    "weightedAverageShsOutDil": 435570000,
    "link": "https://www.sec.gov/Archives/edgar/data/1671933/000119312517167445/0001193125-17-167445-index.htm",
    "finalLink": "https://www.sec.gov/Archives/edgar/data/1671933/000119312517167445/d274174d10q.htm"
  },
  {
    "date": "2016-12-31",
    "symbol": "TTD",
    "reportedCurrency": "USD",
    "cik": "0001671933",
    "fillingDate": "2017-02-16",
    "acceptedDate": "2017-02-16 16:33:10",
    "calendarYear": "2016",
    "period": "Q4",
    "revenue": 72410000,
    "costOfRevenue": 13259000,
    "grossProfit": 59151000,
    "grossProfitRatio": 0.8168899323,
    "researchAndDevelopmentExpenses": 9619000,
    "generalAndAdministrativeExpenses": 10721000,
    "sellingAndMarketingExpenses": 14774000,
    "sellingGeneralAndAdministrativeExpenses": 25495000,
    "otherExpenses": 0,
    "operatingExpenses": 35114000,
    "costAndExpenses": 48373000,
    "interestIncome": 0,
    "interestExpense": 411000,
    "depreciationAndAmortization": 1186000,
    "ebitda": 24561000,
    "ebitdaratio": 0.3391934816,
    "operatingIncome": 24037000,
    "operatingIncomeRatio": 0.331956912,
    "totalOtherIncomeExpensesNet": -1073000,
    "incomeBeforeTax": 22964000,
    "incomeBeforeTaxRatio": 0.3171385168,
    "incomeTaxExpense": 12684000,
    "netIncome": 10280000,
    "netIncomeRatio": 0.1419693413,
    "eps": 0.027,
    "epsdiluted": 0.024,
    "weightedAverageShsOut": 385880000,
    "weightedAverageShsOutDil": 430230000,
    "link": "https://www.sec.gov/Archives/edgar/data/1671933/000119312517046742/0001193125-17-046742-index.htm",
    "finalLink": "https://www.sec.gov/Archives/edgar/data/1671933/000119312517046742/d306969d10k.htm"
  },
  {
    "date": "2016-09-30",
    "symbol": "TTD",
    "reportedCurrency": "USD",
    "cik": "0001671933",
    "fillingDate": "2016-11-10",
    "acceptedDate": "2016-11-10 16:33:37",
    "calendarYear": "2016",
    "period": "Q3",
    "revenue": 52956000,
    "costOfRevenue": 10422000,
    "grossProfit": 42534000,
    "grossProfitRatio": 0.8031951054,
    "researchAndDevelopmentExpenses": 7292000,
    "generalAndAdministrativeExpenses": 8591000,
    "sellingAndMarketingExpenses": 11600000,
    "sellingGeneralAndAdministrativeExpenses": 20191000,
    "otherExpenses": 0,
    "operatingExpenses": 27483000,
    "costAndExpenses": 37905000,
    "interestIncome": 0,
    "interestExpense": 1347000,
    "depreciationAndAmortization": 959000,
    "ebitda": 11270000,
    "ebitdaratio": 0.2128181887,
    "operatingIncome": 15051000,
    "operatingIncomeRatio": 0.2842170859,
    "totalOtherIncomeExpensesNet": -6087000,
    "incomeBeforeTax": 8964000,
    "incomeBeforeTaxRatio": 0.1692726037,
    "incomeTaxExpense": 5320000,
    "netIncome": 3644000,
    "netIncomeRatio": 0.0688118438,
    "eps": 0.0095,
    "epsdiluted": 0.009,
    "weightedAverageShsOut": 384086380,
    "weightedAverageShsOutDil": 406261380,
    "link": "https://www.sec.gov/Archives/edgar/data/1671933/000110465916156257/0001104659-16-156257-index.htm",
    "finalLink": "https://www.sec.gov/Archives/edgar/data/1671933/000110465916156257/a16-19758_110q.htm"
  },
  {
    "date": "2016-06-30",
    "symbol": "TTD",
    "reportedCurrency": "USD",
    "cik": "0001671933",
    "fillingDate": "2016-06-30",
    "acceptedDate": "2016-06-29 20:00:00",
    "calendarYear": "2016",
    "period": "Q2",
    "revenue": 47182000,
    "costOfRevenue": 8682000,
    "grossProfit": 38500000,
    "grossProfitRatio": 0.8159891484,
    "researchAndDevelopmentExpenses": 5763000,
    "generalAndAdministrativeExpenses": 6452000,
    "sellingAndMarketingExpenses": 11251000,
    "sellingGeneralAndAdministrativeExpenses": 17703000,
    "otherExpenses": 0,
    "operatingExpenses": 23466000,
    "costAndExpenses": 32148000,
    "interestIncome": 0,
    "interestExpense": 482000,
    "depreciationAndAmortization": 834000,
    "ebitda": 15090000,
    "ebitdaratio": 0.3198253571,
    "operatingIncome": 15034000,
    "operatingIncomeRatio": 0.3186384638,
    "totalOtherIncomeExpensesNet": -1260000,
    "incomeBeforeTax": 13774000,
    "incomeBeforeTaxRatio": 0.2919333644,
    "incomeTaxExpense": 6176000,
    "netIncome": 7598000,
    "netIncomeRatio": 0.1610359883,
    "eps": 0.0063,
    "epsdiluted": 0.0063,
    "weightedAverageShsOut": 382292760,
    "weightedAverageShsOutDil": 382292760,
    "link": "",
    "finalLink": ""
  },
  {
    "date": "2016-03-31",
    "symbol": "TTD",
    "reportedCurrency": "USD",
    "cik": "0001671933",
    "fillingDate": "2016-03-31",
    "acceptedDate": "2016-03-31 00:00:00",
    "calendarYear": "2016",
    "period": "Q1",
    "revenue": 30378000,
    "costOfRevenue": 7513000,
    "grossProfit": 22865000,
    "grossProfitRatio": 0.7526828626,
    "researchAndDevelopmentExpenses": 4639000,
    "generalAndAdministrativeExpenses": 6399000,
    "sellingAndMarketingExpenses": 8431000,
    "sellingGeneralAndAdministrativeExpenses": 14830000,
    "otherExpenses": 0,
    "operatingExpenses": 19469000,
    "costAndExpenses": 26982000,
    "interestIncome": 0,
    "interestExpense": 835000,
    "depreciationAndAmortization": 819000,
    "ebitda": -214000,
    "ebitdaratio": -0.0070445717,
    "operatingIncome": 3396000,
    "operatingIncomeRatio": 0.111791428,
    "totalOtherIncomeExpensesNet": -5264000,
    "incomeBeforeTax": -1868000,
    "incomeBeforeTaxRatio": -0.0614918691,
    "incomeTaxExpense": -828000,
    "netIncome": -1040000,
    "netIncomeRatio": -0.0342353019,
    "eps": -0.0022,
    "epsdiluted": -0.0021,
    "weightedAverageShsOut": 472816000,
    "weightedAverageShsOutDil": 497916000,
    "link": "",
    "finalLink": ""
  },
  {
    "date": "2015-12-31",
    "symbol": "TTD",
    "reportedCurrency": "USD",
    "cik": "0001671933",
    "fillingDate": "2015-12-31",
    "acceptedDate": "2015-12-30 19:00:00",
    "calendarYear": "2015",
    "period": "Q4",
    "revenue": 42658000,
    "costOfRevenue": 7357000,
    "grossProfit": 35301000,
    "grossProfitRatio": 0.8275352806,
    "researchAndDevelopmentExpenses": 4312000,
    "generalAndAdministrativeExpenses": 4740000,
    "sellingAndMarketingExpenses": 8264000,
    "sellingGeneralAndAdministrativeExpenses": 13004000,
    "otherExpenses": 0,
    "operatingExpenses": 17316000,
    "costAndExpenses": 24673000,
    "interestIncome": 0,
    "interestExpense": 425000,
    "depreciationAndAmortization": 705000,
    "ebitda": 13802000,
    "ebitdaratio": 0.3235500961,
    "operatingIncome": 17985000,
    "operatingIncomeRatio": 0.4216090768,
    "totalOtherIncomeExpensesNet": -5313000,
    "incomeBeforeTax": 12672000,
    "incomeBeforeTaxRatio": 0.2970603404,
    "incomeTaxExpense": 7022000,
    "netIncome": 5650000,
    "netIncomeRatio": 0.1324487787,
    "eps": 0.012,
    "epsdiluted": 0.011,
    "weightedAverageShsOut": 472820000,
    "weightedAverageShsOutDil": 497920000,
    "link": "",
    "finalLink": ""
  },
  {
    "date": "2015-09-30",
    "symbol": "TTD",
    "reportedCurrency": "USD",
    "cik": "0001671933",
    "fillingDate": "2015-09-30",
    "acceptedDate": "2015-09-29 20:00:00",
    "calendarYear": "2015",
    "period": "Q3",
    "revenue": 28768000,
    "costOfRevenue": 5968000,
    "grossProfit": 22800000,
    "grossProfitRatio": 0.7925472747,
    "researchAndDevelopmentExpenses": 3411000,
    "generalAndAdministrativeExpenses": 3359000,
    "sellingAndMarketingExpenses": 6838000,
    "sellingGeneralAndAdministrativeExpenses": 10197000,
    "otherExpenses": 0,
    "operatingExpenses": 13608000,
    "costAndExpenses": 19576000,
    "interestIncome": 0,
    "interestExpense": 295000,
    "depreciationAndAmortization": 430000,
    "ebitda": 8541000,
    "ebitdaratio": 0.2968923804,
    "operatingIncome": 9192000,
    "operatingIncomeRatio": 0.3195216908,
    "totalOtherIncomeExpensesNet": -1376000,
    "incomeBeforeTax": 7816000,
    "incomeBeforeTaxRatio": 0.2716907675,
    "incomeTaxExpense": 3211000,
    "netIncome": 4605000,
    "netIncomeRatio": 0.160073693,
    "eps": 0.0031,
    "epsdiluted": 0.0029,
    "weightedAverageShsOut": 472816000,
    "weightedAverageShsOutDil": 497916000,
    "link": "",
    "finalLink": ""
  },
  {
    "date": "2015-06-30",
    "symbol": "TTD",
    "reportedCurrency": "USD",
    "cik": "0001671933",
    "fillingDate": "2015-06-30",
    "acceptedDate": "2015-06-29 20:00:00",
    "calendarYear": "2015",
    "period": "Q2",
    "revenue": 24452000,
    "costOfRevenue": 5121000,
    "grossProfit": 19331000,
    "grossProfitRatio": 0.7905692786,
    "researchAndDevelopmentExpenses": 2817000,
    "generalAndAdministrativeExpenses": 2648000,
    "sellingAndMarketingExpenses": 6725000,
    "sellingGeneralAndAdministrativeExpenses": 9373000,
    "otherExpenses": 0,
    "operatingExpenses": 12669000,
    "costAndExpenses": 17790000,
    "interestIncome": 227000,
    "interestExpense": 0,
    "depreciationAndAmortization": 370000,
    "ebitda": 7511000,
    "ebitdaratio": 0.3071732374,
    "operatingIncome": 7141000,
    "operatingIncomeRatio": 0.2920415508,
    "totalOtherIncomeExpensesNet": -706000,
    "incomeBeforeTax": 6435000,
    "incomeBeforeTaxRatio": 0.263168657,
    "incomeTaxExpense": 2548000,
    "netIncome": 4994000,
    "netIncomeRatio": 0.2042368722,
    "eps": 0.0305,
    "epsdiluted": 0.0305,
    "weightedAverageShsOut": 163690000,
    "weightedAverageShsOutDil": 163690000,
    "link": null,
    "finalLink": null
  },
  {
    "date": "2015-03-31",
    "symbol": "TTD",
    "reportedCurrency": "USD",
    "cik": "0001671933",
    "fillingDate": "2015-03-31",
    "acceptedDate": "2015-03-30 20:00:00",
    "calendarYear": "2015",
    "period": "Q1",
    "revenue": 17958000,
    "costOfRevenue": 4521000,
    "grossProfit": 13437000,
    "grossProfitRatio": 0.7482459071,
    "researchAndDevelopmentExpenses": 2279000,
    "generalAndAdministrativeExpenses": 2529000,
    "sellingAndMarketingExpenses": 4967000,
    "sellingGeneralAndAdministrativeExpenses": 7496000,
    "otherExpenses": 0,
    "operatingExpenses": 10311000,
    "costAndExpenses": 14832000,
    "interestIncome": 194000,
    "interestExpense": 0,
    "depreciationAndAmortization": 323000,
    "ebitda": 3985000,
    "ebitdaratio": 0.2219066711,
    "operatingIncome": 3662000,
    "operatingIncomeRatio": 0.2039202584,
    "totalOtherIncomeExpensesNet": -730000,
    "incomeBeforeTax": 2932000,
    "incomeBeforeTaxRatio": 0.1632698519,
    "incomeTaxExpense": 1145000,
    "netIncome": 476000,
    "netIncomeRatio": 0.0265062925,
    "eps": 0.003,
    "epsdiluted": 0.0036,
    "weightedAverageShsOut": 158666666,
    "weightedAverageShsOutDil": 130876665,
    "link": null,
    "finalLink": null
  }
]